{"path_per_floor":["M","M","M","?","$","R","M","E","T","R","E","M","R","?","R","B",null,"M","?","$","M","$","R","?","E","T","R"],"character_chosen":"IRONCLAD","items_purchased":["Feel No Pain","Whirlwind","Metallicize"],"gold_per_floor":[114,133,151,151,76,76,86,111,136,136,194,213,213,236,236,332,332,348,348,181,191,39,39,39,72,72,72,72],"floor_reached":28,"campfire_rested":2,"playtime":1758,"current_hp_per_floor":[77,76,78,62,62,62,55,28,28,28,26,24,24,15,39,29,67,46,46,46,50,50,50,50,17,17,41,0],"items_purged":["Strike_R","Strike_R"],"gold":72,"score":366,"play_id":"c67909dc-0584-4cc4-aa82-0bd99d276afe","local_time":"20180505164612","is_prod":false,"is_daily":false,"chose_seed":false,"is_ascension_mode":true,"campfire_upgraded":4,"timestamp":1525553172,"path_taken":["M","M","M","?","?","R","?","E","T","R","E","M","R","?","R","BOSS","M","?","$","M","$","R","?","E","T","R","E"],"build_version":"2018-05-03","seed_source_timestamp":324246007061736,"purchased_purges":3,"victory":false,"master_deck":["Strike_R","Strike_R+1","Strike_R+1","Defend_R","Defend_R+1","Defend_R","Defend_R","Bash+1","AscendersBane","Bludgeon+1","Second Wind","Pommel Strike+1","Armaments+1","True Grit","Shrug It Off","Reaper","Warcry+1","Feel No Pain","Whirlwind+1","Metallicize","True Grit+1"],"max_hp_per_floor":[80,80,80,80,80,80,80,80,80,80,80,80,80,80,80,80,80,80,80,80,80,80,80,80,80,80,80,80],"relics":["Burning Blood","Bag of Preparation","Whetstone","Tiny Chest","Odd Mushroom","Sozu","Ice Cream","Happy Flower","Blue Candle"],"card_choices":[{"not_picked":["Sentinel","Thunderclap"],"picked":"Second Wind","floor":1},{"not_picked":["Spot Weakness","Carnage"],"picked":"Pommel Strike","floor":2},{"not_picked":["Shockwave","Perfected Strike"],"picked":"Armaments","floor":3},{"not_picked":["Armaments","Havoc"],"picked":"True Grit","floor":7},{"not_picked":["Warcry","Limit Break"],"picked":"Shrug It Off","floor":14},{"not_picked":["Fiend Fire","Exhume"],"picked":"Reaper","floor":16},{"not_picked":["Sentinel","Entrench"],"picked":"Warcry","floor":18},{"not_picked":["Clothesline","Anger"],"picked":"True Grit","floor":25}],"player_experience":502453,"potions_floor_usage":[8,11,14,28],"damage_taken":[{"damage":1,"enemies":"Cultist","floor":1,"turns":3},{"damage":7,"enemies":"Jaw Worm","floor":2,"turns":2},{"damage":4,"enemies":"Small Slimes","floor":3,"turns":3},{"damage":13,"enemies":"Exordium Thugs","floor":7,"turns":5},{"damage":33,"enemies":"Lagavulin","floor":8,"turns":7},{"damage":8,"enemies":"Gremlin Nob","floor":11,"turns":3},{"damage":8,"enemies":"Red Slaver","floor":12,"turns":5},{"damage":15,"enemies":"The Mushroom Lair","floor":14,"turns":3},{"damage":16,"enemies":"Slime Boss","floor":16,"turns":14},{"damage":27,"enemies":"Spheric Guardian","floor":18,"turns":6},{"damage":10,"enemies":"2 Thieves","floor":21,"turns":4},{"damage":39,"enemies":"Book of Stabbing","floor":25,"turns":7},{"damage":55,"enemies":"Gremlin Leader","floor":28,"turns":5}],"event_choices":[{"event_name":"Shining Light","player_choice":"Entered Light","floor":4,"damage_taken":0},{"event_name":"Mushrooms","player_choice":"Fought Mushrooms","floor":14,"damage_taken":0},{"event_name":"The Mausoleum","player_choice":"Yes","floor":19,"damage_taken":0},{"event_name":"Addict","player_choice":"Ignored","floor":24,"damage_taken":0}],"boss_relics":[{"not_picked":["Astrolabe","Black Blood"],"picked":"Sozu"}],"potions_floor_spawned":[1,2,7,8,12,18,25],"seed_played":"-2718687359390445973","killed_by":"Gremlin Leader","ascension_level":10,"is_trial":false}