{"gold_per_floor":[119,29,42,55,70,70,90,90,136,136,156,171,190,216,216,313,313,324,324,42,53,65,65,90,90,169,181,195,195,211,246,246,350,350,369,369,388,488,79,109,109,142,142,160,173,173,173,192,192,192],"floor_reached":51,"playtime":5084,"items_purged":["Defend_B","Defend_B"],"score":823,"play_id":"8953bdfe-45f2-42c8-ba10-5742ab77ad0f","local_time":"20190211220228","is_ascension_mode":true,"campfire_choices":[{"data":"Discovery","floor":6,"key":"SMITH"},{"data":"Genetic Algorithm","floor":8,"key":"SMITH"},{"data":"Zap","floor":10,"key":"SMITH"},{"data":"Creative AI","floor":15,"key":"SMITH"},{"data":"Coolheaded","floor":23,"key":"SMITH"},{"data":"Doom and Gloom","floor":25,"key":"SMITH"},{"data":"Defragment","floor":29,"key":"SMITH"},{"floor":32,"key":"REST"},{"floor":41,"key":"REST"},{"floor":47,"key":"REST"},{"floor":49,"key":"REST"}],"neow_cost":"NONE","seed_source_timestamp":693674379887728,"circlet_count":0,"master_deck":["Strike_B+1","Strike_B","Defend_B","Defend_B","Zap+1","Dualcast","Barrage+1","Coolheaded+1","Discovery+1","Doom and Gloom+1","Leap","Genetic Algorithm+1","Gash","Steam","Defragment+1","Gash","Creative AI+1","Undo+1","White Noise+1","Hologram+1","Stack","Coolheaded","Echo Form","FTL","Coolheaded+1","Hologram","Beam Cell+1","Melter","Madness","Madness","Double Energy+1","Hologram+1","Skim","Heatsinks","Multi-Cast","Coolheaded+1","Darkness+1"],"relics":["Cracked Core","Whetstone","Bottled Tornado","Philosopher\u0027s Stone","Runic Capacitor","Bag of Marbles","Mercury Hourglass","Anchor","Orrery","WingedGreaves","Ancient Tea Set","Ginger","Unceasing Top","Dodecahedron"],"potions_floor_usage":[16,22,24,31,40,45,45,48,50],"damage_taken":[{"damage":0,"enemies":"2 Louse","floor":1,"turns":2},{"damage":0,"enemies":"Cultist","floor":3,"turns":3},{"damage":5,"enemies":"Small Slimes","floor":4,"turns":3},{"damage":1,"enemies":"Blue Slaver","floor":5,"turns":4},{"damage":12,"enemies":"2 Fungi Beasts","floor":7,"turns":4},{"damage":0,"enemies":"Looter","floor":11,"turns":2},{"damage":2,"enemies":"Red Slaver","floor":12,"turns":3},{"damage":1,"enemies":"Blue Slaver","floor":13,"turns":4},{"damage":5,"enemies":"Lagavulin","floor":14,"turns":8},{"damage":1,"enemies":"Hexaghost","floor":16,"turns":9},{"damage":14,"enemies":"2 Thieves","floor":18,"turns":5},{"damage":2,"enemies":"Spheric Guardian","floor":21,"turns":4},{"damage":26,"enemies":"Cultist and Chosen","floor":22,"turns":7},{"damage":18,"enemies":"Gremlin Leader","floor":24,"turns":6},{"damage":1,"enemies":"Centurion and Healer","floor":27,"turns":4},{"damage":0,"enemies":"Snake Plant","floor":28,"turns":4},{"damage":0,"enemies":"3 Cultists","floor":30,"turns":4},{"damage":8,"enemies":"Book of Stabbing","floor":31,"turns":5},{"damage":12,"enemies":"Automaton","floor":33,"turns":8},{"damage":10,"enemies":"3 Shapes","floor":35,"turns":3},{"damage":10,"enemies":"3 Darklings","floor":37,"turns":6},{"damage":4,"enemies":"Mind Bloom Boss Battle","floor":38,"turns":6},{"damage":5,"enemies":"Reptomancer","floor":40,"turns":6},{"damage":14,"enemies":"Giant Head","floor":42,"turns":7},{"damage":0,"enemies":"Transient","floor":44,"turns":5},{"damage":13,"enemies":"Jaw Worm Horde","floor":45,"turns":4},{"damage":5,"enemies":"Maw","floor":48,"turns":6},{"damage":18,"enemies":"Donu and Deca","floor":50,"turns":8}],"seed_played":"3086293686477811866","potions_obtained":[{"floor":1,"key":"Weak Potion"},{"floor":5,"key":"EssenceOfSteel"},{"floor":7,"key":"Swift Potion"},{"floor":12,"key":"EssenceOfSteel"},{"floor":24,"key":"Block Potion"},{"floor":27,"key":"Fire Potion"},{"floor":30,"key":"PowerPotion"},{"floor":31,"key":"Explosive Potion"},{"floor":42,"key":"Explosive Potion"},{"floor":48,"key":"Weak Potion"}],"is_trial":false,"path_per_floor":["M","$","M","M","M","R","M","R","T","R","M","M","M","E","R","B",null,"M","?","$","M","M","R","E","R","T","M","M","R","M","E","R","B",null,"M","?","M","?","$","E","R","E","T","M","M","?","R","M","R","B",null],"character_chosen":"DEFECT","items_purchased":["Discovery","Runic Capacitor","Skim","Ancient Tea Set","Heatsinks"],"campfire_rested":4,"item_purchase_floors":[2,20,39,39,39],"current_hp_per_floor":[75,75,75,70,69,69,57,57,57,57,57,55,54,49,49,48,75,61,85,85,83,57,57,39,39,39,38,38,38,38,30,55,43,85,75,64,54,50,50,45,70,56,56,56,43,43,68,63,85,67],"gold":192,"neow_bonus":"TRANSFORM_CARD","is_prod":false,"is_daily":false,"chose_seed":false,"campfire_upgraded":7,"win_rate":0,"timestamp":1549918948,"path_taken":["M","$","M","M","M","R","M","R","T","R","M","M","M","E","R","BOSS","M","?","$","M","?","R","E","R","T","M","M","R","M","E","R","BOSS","M","?","M","?","$","E","R","E","T","M","M","?","R","M","R","BOSS"],"build_version":"2019-01-23","purchased_purges":2,"victory":true,"max_hp_per_floor":[75,75,75,75,75,75,75,75,75,75,75,75,75,75,75,75,75,75,85,85,85,85,85,85,85,85,85,85,85,85,85,85,85,85,85,85,85,85,85,85,85,85,85,85,85,85,85,85,85,85],"card_choices":[{"not_picked":["Heatsinks","Beam Cell"],"picked":"Coolheaded","floor":1},{"not_picked":["Cold Snap","Rip and Tear"],"picked":"Doom and Gloom","floor":3},{"not_picked":["Ball Lightning","Turbo"],"picked":"Leap","floor":4},{"not_picked":["Steam","Redo"],"picked":"Genetic Algorithm","floor":5},{"not_picked":["Reinforced Body","Double Energy"],"picked":"Gash","floor":7},{"not_picked":["Biased Cognition","Lockon"],"picked":"Steam","floor":11},{"not_picked":["Lockon","Streamline"],"picked":"Defragment","floor":12},{"not_picked":["Go for the Eyes","Force Field"],"picked":"Gash","floor":13},{"not_picked":["Capacitor","Hyperbeam"],"picked":"Creative AI","floor":14},{"not_picked":["Thunder Strike","Rainbow"],"picked":"Fission","floor":16},{"not_picked":["Steam Power","Steam"],"picked":"Undo+1","floor":18},{"not_picked":["Storm","Streamline+1"],"picked":"White Noise+1","floor":21},{"not_picked":["Streamline","Rebound"],"picked":"Hologram+1","floor":22},{"not_picked":["Beam Cell","Streamline+1"],"picked":"Stack","floor":24},{"not_picked":["Genetic Algorithm","Gash"],"picked":"Coolheaded","floor":27},{"not_picked":["Rebound+1","Glacier","Conserve Battery"],"picked":"SKIP","floor":28},{"not_picked":["Heatsinks","Fusion","Streamline"],"picked":"SKIP","floor":30},{"not_picked":["Amplify","Stack","Aggregate"],"picked":"SKIP","floor":31},{"not_picked":["Reboot","Biased Cognition"],"picked":"Echo Form","floor":33},{"not_picked":["Cold Snap","Streamline"],"picked":"FTL","floor":34},{"not_picked":["Redo+1","Heatsinks+1"],"picked":"Coolheaded+1","floor":34},{"not_picked":["Multi-Cast","Leap+1"],"picked":"Hologram","floor":34},{"not_picked":["Stack","Conserve Battery+1"],"picked":"Beam Cell+1","floor":34},{"not_picked":["Beam Cell","Hologram"],"picked":"Melter","floor":35},{"not_picked":["Barrage","Cold Snap+1"],"picked":"Double Energy+1","floor":37},{"not_picked":["Barrage+1","Fission"],"picked":"Hologram+1","floor":38},{"not_picked":["White Noise+1","Ball Lightning"],"picked":"Multi-Cast","floor":40},{"not_picked":["Cold Snap","Streamline+1"],"picked":"Coolheaded+1","floor":42},{"not_picked":["Hologram","Turbo","Go for the Eyes+1"],"picked":"SKIP","floor":44},{"not_picked":["Stack+1","Tempest+1","Barrage"],"picked":"SKIP","floor":45},{"not_picked":["All For One","Barrage+1"],"picked":"Darkness+1","floor":48}],"player_experience":262465,"relics_obtained":[{"floor":9,"key":"Whetstone"},{"floor":14,"key":"Bottled Tornado"},{"floor":24,"key":"Bag of Marbles"},{"floor":26,"key":"Mercury Hourglass"},{"floor":31,"key":"Anchor"},{"floor":38,"key":"WingedGreaves"},{"floor":40,"key":"Ginger"},{"floor":42,"key":"Unceasing Top"},{"floor":43,"key":"Dodecahedron"}],"event_choices":[{"cards_removed":["Fission"],"damage_healed":14,"gold_gain":0,"player_choice":"Offered Rare","damage_taken":0,"max_hp_gain":10,"max_hp_loss":0,"event_name":"Bonfire Elementals","floor":19,"gold_loss":0},{"damage_healed":0,"gold_gain":0,"player_choice":"Embrace Madness","damage_taken":11,"max_hp_gain":0,"max_hp_loss":0,"event_name":"Winding Halls","floor":36,"gold_loss":0,"cards_obtained":["Madness","Madness"]},{"damage_healed":0,"gold_gain":0,"player_choice":"Fight","damage_taken":0,"max_hp_gain":0,"max_hp_loss":0,"event_name":"MindBloom","floor":38,"gold_loss":0},{"cards_removed":["Strike_B"],"damage_healed":0,"gold_gain":0,"player_choice":"Removed Attack","damage_taken":0,"max_hp_gain":0,"max_hp_loss":0,"event_name":"Falling","floor":46,"gold_loss":0}],"is_beta":false,"boss_relics":[{"not_picked":["Runic Pyramid","Pandora\u0027s Box"],"picked":"Philosopher\u0027s Stone"},{"not_picked":["Cursed Key","Runic Dome"],"picked":"Orrery"}],"items_purged_floors":[20,39],"is_endless":false,"potions_floor_spawned":[1,5,7,12,24,27,30,31,35,38,42,48],"ascension_level":2}