{"path_per_floor":["M","?","M","?","M","E","M","M","T","E","M","E","R","M","R","B",null,"M","M","M","M","M","R","M","M","T","M","R","M","M","?","R","B",null,"M","?","M","?","M","R","E","R","T","M","R","M","$"],"character_chosen":"THE_SILENT","items_purchased":[],"gold_per_floor":[99,60,60,20,20,20,20,20,20,20,20,20,20,20,20,20,20,20,20,20,20,20,20,20,20,20,20,20,20,20,20,20,20,20,20,20,20,20,20,20,20,20,20,20,20,20,20,20],"floor_reached":48,"campfire_rested":5,"playtime":6276,"current_hp_per_floor":[70,70,70,70,70,59,51,49,49,46,46,43,43,43,43,35,70,70,69,67,57,31,31,29,21,21,12,33,30,40,40,61,44,70,42,33,33,33,11,32,9,30,30,17,38,26,26,0],"items_purged":[],"gold":20,"score":519,"play_id":"1e2a8e6e-e564-4448-a3ed-09a02aa9d077","local_time":"20180407205846","is_prod":false,"is_daily":false,"is_ascension_mode":false,"campfire_upgraded":3,"timestamp":1523127526,"path_taken":["M","?","M","?","M","E","M","M","T","E","M","E","R","M","R","BOSS","M","M","M","M","M","R","M","M","T","M","R","M","M","?","R","BOSS","M","?","M","?","M","R","E","R","T","M","R","M","?","M"],"build_version":"2018-04-05v2","purchased_purges":0,"victory":false,"master_deck":["Survivor","Neutralize","Flechettes+1","Envenom+1","Blade Dance","Backflip","Bouncing Flask","Endless Agony","Burst","Dagger Throw","Noxious Fumes","Bullet Time+1","Deflect+1","Predator+1","Skewer+1","Prepared+1","Dash+1","Acrobatics","Doppelganger","Predator","Escape Plan","Cloak And Dagger+1","Expertise+1","Envenom","Underhanded Strike","Underhanded Strike","Dagger Throw","Predator","Slice","Dagger Throw","Dodge and Roll+1","Finisher+1","Madness+1","Madness+1","Flechettes+1","PiercingWail+1","Prepared+1","Infinite Blades","Endless Agony+1"],"max_hp_per_floor":[70,70,70,70,70,70,70,70,70,70,70,70,70,70,70,70,70,70,70,70,70,70,70,70,70,70,70,70,70,70,70,70,70,70,70,70,70,70,70,70,70,70,70,70,70,70,70,70],"relics":["Ectoplasm","Gambling Chip","The Specimen","Ornamental Fan","Lantern","Astrolabe","Toxic Egg 2","Pandora\u0027s Box","Ninja Scroll","Thread and Needle"],"card_choices":[{"not_picked":["Dagger Spray","Deadly Poison"],"picked":"Backflip","floor":1},{"not_picked":["Deflect","Dagger Spray"],"picked":"Flechettes","floor":3},{"not_picked":["Prepared","All Out Attack"],"picked":"Envenom","floor":5},{"not_picked":["Doppelganger","Flying Knee"],"picked":"Blade Dance","floor":6},{"not_picked":["Malaise","Calculated Gamble"],"picked":"Backflip","floor":7},{"not_picked":["Poisoned Stab","Deadly Poison"],"picked":"Bouncing Flask","floor":8},{"not_picked":["Quick Slash","All Out Attack"],"picked":"Endless Agony","floor":10},{"not_picked":["Masterful Stab","Acrobatics"],"picked":"Burst","floor":11},{"not_picked":["Underhanded Strike","Deflect"],"picked":"Dagger Throw","floor":12},{"not_picked":["PiercingWail","Backstab"],"picked":"Noxious Fumes","floor":14},{"not_picked":["Corpse Explosion","After Image"],"picked":"Bullet Time","floor":16},{"not_picked":["Outmaneuver","All Out Attack"],"picked":"Prepared","floor":18},{"not_picked":["Dodge and Roll","Terror"],"picked":"Dash","floor":20},{"not_picked":["Prepared","Flying Knee"],"picked":"Acrobatics","floor":21},{"not_picked":["Flying Knee","Leg Sweep"],"picked":"Doppelganger","floor":22},{"not_picked":["Dagger Throw","PiercingWail"],"picked":"Predator","floor":24},{"not_picked":["Poisoned Stab","Quick Slash"],"picked":"Escape Plan","floor":25},{"not_picked":["Leg Sweep","Deadly Poison"],"picked":"Cloak And Dagger","floor":27},{"not_picked":["Accuracy","Cloak And Dagger"],"picked":"Expertise","floor":29},{"not_picked":["Wraith Form","A Thousand Cuts"],"picked":"Envenom","floor":33},{"not_picked":["Deadly Poison","Eviscerate"],"picked":"Finisher","floor":35},{"not_picked":["Malaise","Bane"],"picked":"Flechettes","floor":37},{"not_picked":["Caltrops","Noxious Fumes"],"picked":"PiercingWail","floor":39},{"not_picked":["Masterful Stab","Sucker Punch"],"picked":"Prepared","floor":41},{"not_picked":["Flying Knee","Underhanded Strike"],"picked":"Infinite Blades","floor":44},{"not_picked":["Flying Knee","Dagger Spray"],"picked":"Endless Agony","floor":46}],"player_experience":75777,"potions_floor_usage":[6,10,16,20,27,27,30,33,33,33,48],"damage_taken":[{"damage":0,"enemies":"2 Louse","floor":1,"turns":2},{"damage":0,"enemies":"Small Slimes","floor":3,"turns":3},{"damage":0,"enemies":"Cultist","floor":5,"turns":3},{"damage":11,"enemies":"Gremlin Nob","floor":6,"turns":3},{"damage":8,"enemies":"3 Louse","floor":7,"turns":3},{"damage":2,"enemies":"Blue Slaver","floor":8,"turns":4},{"damage":3,"enemies":"Lagavulin","floor":10,"turns":5},{"damage":0,"enemies":"Large Slime","floor":11,"turns":4},{"damage":3,"enemies":"3 Sentries","floor":12,"turns":6},{"damage":0,"enemies":"Lots of Slimes","floor":14,"turns":4},{"damage":8,"enemies":"Slime Boss","floor":16,"turns":8},{"damage":0,"enemies":"Chosen","floor":18,"turns":3},{"damage":1,"enemies":"Spheric Guardian","floor":19,"turns":3},{"damage":2,"enemies":"3 Cultists","floor":20,"turns":5},{"damage":10,"enemies":"Centurion and Healer","floor":21,"turns":6},{"damage":26,"enemies":"Snake Plant","floor":22,"turns":4},{"damage":2,"enemies":"Cultist and Chosen","floor":24,"turns":5},{"damage":8,"enemies":"3 Cultists","floor":25,"turns":4},{"damage":21,"enemies":"Centurion and Healer","floor":27,"turns":5},{"damage":3,"enemies":"Snake Plant","floor":29,"turns":4},{"damage":2,"enemies":"Snecko","floor":30,"turns":5},{"damage":26,"enemies":"Collector","floor":33,"turns":8},{"damage":28,"enemies":"3 Darklings","floor":35,"turns":6},{"damage":0,"enemies":"3 Shapes","floor":37,"turns":4},{"damage":22,"enemies":"3 Darklings","floor":39,"turns":5},{"damage":23,"enemies":"Nemesis","floor":41,"turns":7},{"damage":13,"enemies":"4 Shapes","floor":44,"turns":5},{"damage":12,"enemies":"Maw","floor":46,"turns":7},{"damage":26,"enemies":"3 Darklings","floor":48,"turns":2}],"event_choices":[{"event_name":"World of Goop","player_choice":"Left","floor":2,"damage_taken":0},{"event_name":"The Woman in Blue","player_choice":"Bought 3 Potions","floor":4,"damage_taken":0},{"event_name":"Drug Dealer","player_choice":"Ignored","floor":31,"damage_taken":0},{"event_name":"Winding Halls","player_choice":"Embrace Madness","floor":36,"damage_taken":0}],"boss_relics":[{"not_picked":["Black Star","White Beast Statue"],"picked":"Astrolabe"},{"not_picked":["Sozu","Orrery"],"picked":"Pandora\u0027s Box"}],"potions_floor_spawned":[6,7,8,12,16,18,19,20,22,27,29,30,35],"seed_played":"3800727317397240385","killed_by":"3 Darklings","ascension_level":0,"is_trial":false}