{"gold_per_floor":[112,128,42,42,61,61,94,94,121,131,2,17,17,34,34,105,105,117,127,52,52,52,52,67,78,148,63,63,81,92,92,92,167,167,181,40,53,65,165,165,196,196,222,10,10,26,26,0,0,0],"floor_reached":51,"playtime":3182,"items_purged":["Strike_B","Writhe","Double Energy"],"score":1210,"play_id":"cd8adcfe-840b-4a5b-ba21-7c2fa8be494d","local_time":"20190126181058","is_ascension_mode":true,"campfire_choices":[{"data":"Zap","floor":6,"key":"SMITH"},{"floor":13,"key":"REST"},{"data":"Defragment","floor":15,"key":"SMITH"},{"floor":23,"key":"REST"},{"floor":32,"key":"REST"},{"floor":40,"key":"REST"},{"floor":42,"key":"REST"},{"floor":45,"key":"REST"},{"floor":49,"key":"REST"}],"neow_cost":"NONE","seed_source_timestamp":430653805438552,"circlet_count":0,"master_deck":["AscendersBane","Zap+1","Dualcast","Doom and Gloom+1","Steam","Capacitor","Coolheaded","Chill","BootSequence","Glacier","Defragment+1","Coolheaded","Ball Lightning","Barrage","Self Repair","Echo Form","White Noise","Cold Snap","Leap","Streamline+1","Coolheaded+1","Rebound","Seek","Multi-Cast","Gash","Rip and Tear","Loop","Undo","Chill","Glacier+1","FTL+1","Barrage","Capacitor","Compile Driver+1","Barrage","Conserve Battery"],"relics":["Cracked Core","Blood Vial","Dream Catcher","Fusion Hammer","Gremlin Horn","Cables","Letter Opener","Pandora\u0027s Box","Pocketwatch","Torii","Smiling Mask","Strawberry","Juzu Bracelet","Red Mask"],"potions_floor_usage":[16,16,19,33,41,41,50],"damage_taken":[{"damage":6,"enemies":"Cultist","floor":1,"turns":3},{"damage":3,"enemies":"2 Louse","floor":2,"turns":2},{"damage":8,"enemies":"Jaw Worm","floor":5,"turns":4},{"damage":11,"enemies":"Lagavulin","floor":7,"turns":7},{"damage":8,"enemies":"Large Slime","floor":10,"turns":6},{"damage":0,"enemies":"Looter","floor":12,"turns":2},{"damage":0,"enemies":"3 Louse","floor":14,"turns":3},{"damage":1,"enemies":"Hexaghost","floor":16,"turns":8},{"damage":20,"enemies":"2 Thieves","floor":18,"turns":5},{"damage":20,"enemies":"Shell Parasite","floor":19,"turns":5},{"damage":16,"enemies":"Shelled Parasite and Fungi","floor":24,"turns":8},{"damage":13,"enemies":"3 Cultists","floor":25,"turns":6},{"damage":0,"enemies":"Snecko","floor":29,"turns":5},{"damage":47,"enemies":"Shelled Parasite and Fungi","floor":30,"turns":5},{"damage":35,"enemies":"Collector","floor":33,"turns":9},{"damage":24,"enemies":"3 Darklings","floor":35,"turns":5},{"damage":0,"enemies":"Orb Walker","floor":37,"turns":4},{"damage":22,"enemies":"Spire Growth","floor":38,"turns":4},{"damage":0,"enemies":"Mind Bloom Boss Battle","floor":39,"turns":10},{"damage":1,"enemies":"Giant Head","floor":41,"turns":8},{"damage":10,"enemies":"Jaw Worm Horde","floor":46,"turns":6},{"damage":44,"enemies":"Donu and Deca","floor":50,"turns":10}],"seed_played":"2568292303678068925","potions_obtained":[{"floor":2,"key":"Strength Potion"},{"floor":5,"key":"SteroidPotion"},{"floor":12,"key":"LiquidBronze"},{"floor":16,"key":"Regen Potion"},{"floor":18,"key":"FearPotion"},{"floor":24,"key":"Dexterity Potion"},{"floor":37,"key":"SteroidPotion"},{"floor":46,"key":"Dexterity Potion"}],"is_trial":false,"path_per_floor":["M","M","$","?","M","R","E","?","T","M","$","M","R","M","R","B",null,"M","M","$","?","?","R","M","M","T","?","$","M","M","?","R","B",null,"M","$","M","M","?","R","E","R","T","$","R","M","?","?","R","B",null],"character_chosen":"DEFECT","items_purchased":["Capacitor","Defragment","Coolheaded","Chill","Strawberry"],"campfire_rested":7,"item_purchase_floors":[3,11,11,36,44],"current_hp_per_floor":[65,62,62,39,31,31,20,20,20,14,14,16,39,41,41,49,71,60,68,68,68,68,78,69,72,72,72,72,74,36,36,59,40,69,54,54,63,50,59,78,78,78,78,85,85,82,82,82,85,48],"gold":0,"neow_bonus":"TEN_PERCENT_HP_BONUS","is_prod":false,"is_daily":false,"chose_seed":false,"campfire_upgraded":2,"win_rate":0,"timestamp":1548547858,"path_taken":["M","M","$","?","M","R","E","?","T","M","$","M","R","?","R","BOSS","M","M","$","?","?","R","M","M","T","?","$","M","M","?","R","BOSS","M","$","M","M","?","R","E","R","T","$","R","M","?","?","R","BOSS"],"build_version":"2019-01-23","purchased_purges":3,"victory":true,"max_hp_per_floor":[78,78,78,78,78,78,78,78,78,78,78,78,78,78,78,78,78,78,78,78,78,78,78,78,78,78,78,78,78,78,78,78,78,78,78,78,78,78,78,78,78,78,78,85,85,85,85,85,85,85],"card_choices":[{"not_picked":["Sweeping Beam","Auto Shields"],"picked":"Doom and Gloom","floor":1},{"not_picked":["Stack","White Noise"],"picked":"Steam","floor":2},{"not_picked":["Consume","Sweeping Beam"],"picked":"Coolheaded","floor":5},{"not_picked":["Auto Shields","Hello World"],"picked":"Chill","floor":7},{"not_picked":["Skim","Melter"],"picked":"Glacier","floor":10},{"not_picked":["Coolheaded","Reinforced Body"],"picked":"Ball Lightning","floor":12},{"not_picked":["All For One","Hello World"],"picked":"Barrage","floor":13},{"not_picked":["Redo","Tempest"],"picked":"Self Repair","floor":14},{"not_picked":["Meteor Strike","Multi-Cast"],"picked":"Echo Form","floor":16},{"not_picked":["Aggregate","Ball Lightning"],"picked":"White Noise","floor":18},{"not_picked":["Redo","Coolheaded"],"picked":"Cold Snap","floor":19},{"not_picked":["Go for the Eyes","Double Energy"],"picked":"Leap","floor":24},{"not_picked":["BootSequence","Heatsinks"],"picked":"Streamline+1","floor":25},{"not_picked":["Ball Lightning","Stack"],"picked":"Coolheaded+1","floor":29},{"not_picked":["Beam Cell","Undo"],"picked":"Rebound","floor":30},{"not_picked":["Reboot","Echo Form"],"picked":"Seek","floor":33},{"not_picked":["Double Energy","Leap","Self Repair+1"],"picked":"SKIP","floor":35},{"not_picked":["Conserve Battery","Lockon+1"],"picked":"Glacier+1","floor":37},{"not_picked":["Streamline","Reprogram"],"picked":"FTL+1","floor":38},{"not_picked":["Multi-Cast","Darkness"],"picked":"Barrage","floor":39},{"not_picked":["Beam Cell","Ball Lightning"],"picked":"Capacitor","floor":40},{"not_picked":["Hologram","Reprogram+1","Scrape+1"],"picked":"SKIP","floor":41},{"not_picked":["Rebound+1","Gash"],"picked":"Compile Driver+1","floor":42},{"not_picked":["Cold Snap","Go for the Eyes"],"picked":"Barrage","floor":45},{"not_picked":["Cold Snap","Reinforced Body","FTL"],"picked":"SKIP","floor":46},{"not_picked":["Auto Shields","Hologram"],"picked":"Conserve Battery","floor":49}],"player_experience":472492,"relics_obtained":[{"floor":7,"key":"Blood Vial"},{"floor":9,"key":"Dream Catcher"},{"floor":26,"key":"Cables"},{"floor":39,"key":"Pocketwatch"},{"floor":41,"key":"Torii"},{"floor":43,"key":"Smiling Mask"},{"floor":47,"key":"Juzu Bracelet"}],"event_choices":[{"damage_healed":0,"gold_gain":0,"player_choice":"Entered Light","damage_taken":23,"max_hp_gain":0,"max_hp_loss":0,"event_name":"Shining Light","floor":4,"gold_loss":0,"cards_upgraded":["Doom and Gloom","Defend_B"]},{"damage_healed":0,"gold_gain":0,"cards_transformed":["Strike_B"],"player_choice":"Transformed","damage_taken":0,"max_hp_gain":0,"max_hp_loss":0,"event_name":"Transmorgrifier","floor":8,"gold_loss":0,"cards_obtained":["BootSequence"]},{"damage_healed":0,"gold_gain":0,"player_choice":"Opened","damage_taken":0,"relics_obtained":["Gremlin Horn"],"max_hp_gain":0,"max_hp_loss":0,"event_name":"The Mausoleum","floor":21,"gold_loss":0,"cards_obtained":["Writhe"]},{"damage_healed":0,"gold_gain":0,"player_choice":"Ignored","damage_taken":0,"max_hp_gain":0,"max_hp_loss":0,"event_name":"Beggar","floor":22,"gold_loss":0},{"damage_healed":0,"gold_gain":0,"player_choice":"Obtained Relic","damage_taken":0,"relics_obtained":["Letter Opener"],"max_hp_gain":0,"max_hp_loss":0,"event_name":"Addict","floor":27,"gold_loss":85},{"damage_healed":0,"gold_gain":0,"player_choice":"0 cards matched","damage_taken":0,"max_hp_gain":0,"max_hp_loss":0,"event_name":"Match and Keep!","floor":31,"gold_loss":0,"cards_obtained":[]},{"damage_healed":0,"gold_gain":0,"player_choice":"Fight","damage_taken":0,"max_hp_gain":0,"max_hp_loss":0,"event_name":"MindBloom","floor":39,"gold_loss":0},{"damage_healed":0,"gold_gain":0,"player_choice":"Relic","damage_taken":0,"max_hp_gain":0,"max_hp_loss":0,"event_name":"Wheel of Change","floor":47,"gold_loss":0},{"damage_healed":0,"gold_gain":0,"player_choice":"Paid","damage_taken":0,"relics_obtained":["Red Mask"],"max_hp_gain":0,"max_hp_loss":0,"event_name":"Tomb of Lord Red Mask","floor":48,"gold_loss":26}],"is_beta":false,"boss_relics":[{"not_picked":["Astrolabe","Ectoplasm"],"picked":"Fusion Hammer"},{"not_picked":["Inserter","Philosopher\u0027s Stone"],"picked":"Pandora\u0027s Box"}],"items_purged_floors":[20,36,44],"is_endless":false,"potions_floor_spawned":[2,5,12,16,18,24,25,30,37,46],"ascension_level":17}