{"gold_per_floor":[365,330,350,525,525,525,543,543,591,591,622,59,59,87,87,192,192,210,210,235,252,12,43,63,63,63,81,81,100,29,29,29,131,131,149,167,167,92,104,104,132,132,158,258,258,293,515,528,528,528],"floor_reached":51,"playtime":2234,"items_purged":["Strike_B+1"],"score":1282,"play_id":"ce53c8b4-aefd-4b51-8499-eecbfc0d3852","local_time":"20190309075544","is_ascension_mode":true,"campfire_choices":[{"data":"Defragment","floor":6,"key":"SMITH"},{"data":"Zap","floor":8,"key":"SMITH"},{"data":"Dualcast","floor":10,"key":"SMITH"},{"data":"Sunder","floor":13,"key":"SMITH"},{"data":"Loop","floor":15,"key":"SMITH"},{"data":"Electrodynamics","floor":25,"key":"SMITH"},{"data":"Coolheaded","floor":28,"key":"SMITH"},{"data":"Defragment","floor":32,"key":"SMITH"},{"data":"Biased Cognition","floor":40,"key":"SMITH"},{"data":"Hologram","floor":42,"key":"SMITH"},{"floor":45,"key":"REST"},{"data":"Conserve Battery","floor":49,"key":"SMITH"}],"neow_cost":"PERCENT_DAMAGE","seed_source_timestamp":144729342125648,"circlet_count":0,"master_deck":["AscendersBane","Strike_B+1","Strike_B+1","Strike_B+1","Defend_B+1","Defend_B+1","Defend_B+1","Defend_B+1","Zap+1","Dualcast+1","Defragment+1","Sunder+1","Loop+1","Electrodynamics+1","Hologram+1","Cold Snap","Coolheaded+1","Conserve Battery+1","White Noise+1","Defragment+1","Biased Cognition+1","Auto Shields+1","Sunder+1","Defragment+1","Tempest+1","Seek+1"],"relics":["Cracked Core","Potion Belt","Dodecahedron","Sling","Mercury Hourglass","FossilizedHelix","Sozu","Red Mask","OrangePellets","Bottled Lightning","Toxic Egg 2","Philosopher\u0027s Stone","Bronze Scales","Juzu Bracelet","StoneCalendar","Letter Opener"],"potions_floor_usage":[16,16,16,23,33],"damage_taken":[{"damage":0,"enemies":"Small Slimes","floor":1,"turns":2},{"damage":0,"enemies":"2 Louse","floor":3,"turns":3},{"damage":2,"enemies":"Jaw Worm","floor":7,"turns":3},{"damage":21,"enemies":"Gremlin Nob","floor":11,"turns":4},{"damage":5,"enemies":"3 Sentries","floor":14,"turns":4},{"damage":0,"enemies":"Slime Boss","floor":16,"turns":7},{"damage":0,"enemies":"Spheric Guardian","floor":18,"turns":3},{"damage":0,"enemies":"Masked Bandits","floor":20,"turns":3},{"damage":5,"enemies":"Shell Parasite","floor":21,"turns":4},{"damage":22,"enemies":"Slavers","floor":23,"turns":4},{"damage":0,"enemies":"Sentry and Sphere","floor":24,"turns":4},{"damage":0,"enemies":"Shelled Parasite and Fungi","floor":27,"turns":4},{"damage":0,"enemies":"3 Cultists","floor":29,"turns":4},{"damage":35,"enemies":"Collector","floor":33,"turns":8},{"damage":6,"enemies":"3 Darklings","floor":35,"turns":4},{"damage":0,"enemies":"Orb Walker","floor":36,"turns":2},{"damage":0,"enemies":"Sphere and 2 Shapes","floor":39,"turns":3},{"damage":0,"enemies":"Nemesis","floor":41,"turns":7},{"damage":0,"enemies":"Mind Bloom Boss Battle","floor":44,"turns":4},{"damage":0,"enemies":"Giant Head","floor":46,"turns":8},{"damage":0,"enemies":"Spire Growth","floor":48,"turns":3},{"damage":52,"enemies":"Awakened One","floor":50,"turns":15}],"seed_played":"4176192457139161957","potions_obtained":[{"floor":1,"key":"SkillPotion"},{"floor":7,"key":"GamblersBrew"},{"floor":14,"key":"Fire Potion"},{"floor":16,"key":"Weak Potion"}],"is_trial":false,"path_per_floor":["M","?","M","?","?","R","M","R","T","R","E","$","R","E","R","B",null,"M","?","?","M","$","E","M","R","T","M","R","M","$","?","R","B",null,"M","M","?","$","M","R","E","R","T","?","R","E","?","M","R","B",null],"character_chosen":"DEFECT","items_purchased":["Sling","Mercury Hourglass","Loop","Strength Potion","OrangePellets","Coolheaded","Defragment"],"campfire_rested":1,"item_purchase_floors":[12,12,12,12,22,22,30],"current_hp_per_floor":[50,68,68,68,68,68,66,66,66,66,45,45,45,40,40,40,66,66,66,66,61,61,39,39,39,39,39,39,39,39,64,64,29,64,58,58,58,58,58,58,58,58,58,58,75,75,75,75,75,23],"gold":528,"neow_bonus":"TWO_FIFTY_GOLD","is_prod":false,"is_daily":false,"chose_seed":false,"campfire_upgraded":11,"win_rate":0,"timestamp":1552139744,"path_taken":["M","?","M","?","?","R","M","R","T","R","E","$","R","E","R","BOSS","M","?","?","M","$","E","?","R","T","M","R","M","$","?","R","BOSS","M","M","?","$","M","R","E","R","T","?","R","E","?","M","R","BOSS"],"build_version":"2019-01-23","purchased_purges":1,"victory":true,"max_hp_per_floor":[75,75,75,75,75,75,75,75,75,75,75,75,75,75,75,75,75,75,75,75,75,75,75,75,75,75,75,75,75,75,75,75,75,75,75,75,75,75,75,75,75,75,75,75,75,75,75,75,75,75],"card_choices":[{"not_picked":["Beam Cell","Storm"],"picked":"Defragment","floor":1},{"not_picked":["Rebound","Melter","Chill"],"picked":"SKIP","floor":3},{"not_picked":["Sweeping Beam","BootSequence","Turbo"],"picked":"SKIP","floor":7},{"not_picked":["Turbo","Gash"],"picked":"Sunder","floor":11},{"not_picked":["Scrape","Loop","Gash"],"picked":"SKIP","floor":14},{"not_picked":["Creative AI","Multi-Cast"],"picked":"Electrodynamics","floor":16},{"not_picked":["Stack","BootSequence","Blizzard"],"picked":"SKIP","floor":18},{"not_picked":["Beam Cell","Conserve Battery"],"picked":"Hologram","floor":20},{"not_picked":["Auto Shields+1","Stack"],"picked":"Cold Snap","floor":21},{"not_picked":["Loop","Stack"],"picked":"Conserve Battery","floor":23},{"not_picked":["Aggregate","Redo+1","Rip and Tear"],"picked":"SKIP","floor":24},{"not_picked":["Reinforced Body+1","Barrage"],"picked":"White Noise+1","floor":27},{"not_picked":["Cold Snap","Fission+1","Ball Lightning"],"picked":"SKIP","floor":29},{"not_picked":["Fission+1","Electrodynamics"],"picked":"Biased Cognition","floor":33},{"not_picked":["Streamline+1","Rebound"],"picked":"Auto Shields+1","floor":35},{"not_picked":["Turbo+1","Storm+1","Melter"],"picked":"SKIP","floor":36},{"not_picked":["Go for the Eyes","Conserve Battery+1","Gash"],"picked":"SKIP","floor":39},{"not_picked":["Leap+1","Rebound"],"picked":"Sunder+1","floor":41},{"not_picked":["Turbo+1","Ball Lightning+1"],"picked":"Defragment+1","floor":44},{"not_picked":["Melter","Sweeping Beam+1"],"picked":"Tempest+1","floor":46},{"not_picked":["Sweeping Beam+1","Coolheaded+1"],"picked":"Seek+1","floor":48}],"player_experience":327135,"relics_obtained":[{"floor":9,"key":"Potion Belt"},{"floor":11,"key":"Dodecahedron"},{"floor":14,"key":"FossilizedHelix"},{"floor":20,"key":"Red Mask"},{"floor":23,"key":"Bottled Lightning"},{"floor":26,"key":"Toxic Egg 2"},{"floor":41,"key":"Bronze Scales"},{"floor":43,"key":"Juzu Bracelet"},{"floor":44,"key":"StoneCalendar"},{"floor":46,"key":"Letter Opener"}],"event_choices":[{"damage_healed":18,"gold_gain":0,"player_choice":"Healed","damage_taken":0,"max_hp_gain":0,"max_hp_loss":0,"event_name":"The Cleric","floor":2,"gold_loss":35},{"damage_healed":0,"gold_gain":175,"player_choice":"AGREE","damage_taken":0,"max_hp_gain":0,"max_hp_loss":0,"event_name":"Liars Game","floor":4,"gold_loss":0,"cards_obtained":["Doubt"]},{"cards_removed":["Doubt"],"damage_healed":0,"gold_gain":0,"player_choice":"Forget","damage_taken":0,"max_hp_gain":0,"max_hp_loss":0,"event_name":"Living Wall","floor":5,"gold_loss":0},{"damage_healed":0,"gold_gain":0,"player_choice":"Simplicity","damage_taken":0,"max_hp_gain":0,"max_hp_loss":0,"event_name":"Back to Basics","floor":19,"gold_loss":0,"cards_upgraded":["Strike_B","Strike_B","Strike_B","Strike_B","Defend_B","Defend_B","Defend_B","Defend_B"]},{"damage_healed":0,"gold_gain":0,"player_choice":"Fought Bandits","damage_taken":0,"max_hp_gain":0,"max_hp_loss":0,"event_name":"Masked Bandits","floor":20,"gold_loss":0},{"damage_healed":25,"gold_gain":0,"player_choice":"Heal","damage_taken":0,"max_hp_gain":0,"max_hp_loss":0,"event_name":"The Library","floor":31,"gold_loss":0},{"damage_healed":0,"gold_gain":0,"player_choice":"Bought 0 Potions","damage_taken":0,"max_hp_gain":0,"max_hp_loss":0,"event_name":"The Woman in Blue","floor":37,"gold_loss":0},{"damage_healed":0,"gold_gain":0,"player_choice":"Fight","damage_taken":0,"max_hp_gain":0,"max_hp_loss":0,"event_name":"MindBloom","floor":44,"gold_loss":0},{"damage_healed":0,"gold_gain":222,"player_choice":"Wore Mask","damage_taken":0,"max_hp_gain":0,"max_hp_loss":0,"event_name":"Tomb of Lord Red Mask","floor":47,"gold_loss":0}],"is_beta":false,"boss_relics":[{"not_picked":["Cursed Key","FrozenCore"],"picked":"Sozu"},{"not_picked":["Calling Bell","Orrery"],"picked":"Philosopher\u0027s Stone"}],"items_purged_floors":[38],"is_endless":false,"potions_floor_spawned":[1,7,14,16,21,24,27,33,35,39,44],"ascension_level":11}