{"gold_per_floor":[214,225,17,17,29,62,62,74,74,74,74,84,114,129,129,230,230,241,43,43,57,68,68,93,93,93,118,118,33,50,0,0,95,95,115,130,149,162,7,7,35,35,35,64,77,88,88,101,101,101],"floor_reached":51,"playtime":5572,"items_purged":["Strike_G"],"score":1018,"play_id":"92737326-8125-4947-9451-0a62802e6f6b","local_time":"20190130231948","is_ascension_mode":true,"campfire_choices":[{"data":"Neutralize","floor":7,"key":"SMITH"},{"floor":10,"key":"REST"},{"data":"Poisoned Stab","floor":15,"key":"SMITH"},{"floor":23,"key":"REST"},{"data":"A Thousand Cuts","floor":25,"key":"SMITH"},{"floor":32,"key":"REST"},{"floor":40,"key":"REST"},{"floor":47,"key":"REST"},{"floor":49,"key":"REST"}],"neow_cost":"NONE","seed_source_timestamp":792388021208524,"circlet_count":0,"master_deck":["Defend_G","Defend_G","Defend_G","Defend_G","Defend_G","Strike_G","Survivor","Neutralize+1","Footwork","Terror","Dagger Throw","Poisoned Stab+1","Adrenaline","Calculated Gamble","Backflip","A Thousand Cuts+1","Cloak And Dagger","Poisoned Stab","Deflect","Dodge and Roll+1","Crippling Poison","Skewer","Backstab","Decay","Phantasmal Killer+1","Doppelganger+1","Acrobatics+1","Bane+1","Deadly Poison+1","Noxious Fumes+1","Seeing Red+1","Flying Knee","Clumsy","Catalyst+1","Dark Shackles","Warcry"],"relics":["Ring of the Snake","Sling","Ancient Tea Set","Letter Opener","Pocketwatch","Cursed Key","Gremlin Horn","Bronze Scales","The Courier","MutagenicStrength","Ginger","PreservedInsect","Astrolabe","PrismaticShard","Lantern","Molten Egg 2","Paper Crane"],"potions_floor_usage":[8,16,16,21,33,33,41,44,48,50,50],"damage_taken":[{"damage":0,"enemies":"Cultist","floor":1,"turns":4},{"damage":0,"enemies":"2 Louse","floor":2,"turns":3},{"damage":2,"enemies":"Small Slimes","floor":5,"turns":5},{"damage":37,"enemies":"Gremlin Nob","floor":6,"turns":5},{"damage":0,"enemies":"3 Louse","floor":8,"turns":2},{"damage":4,"enemies":"Lots of Slimes","floor":12,"turns":4},{"damage":5,"enemies":"Lagavulin","floor":13,"turns":5},{"damage":0,"enemies":"Blue Slaver","floor":14,"turns":4},{"damage":20,"enemies":"Slime Boss","floor":16,"turns":19},{"damage":0,"enemies":"Chosen","floor":18,"turns":4},{"damage":1,"enemies":"3 Byrds","floor":21,"turns":6},{"damage":26,"enemies":"Snake Plant","floor":22,"turns":6},{"damage":13,"enemies":"Book of Stabbing","floor":24,"turns":5},{"damage":10,"enemies":"Slavers","floor":27,"turns":2},{"damage":4,"enemies":"Chosen and Byrds","floor":30,"turns":5},{"damage":43,"enemies":"Collector","floor":33,"turns":8},{"damage":9,"enemies":"3 Darklings","floor":35,"turns":4},{"damage":7,"enemies":"Orb Walker","floor":36,"turns":3},{"damage":6,"enemies":"Maw","floor":37,"turns":6},{"damage":0,"enemies":"4 Shapes","floor":38,"turns":3},{"damage":23,"enemies":"Nemesis","floor":41,"turns":5},{"damage":3,"enemies":"Giant Head","floor":44,"turns":4},{"damage":14,"enemies":"Sphere and 2 Shapes","floor":45,"turns":5},{"damage":0,"enemies":"Maw","floor":46,"turns":5},{"damage":1,"enemies":"3 Darklings","floor":48,"turns":4},{"damage":54,"enemies":"Time Eater","floor":50,"turns":11}],"seed_played":"1142596779360262300","potions_obtained":[{"floor":2,"key":"Explosive Potion"},{"floor":6,"key":"Block Potion"},{"floor":14,"key":"Block Potion"},{"floor":21,"key":"EssenceOfSteel"},{"floor":22,"key":"Ancient Potion"},{"floor":24,"key":"Block Potion"},{"floor":30,"key":"Explosive Potion"},{"floor":37,"key":"Energy Potion"},{"floor":41,"key":"SkillPotion"},{"floor":46,"key":"EssenceOfSteel"},{"floor":48,"key":"Ancient Potion"}],"is_trial":false,"path_per_floor":["M","M","$","?","M","E","R","M","T","R","?","M","E","M","R","B",null,"M","$","?","M","M","R","E","R","T","E","?","?","M","?","R","B",null,"M","M","M","M","$","R","E","?","T","E","M","M","R","M","R","B",null],"character_chosen":"THE_SILENT","items_purchased":["Sling","Regen Potion","Poisoned Stab","PrismaticShard"],"campfire_rested":6,"item_purchase_floors":[3,19,19,39],"current_hp_per_floor":[63,63,63,63,61,24,24,24,24,45,45,41,36,36,36,16,57,57,57,44,58,32,54,41,41,41,31,31,31,27,27,49,6,56,47,40,34,34,34,55,32,32,32,29,15,15,36,35,56,2],"gold":101,"neow_bonus":"HUNDRED_GOLD","is_prod":false,"is_daily":false,"chose_seed":false,"campfire_upgraded":3,"win_rate":0,"timestamp":1548911988,"path_taken":["M","M","$","?","M","E","R","M","T","R","?","M","E","M","R","BOSS","M","?","?","M","M","R","E","R","T","E","?","?","M","?","R","BOSS","M","M","?","?","$","R","E","?","T","E","?","M","R","M","R","BOSS"],"build_version":"2019-01-23","purchased_purges":1,"victory":true,"max_hp_per_floor":[70,70,70,70,70,70,70,70,70,70,70,70,70,70,70,70,70,70,70,75,75,75,75,75,75,75,75,75,75,75,75,75,75,72,72,72,72,72,72,72,72,72,72,72,72,72,72,72,72,72],"card_choices":[{"not_picked":["Underhanded Strike","Setup"],"picked":"Footwork","floor":1},{"not_picked":["Slice","Deflect"],"picked":"Terror","floor":2},{"not_picked":["Masterful Stab","Prepared"],"picked":"Dagger Throw","floor":5},{"not_picked":["Blade Dance","Dagger Throw"],"picked":"Poisoned Stab","floor":6},{"not_picked":["Backstab","Predator"],"picked":"Adrenaline","floor":8},{"not_picked":["Blur","Flying Knee","Underhanded Strike"],"picked":"SKIP","floor":12},{"not_picked":["Outmaneuver","Blur"],"picked":"Calculated Gamble","floor":13},{"not_picked":["Expertise","Blade Dance"],"picked":"Backflip","floor":14},{"not_picked":["Envenom","Phantasmal Killer"],"picked":"A Thousand Cuts","floor":16},{"not_picked":["Outmaneuver","Poisoned Stab"],"picked":"Cloak And Dagger","floor":18},{"not_picked":["Calculated Gamble","Finisher"],"picked":"Deflect","floor":21},{"not_picked":["Flechettes","Dagger Throw+1"],"picked":"Dodge and Roll+1","floor":22},{"not_picked":["Poisoned Stab","Flying Knee"],"picked":"Crippling Poison","floor":24},{"not_picked":["Finisher","Dagger Throw"],"picked":"Skewer","floor":27},{"not_picked":["Endless Agony","Backflip"],"picked":"Backstab","floor":30},{"not_picked":["Flying Knee","Backstab+1"],"picked":"Acrobatics+1","floor":35},{"not_picked":["Concentrate","Blade Dance"],"picked":"Bane+1","floor":36},{"not_picked":["Backflip","Outmaneuver+1"],"picked":"Deadly Poison+1","floor":37},{"not_picked":["Leg Sweep","Flying Knee"],"picked":"Noxious Fumes+1","floor":38},{"not_picked":["Poisoned Stab","Eviscerate"],"picked":"Seeing Red+1","floor":41},{"not_picked":["Second Wind+1","Doppelganger","Expertise"],"picked":"SKIP","floor":44},{"not_picked":["Rebound+1","Eviscerate+1"],"picked":"Catalyst+1","floor":45},{"not_picked":["Dagger Throw+1","Dramatic Entrance+1"],"picked":"Dark Shackles","floor":46},{"not_picked":["Turbo+1","Dramatic Entrance+1"],"picked":"Warcry","floor":48}],"player_experience":481061,"relics_obtained":[{"floor":6,"key":"Ancient Tea Set"},{"floor":9,"key":"Letter Opener"},{"floor":13,"key":"Pocketwatch"},{"floor":24,"key":"Gremlin Horn"},{"floor":26,"key":"Bronze Scales"},{"floor":27,"key":"The Courier"},{"floor":41,"key":"Lantern"},{"floor":43,"key":"Molten Egg 2"},{"floor":44,"key":"Paper Crane"}],"event_choices":[{"damage_healed":0,"gold_gain":0,"player_choice":"Leave","damage_taken":0,"max_hp_gain":0,"max_hp_loss":0,"event_name":"The Cleric","floor":4,"gold_loss":0},{"damage_healed":0,"gold_gain":0,"player_choice":"Leave","damage_taken":0,"max_hp_gain":0,"max_hp_loss":0,"event_name":"FaceTrader","floor":11,"gold_loss":0},{"damage_healed":0,"gold_gain":0,"player_choice":"Shed Blood","damage_taken":18,"max_hp_gain":5,"max_hp_loss":0,"event_name":"Forgotten Altar","floor":20,"gold_loss":0},{"damage_healed":0,"gold_gain":0,"player_choice":"Inject Mutagens","damage_taken":0,"relics_obtained":["MutagenicStrength"],"max_hp_gain":0,"max_hp_loss":0,"event_name":"Drug Dealer","floor":28,"gold_loss":0},{"damage_healed":0,"gold_gain":0,"player_choice":"Obtained Relic","damage_taken":0,"relics_obtained":["Ginger"],"max_hp_gain":0,"max_hp_loss":0,"event_name":"Addict","floor":29,"gold_loss":85},{"damage_healed":0,"gold_gain":0,"player_choice":"Paid Gold","damage_taken":0,"relics_obtained":["PreservedInsect"],"max_hp_gain":0,"max_hp_loss":0,"event_name":"WeMeetAgain","floor":31,"gold_loss":50},{"damage_healed":0,"gold_gain":0,"cards_transformed":["Strike_G"],"player_choice":"Transformed","damage_taken":0,"max_hp_gain":0,"max_hp_loss":0,"event_name":"Transmorgrifier","floor":42,"gold_loss":0,"cards_obtained":["Flying Knee"]}],"is_beta":false,"boss_relics":[{"not_picked":["White Beast Statue","Velvet Choker"],"picked":"Cursed Key"},{"not_picked":["Tiny House","Lizard Tail"],"picked":"Astrolabe"}],"items_purged_floors":[19],"is_endless":false,"potions_floor_spawned":[2,6,14,21,22,24,30,37,41,46,48],"ascension_level":8}