{"gold_per_floor":[113,188,188,204,204,236,111,111,134,37,66,83,98,98,98,193,193,205,205,222,241,253,281,10,10,10,10,28,127,137,37,37,136,136,155,174,174,249,262,297,297,308,608,628,644,644,664,680,680,680],"floor_reached":50,"playtime":4777,"items_purged":["Strike_B","Defend_B"],"score":607,"play_id":"9bfe5dd6-b770-40e6-9d0a-3a288e56596b","local_time":"20190210204453","is_ascension_mode":true,"campfire_choices":[{"data":"Zap","floor":8,"key":"SMITH"},{"floor":15,"key":"REST"},{"floor":25,"key":"REST"},{"floor":32,"key":"REST"},{"floor":41,"key":"REST"},{"floor":46,"key":"REST"},{"floor":49,"key":"REST"}],"neow_cost":"NONE","seed_source_timestamp":602912149461853,"circlet_count":0,"master_deck":["Strike_B","Defend_B","Zap+1","Dualcast","All For One","Leap","Buffer","Gash","Beam Cell","Coolheaded","Discovery","Skim","Heatsinks+1","Reinforced Body+1","Melter+1","Redo+1","Compile Driver","Defragment","Barrage","Tempest","Seek","Gash","Barrage+1","Aggregate","Conserve Battery+1","Steam","Gash+1","Reinforced Body+1"],"relics":["Cracked Core","Ice Cream","Vajra","Singing Bowl","Dead Branch","Astrolabe","Art of War","Shovel","Runic Capacitor","Gambling Chip","Nunchaku","Lizard Tail","Mercury Hourglass","Old Coin"],"potions_floor_usage":[21,23,23,33,47,48,50,50],"damage_taken":[{"damage":7,"enemies":"Jaw Worm","floor":1,"turns":3},{"damage":0,"enemies":"Small Slimes","floor":4,"turns":3},{"damage":15,"enemies":"Lagavulin","floor":6,"turns":8},{"damage":17,"enemies":"3 Sentries","floor":11,"turns":6},{"damage":0,"enemies":"2 Louse","floor":12,"turns":1},{"damage":2,"enemies":"Blue Slaver","floor":13,"turns":2},{"damage":42,"enemies":"Hexaghost","floor":16,"turns":11},{"damage":14,"enemies":"Shell Parasite","floor":18,"turns":4},{"damage":5,"enemies":"2 Thieves","floor":20,"turns":4},{"damage":4,"enemies":"Snake Plant","floor":21,"turns":3},{"damage":7,"enemies":"Shelled Parasite and Fungi","floor":22,"turns":3},{"damage":24,"enemies":"Gremlin Leader","floor":23,"turns":7},{"damage":23,"enemies":"3 Cultists","floor":28,"turns":6},{"damage":5,"enemies":"Snecko","floor":30,"turns":5},{"damage":56,"enemies":"Automaton","floor":33,"turns":9},{"damage":20,"enemies":"3 Darklings","floor":35,"turns":7},{"damage":3,"enemies":"3 Shapes","floor":36,"turns":3},{"damage":2,"enemies":"Sphere and 2 Shapes","floor":39,"turns":5},{"damage":30,"enemies":"Giant Head","floor":40,"turns":7},{"damage":25,"enemies":"Jaw Worm Horde","floor":42,"turns":4},{"damage":11,"enemies":"Transient","floor":44,"turns":5},{"damage":9,"enemies":"4 Shapes","floor":45,"turns":5},{"damage":14,"enemies":"Jaw Worm Horde","floor":47,"turns":4},{"damage":22,"enemies":"Spire Growth","floor":48,"turns":4},{"damage":102,"enemies":"Awakened One","floor":50,"turns":11}],"seed_played":"-8175747817348835127","potions_obtained":[{"floor":11,"key":"EntropicBrew"},{"floor":12,"key":"EssenceOfSteel"},{"floor":13,"key":"Dexterity Potion"},{"floor":22,"key":"Fruit Juice"},{"floor":33,"key":"Dexterity Potion"},{"floor":40,"key":"Fire Potion"},{"floor":48,"key":"FearPotion"}],"is_trial":false,"path_per_floor":["M","?","?","M","?","E","$","R","T","$","E","M","M","T","R","B",null,"M","?","M","M","M","E","$","R","T","T","M","?","M","$","R","B",null,"M","M","?","?","M","E","R","M","T","M","M","R","M","M","R","B"],"character_chosen":"DEFECT","items_purchased":["Coolheaded","Discovery","Runic Capacitor","Defragment"],"campfire_rested":6,"item_purchase_floors":[7,10,24,24],"current_hp_per_floor":[68,57,57,57,75,60,60,60,60,60,43,45,45,45,68,26,79,65,65,62,60,53,36,36,63,63,63,40,40,35,35,62,6,90,70,67,67,58,58,28,55,32,32,21,12,40,26,4,32,0],"gold":680,"neow_bonus":"ONE_RANDOM_RARE_CARD","is_prod":false,"is_daily":false,"chose_seed":false,"campfire_upgraded":1,"win_rate":0,"timestamp":1549827893,"path_taken":["M","?","?","M","?","E","$","R","T","?","E","?","M","?","R","BOSS","M","?","?","M","?","E","$","R","T","?","M","?","M","$","R","BOSS","M","M","?","?","M","E","R","M","T","?","M","R","M","M","R","BOSS"],"build_version":"2019-01-23","purchased_purges":2,"victory":false,"max_hp_per_floor":[75,75,75,75,75,75,75,75,75,75,75,77,79,79,79,79,79,79,79,81,83,83,90,90,90,90,90,90,90,90,90,90,90,90,90,90,90,90,92,92,92,94,94,94,94,94,94,94,94,94],"card_choices":[{"not_picked":["Rebound","Sunder"],"picked":"Leap","floor":1},{"not_picked":["Hologram","Self Repair"],"picked":"Gash","floor":4},{"not_picked":["Conserve Battery","Fusion"],"picked":"Beam Cell","floor":6},{"not_picked":["Conserve Battery","Cold Snap"],"picked":"Skim","floor":11},{"not_picked":["Conserve Battery","Steam Power","Streamline"],"picked":"Singing Bowl","floor":12},{"not_picked":["Sweeping Beam","Cold Snap","Hyperbeam"],"picked":"Singing Bowl","floor":13},{"not_picked":["Biased Cognition","Hyperbeam"],"picked":"Electrodynamics","floor":16},{"not_picked":["Aggregate","Compile Driver"],"picked":"Redo+1","floor":18},{"not_picked":["Cold Snap+1","Conserve Battery","Chill"],"picked":"Singing Bowl","floor":20},{"not_picked":["Doom and Gloom","Barrage","Steam"],"picked":"Singing Bowl","floor":21},{"not_picked":["Steam","Multi-Cast"],"picked":"Compile Driver","floor":22},{"not_picked":["Consume","Darkness","Redo"],"picked":"Singing Bowl","floor":23},{"not_picked":["Redo","Conserve Battery+1"],"picked":"Barrage","floor":28},{"not_picked":["Hyperbeam","Sweeping Beam"],"picked":"Tempest","floor":30},{"not_picked":["Multi-Cast","Echo Form"],"picked":"Seek","floor":33},{"not_picked":["Capacitor","Cold Snap+1"],"picked":"Gash","floor":35},{"not_picked":["Defragment","Turbo"],"picked":"Barrage+1","floor":36},{"not_picked":["Compile Driver","Heatsinks","Stack+1"],"picked":"Singing Bowl","floor":39},{"not_picked":["Ball Lightning+1","Stack"],"picked":"Aggregate","floor":40},{"not_picked":["Barrage+1","Melter","Coolheaded+1"],"picked":"Singing Bowl","floor":42},{"not_picked":["Steam+1","Turbo+1"],"picked":"Conserve Battery+1","floor":44},{"not_picked":["Barrage","Biased Cognition"],"picked":"Steam","floor":45},{"not_picked":["Cold Snap","Rebound"],"picked":"Gash+1","floor":47},{"not_picked":["Sweeping Beam","Lockon+1"],"picked":"Reinforced Body+1","floor":48}],"player_experience":254164,"relics_obtained":[{"floor":6,"key":"Ice Cream"},{"floor":9,"key":"Vajra"},{"floor":11,"key":"Singing Bowl"},{"floor":14,"key":"Dead Branch"},{"floor":23,"key":"Shovel"},{"floor":26,"key":"Gambling Chip"},{"floor":27,"key":"Nunchaku"},{"floor":40,"key":"Mercury Hourglass"},{"floor":43,"key":"Old Coin"}],"event_choices":[{"damage_healed":0,"gold_gain":75,"player_choice":"Gather Gold","damage_taken":11,"max_hp_gain":0,"max_hp_loss":0,"event_name":"World of Goop","floor":2,"gold_loss":0},{"damage_healed":0,"gold_gain":0,"cards_transformed":["Defend_B"],"player_choice":"Change","damage_taken":0,"max_hp_gain":0,"max_hp_loss":0,"event_name":"Living Wall","floor":3,"gold_loss":0,"cards_obtained":["Buffer"]},{"damage_healed":25,"gold_gain":0,"player_choice":"Banana","damage_taken":0,"max_hp_gain":0,"max_hp_loss":0,"event_name":"Big Fish","floor":5,"gold_loss":0},{"cards_removed":["Electrodynamics"],"damage_healed":0,"gold_gain":0,"player_choice":"Gave Card","damage_taken":0,"relics_obtained":["Art of War"],"max_hp_gain":0,"max_hp_loss":0,"event_name":"WeMeetAgain","floor":19,"gold_loss":0},{"damage_healed":0,"gold_gain":99,"player_choice":"Stole From Cult","damage_taken":0,"max_hp_gain":0,"max_hp_loss":0,"event_name":"Nest","floor":29,"gold_loss":0},{"damage_healed":0,"gold_gain":0,"player_choice":"Ignored","damage_taken":0,"max_hp_gain":0,"max_hp_loss":0,"event_name":"Mysterious Sphere","floor":37,"gold_loss":0},{"damage_healed":0,"gold_gain":75,"player_choice":"Touch","damage_taken":9,"max_hp_gain":0,"max_hp_loss":0,"event_name":"FaceTrader","floor":38,"gold_loss":0}],"is_beta":false,"boss_relics":[{"not_picked":["Runic Pyramid","Pandora\u0027s Box"],"picked":"Astrolabe"},{"not_picked":["Calling Bell","Tiny House"],"picked":"Lizard Tail"}],"items_purged_floors":[7,31],"is_endless":false,"potions_floor_spawned":[11,12,13,18,20,22,33,35,40,44,48],"killed_by":"Awakened One","ascension_level":2}