{"path_per_floor":["M","?","M","?","$","R","M","M","T","M","E","R","E","?","R","B",null,"M","?","M","M","M","M","M"],"character_chosen":"IRONCLAD","items_purchased":[],"gold_per_floor":[20,20,35,35,35,35,55,66,92,108,136,136,164,239,239,336,336,349,349,364,377,393,404,421],"floor_reached":25,"campfire_rested":0,"playtime":2311,"current_hp_per_floor":[90,90,95,95,95,95,96,86,86,91,91,91,78,67,67,28,96,91,91,74,60,53,52,43],"items_purged":[],"gold":421,"play_id":"1e3c39dd-9c68-4cac-85ce-094a3305f191","is_prod":false,"is_daily":false,"campfire_rituals":0,"campfire_upgraded":3,"is_hardmode":false,"path_taken":["M","?","M","?","?","R","M","M","T","M","E","R","E","?","R","BOSS","M","?","M","M","M","?","M","E"],"build_version":"2018-01-18-PROD3","purchased_purges":0,"victory":false,"master_deck":["Strike_R","Strike_R","Strike_R","Strike_R","Defend_R","Defend_R","Defend_R","Defend_R","Bash","Heavy Blade","Fire Breathing","Flex","Shrug It Off","Anger","Disarm","Double Tap","Battle Trance","Offering","Cleave","Writhe","Spot Weakness","Sword Boomerang","Bloodletting","Dark Embrace","Warcry"],"max_hp_per_floor":[96,96,96,96,96,96,96,96,96,96,96,96,96,96,96,96,96,96,96,96,96,96,96,96],"relics":["Burning Blood","Vajra","Champion Belt","Ornamental Fan","Eternal Feather","Prayer Wheel"],"campfire_meditates":0,"card_choices":[{"not_picked":["Blood for Blood","Shockwave"],"picked":"Heavy Blade"},{"not_picked":["Warcry","Perfected Strike"],"picked":"Flex"},{"not_picked":["Body Slam","Shockwave"],"picked":"Shrug It Off"},{"not_picked":["Twin Strike","Flame Barrier"],"picked":"Anger"},{"not_picked":["Clothesline","Seeing Red"],"picked":"Disarm"},{"not_picked":["Sever Soul","Anger"],"picked":"Double Tap"},{"not_picked":["Disarm","Combust"],"picked":"Battle Trance"},{"not_picked":["Barricade","Brutality"],"picked":"Offering"},{"not_picked":["Warcry","Blood for Blood"],"picked":"Cleave"},{"not_picked":["Pommel Strike","Corruption"],"picked":"Spot Weakness"},{"not_picked":["Perfected Strike","Searing Blow"],"picked":"Sword Boomerang"},{"not_picked":["Iron Wave","Armaments"],"picked":"Bloodletting"},{"not_picked":["Twin Strike","Feel No Pain"],"picked":"Dark Embrace"},{"not_picked":["Headbutt","Metallicize"],"picked":"Warcry"}],"player_experience":269578,"potions_floor_usage":[3,10,11,11,22,25,25],"damage_taken":[{"damage":12,"enemies":"2 Louse","floor":1,"turns":3},{"damage":1,"enemies":"Jaw Worm","floor":3,"turns":3},{"damage":2,"enemies":"Small Slimes","floor":7,"turns":4},{"damage":16,"enemies":"Exordium Thugs","floor":8,"turns":6},{"damage":1,"enemies":"Exordium Wildlife","floor":10,"turns":2},{"damage":14,"enemies":"Gremlin Nob","floor":11,"turns":3},{"damage":19,"enemies":"3 Sentries","floor":13,"turns":5},{"damage":45,"enemies":"The Guardian","floor":16,"turns":9},{"damage":11,"enemies":"Shell Parasite","floor":18,"turns":2},{"damage":23,"enemies":"3 Byrds","floor":20,"turns":4},{"damage":20,"enemies":"Snake Plant","floor":21,"turns":3},{"damage":13,"enemies":"Snecko","floor":22,"turns":5},{"damage":7,"enemies":"Centurion and Healer","floor":23,"turns":6},{"damage":15,"enemies":"Snake Plant","floor":24,"turns":2},{"damage":43,"enemies":"Slavers","floor":25,"turns":3}],"event_choices":[{"event_name":"Living Wall","player_choice":"Change","floor":2,"damage_taken":0},{"event_name":"The Cleric","player_choice":"Leave","floor":4,"damage_taken":0},{"event_name":"World of Goop","player_choice":"Gather Gold","floor":14,"damage_taken":0},{"event_name":"The Mausoleum","player_choice":"Yes","floor":19,"damage_taken":0}],"boss_relics":[{"not_picked":["Philosopher\u0027s Stone","Velvet Choker"],"picked":"Eternal Feather"}],"potions_floor_spawned":[1,3,8,10,16,20,23],"seed_played":"5203929850109783243","killed_by":"Slavers","is_trial":false}