{"gold_per_floor":[369,45,64,64,76,76,92,92,92,118,135,150,163,163,163,266,266,277,277,296,50,50,50,81,98,98,116,126,126,225,243,243,338,338,353,373,373,385,400,400,202,202,228,244,244,255,275,289,289,289],"floor_reached":51,"playtime":10477,"items_purged":["Shame","Strike_B","Strike_B"],"score":702,"play_id":"f7d5d72f-58ad-4f14-8268-379c7559edcd","local_time":"20190304061215","is_ascension_mode":false,"campfire_choices":[{"data":"Zap","floor":6,"key":"SMITH"},{"data":"Sweeping Beam","floor":8,"key":"SMITH"},{"data":"Dualcast","floor":15,"key":"SMITH"},{"data":"Static Discharge","floor":23,"key":"SMITH"},{"data":"Defragment","floor":29,"key":"SMITH"},{"floor":32,"key":"REST"},{"data":"Echo Form","floor":40,"key":"SMITH"},{"data":"Go for the Eyes","floor":42,"key":"SMITH"},{"data":"Creative AI","floor":45,"key":"SMITH"},{"data":"Barrage","floor":49,"key":"SMITH"}],"neow_cost":"CURSE","seed_source_timestamp":20030182130149,"circlet_count":0,"master_deck":["Strike_B","Strike_B","Defend_B","Defend_B","Defend_B","Zap+1","Dualcast+1","Sweeping Beam+1","Ball Lightning","Glacier","Fusion+1","Compile Driver","Glacier","Ball Lightning","Leap+1","Coolheaded+1","Fission+1","Capacitor+1","Barrage+1","Multi-Cast+1","Coolheaded+1","Static Discharge+1","White Noise+1","Hologram+1","Defragment+1","Echo Form+1","Go for the Eyes+1","Hologram+1","Steam Power+1","Hyperbeam","Consume+1","Creative AI+1","Double Energy+1","Aggregate+1","Seek+1"],"relics":["Cracked Core","Regal Pillow","Toxic Egg 2","Oddly Smooth Stone","Prayer Wheel","Sozu","Singing Bowl","DataDisk","Nuclear Battery","Happy Flower"],"potions_floor_usage":[13,18,50,50],"damage_taken":[{"damage":6,"enemies":"2 Louse","floor":1,"turns":2},{"damage":0,"enemies":"Cultist","floor":3,"turns":3},{"damage":0,"enemies":"Jaw Worm","floor":5,"turns":3},{"damage":1,"enemies":"Exordium Wildlife","floor":7,"turns":2},{"damage":12,"enemies":"Lagavulin","floor":10,"turns":8},{"damage":0,"enemies":"Exordium Thugs","floor":11,"turns":3},{"damage":0,"enemies":"3 Louse","floor":12,"turns":2},{"damage":3,"enemies":"Blue Slaver","floor":13,"turns":2},{"damage":6,"enemies":"The Guardian","floor":16,"turns":11},{"damage":10,"enemies":"2 Thieves","floor":18,"turns":2},{"damage":2,"enemies":"Colosseum Slavers","floor":19,"turns":5},{"damage":0,"enemies":"3 Byrds","floor":20,"turns":4},{"damage":25,"enemies":"Slavers","floor":24,"turns":6},{"damage":2,"enemies":"Shelled Parasite and Fungi","floor":25,"turns":4},{"damage":2,"enemies":"3 Cultists","floor":27,"turns":5},{"damage":0,"enemies":"Snake Plant","floor":28,"turns":5},{"damage":15,"enemies":"Shelled Parasite and Fungi","floor":31,"turns":6},{"damage":3,"enemies":"Automaton","floor":33,"turns":10},{"damage":0,"enemies":"3 Darklings","floor":35,"turns":4},{"damage":0,"enemies":"Orb Walker","floor":36,"turns":3},{"damage":12,"enemies":"Writhing Mass","floor":38,"turns":5},{"damage":0,"enemies":"Transient","floor":39,"turns":5},{"damage":0,"enemies":"Maw","floor":44,"turns":9},{"damage":0,"enemies":"Writhing Mass","floor":46,"turns":6},{"damage":1,"enemies":"Sphere and 2 Shapes","floor":47,"turns":4},{"damage":0,"enemies":"Maw","floor":48,"turns":8},{"damage":17,"enemies":"Awakened One","floor":50,"turns":17}],"seed_played":"4461968917325317944","potions_obtained":[{"floor":3,"key":"FocusPotion"},{"floor":7,"key":"Weak Potion"},{"floor":10,"key":"Strength Potion"},{"floor":13,"key":"EssenceOfSteel"},{"floor":16,"key":"Fire Potion"}],"is_trial":false,"path_per_floor":["M","$","M","?","M","R","M","R","T","E","M","M","M","?","R","B",null,"M","?","M","$","?","R","E","M","T","M","M","R","?","M","R","B",null,"M","M","?","M","M","R","$","R","T","M","R","M","M","M","R","B",null],"character_chosen":"DEFECT","items_purchased":["Regal Pillow","Ball Lightning","Glacier","Static Discharge","White Noise+1","Creative AI"],"campfire_rested":1,"item_purchase_floors":[2,2,2,21,21,41],"current_hp_per_floor":[69,69,69,69,69,69,68,68,68,56,56,56,53,41,41,35,75,65,63,63,63,63,63,40,38,38,38,38,38,38,25,64,61,81,85,89,89,77,81,81,81,81,81,85,85,85,88,90,90,73],"gold":289,"neow_bonus":"TWO_FIFTY_GOLD","is_prod":false,"is_daily":false,"chose_seed":false,"campfire_upgraded":9,"win_rate":0,"timestamp":1551672735,"path_taken":["M","$","M","?","M","R","M","R","T","E","?","M","M","?","R","BOSS","M","?","M","$","?","R","E","M","T","M","?","R","?","M","R","BOSS","M","M","?","M","M","R","?","R","T","M","R","M","M","M","R","BOSS"],"build_version":"2019-01-23","purchased_purges":3,"victory":true,"max_hp_per_floor":[75,75,75,75,75,75,75,75,75,75,75,75,75,75,75,75,75,75,75,75,75,75,75,77,77,77,79,79,79,79,81,81,81,81,85,89,89,89,93,93,93,93,93,97,97,97,101,103,103,103],"card_choices":[{"not_picked":["Streamline","Gash"],"picked":"Sweeping Beam","floor":1},{"not_picked":["Scrape","Chill"],"picked":"Fusion","floor":3},{"not_picked":["Rebound","Hello World"],"picked":"Compile Driver","floor":5},{"not_picked":["Hello World","Heatsinks"],"picked":"Glacier","floor":7},{"not_picked":["Steam+1","Amplify+1"],"picked":"Ball Lightning","floor":10},{"not_picked":["Undo+1","Glacier+1","Darkness+1"],"picked":"SKIP","floor":11},{"not_picked":["Melter","Chaos+1"],"picked":"Leap+1","floor":12},{"not_picked":["Melter","Leap+1"],"picked":"Coolheaded+1","floor":13},{"not_picked":["Hyperbeam","Machine Learning"],"picked":"Fission+1","floor":16},{"not_picked":["Beam Cell","Rip and Tear+1"],"picked":"Capacitor+1","floor":18},{"not_picked":["BootSequence+1","Sweeping Beam"],"picked":"Barrage","floor":18},{"not_picked":["Cold Snap","Conserve Battery+1"],"picked":"Multi-Cast+1","floor":20},{"not_picked":["Steam+1","Melter"],"picked":"Coolheaded+1","floor":20},{"not_picked":["Rip and Tear+1","Beam Cell+1","Glacier+1"],"picked":"Singing Bowl","floor":24},{"not_picked":["Redo+1","Rebound"],"picked":"Hologram+1","floor":25},{"not_picked":["Coolheaded+1","Gash"],"picked":"Defragment","floor":25},{"not_picked":["Streamline+1","Turbo+1"],"picked":"Echo Form","floor":27},{"not_picked":["Ball Lightning","BootSequence+1","Redo+1"],"picked":"Singing Bowl","floor":27},{"not_picked":["Ball Lightning","Stack+1"],"picked":"Go for the Eyes","floor":28},{"not_picked":["BootSequence+1","Gash"],"picked":"Hologram+1","floor":28},{"not_picked":["Hello World","Go for the Eyes"],"picked":"Steam Power+1","floor":31},{"not_picked":["Auto Shields+1","Chill+1","Turbo+1"],"picked":"Singing Bowl","floor":31},{"not_picked":["Core Surge","Rainbow+1"],"picked":"Hyperbeam","floor":33},{"not_picked":["Leap+1","Undo+1","Sweeping Beam"],"picked":"Singing Bowl","floor":35},{"not_picked":["Conserve Battery+1","Barrage+1","Reprogram+1"],"picked":"Singing Bowl","floor":35},{"not_picked":["Compile Driver","White Noise+1","Rebound+1"],"picked":"Singing Bowl","floor":36},{"not_picked":["Leap+1","Cold Snap+1","Glacier+1"],"picked":"Singing Bowl","floor":36},{"not_picked":["Stack+1","Conserve Battery+1"],"picked":"Consume+1","floor":38},{"not_picked":["Steam Power+1","Turbo+1","Cold Snap+1"],"picked":"SKIP","floor":38},{"not_picked":["Leap+1","Chaos+1","Redo+1"],"picked":"Singing Bowl","floor":39},{"not_picked":["Steam Power+1","Barrage","Coolheaded+1"],"picked":"Singing Bowl","floor":39},{"not_picked":["Cold Snap+1","Skim+1","Electrodynamics"],"picked":"Singing Bowl","floor":44},{"not_picked":["Streamline+1","Hologram+1","Beam Cell"],"picked":"Singing Bowl","floor":44},{"not_picked":["Chaos+1","Leap+1"],"picked":"Double Energy+1","floor":46},{"not_picked":["Steam+1","Leap+1"],"picked":"Aggregate+1","floor":46},{"not_picked":["Conserve Battery+1","Turbo+1","Steam Power+1"],"picked":"Singing Bowl","floor":47},{"not_picked":["Melter+1","Glacier+1","Beam Cell"],"picked":"Singing Bowl","floor":47},{"not_picked":["Compile Driver","Sweeping Beam","Aggregate+1"],"picked":"Singing Bowl","floor":48},{"not_picked":["Barrage+1","Go for the Eyes+1"],"picked":"Seek+1","floor":48}],"player_experience":611160,"relics_obtained":[{"floor":9,"key":"Toxic Egg 2"},{"floor":10,"key":"Oddly Smooth Stone"},{"floor":24,"key":"Singing Bowl"},{"floor":26,"key":"DataDisk"},{"floor":43,"key":"Happy Flower"}],"event_choices":[{"damage_healed":0,"gold_gain":0,"player_choice":"Upgraded","damage_taken":0,"max_hp_gain":0,"max_hp_loss":0,"event_name":"Upgrade Shrine","floor":4,"gold_loss":0,"cards_upgraded":["Fusion"]},{"damage_healed":0,"gold_gain":0,"player_choice":"Success","damage_taken":12,"relics_obtained":["Prayer Wheel"],"max_hp_gain":0,"max_hp_loss":0,"event_name":"Scrap Ooze","floor":14,"gold_loss":0},{"damage_healed":0,"gold_gain":0,"player_choice":"Fight","damage_taken":0,"max_hp_gain":0,"max_hp_loss":0,"event_name":"Colosseum","floor":19,"gold_loss":0},{"damage_healed":0,"gold_gain":0,"player_choice":"Fled From Nobs","damage_taken":0,"max_hp_gain":0,"max_hp_loss":0,"event_name":"Colosseum","floor":19,"gold_loss":0},{"damage_healed":0,"gold_gain":0,"player_choice":"Bought 0 Potions","damage_taken":0,"max_hp_gain":0,"max_hp_loss":0,"event_name":"The Woman in Blue","floor":22,"gold_loss":0},{"damage_healed":0,"gold_gain":99,"player_choice":"Stole From Cult","damage_taken":0,"max_hp_gain":0,"max_hp_loss":0,"event_name":"Nest","floor":30,"gold_loss":0},{"cards_removed":["Defend_B"],"damage_healed":0,"gold_gain":0,"player_choice":"Removed Skill","damage_taken":0,"max_hp_gain":0,"max_hp_loss":0,"event_name":"Falling","floor":37,"gold_loss":0}],"is_beta":false,"boss_relics":[{"not_picked":["Coffee Dripper","Cursed Key"],"picked":"Sozu"},{"not_picked":["Tiny House","FrozenCore"],"picked":"Nuclear Battery"}],"items_purged_floors":[2,21,41],"is_endless":false,"potions_floor_spawned":[3,7,10,13,16,19,20,27,31,35,44,47,48],"ascension_level":0}