{"gold_per_floor":[111,127,146,146,1,36,36,67,94,110,128,128,138,157,157,157],"floor_reached":16,"playtime":1848,"items_purged":[],"score":139,"play_id":"83a20f9d-04f3-4ea6-9d73-65d456735ce4","local_time":"20190113115353","is_ascension_mode":false,"campfire_choices":[{"data":"Fiend Fire","floor":7,"key":"SMITH"},{"data":"Flame Barrier","floor":15,"key":"SMITH"}],"neow_cost":"PERCENT_DAMAGE","seed_source_timestamp":389725287467890,"circlet_count":0,"master_deck":["Strike_R+1","Strike_R","Strike_R","Strike_R","Strike_R","Defend_R","Defend_R","Defend_R","Bash+1","Twin Strike","Body Slam","Flame Barrier","Iron Wave","Flame Barrier+1","Fiend Fire+1","Seeing Red","Anger","Combust","Battle Trance","Berserk","Anger"],"relics":["Burning Blood","PreservedInsect","Whetstone","Bag of Preparation"],"potions_floor_usage":[6,16],"damage_taken":[{"damage":2,"enemies":"2 Louse","floor":1,"turns":4},{"damage":1,"enemies":"Cultist","floor":2,"turns":3},{"damage":20,"enemies":"Jaw Worm","floor":3,"turns":4},{"damage":14,"enemies":"Gremlin Nob","floor":6,"turns":3},{"damage":5,"enemies":"Lagavulin","floor":8,"turns":6},{"damage":1,"enemies":"2 Fungi Beasts","floor":10,"turns":3},{"damage":0,"enemies":"Looter","floor":11,"turns":2},{"damage":0,"enemies":"Red Slaver","floor":13,"turns":1},{"damage":1,"enemies":"Lots of Slimes","floor":14,"turns":4},{"damage":87,"enemies":"Hexaghost","floor":16,"turns":9}],"seed_played":"7345597161558401308","potions_obtained":[{"floor":2,"key":"Fire Potion"},{"floor":3,"key":"SpeedPotion"},{"floor":6,"key":"Ancient Potion"},{"floor":8,"key":"SpeedPotion"},{"floor":13,"key":"Explosive Potion"}],"is_trial":false,"path_per_floor":["M","M","M","?","$","E","R","E","T","M","M","?","M","M","R","B"],"character_chosen":"IRONCLAD","items_purchased":["Flame Barrier","Fiend Fire"],"campfire_rested":0,"item_purchase_floors":[5,5],"current_hp_per_floor":[76,81,67,67,67,59,59,60,60,65,71,71,77,82,82,0],"gold":157,"neow_bonus":"TWENTY_PERCENT_HP_BONUS","is_prod":false,"is_daily":false,"chose_seed":false,"campfire_upgraded":2,"win_rate":0.0,"timestamp":1547409233,"path_taken":["M","M","M","?","?","E","R","E","T","M","M","?","M","M","R","BOSS"],"build_version":"2019-01-10","purchased_purges":0,"victory":false,"max_hp_per_floor":[96,96,96,96,96,96,96,96,96,96,96,96,96,96,96,96],"card_choices":[{"not_picked":["Heavy Blade","Rupture"],"picked":"Twin Strike","floor":1},{"not_picked":["Armaments","Headbutt"],"picked":"Body Slam","floor":2},{"not_picked":["Whirlwind","Clothesline"],"picked":"Flame Barrier","floor":3},{"not_picked":["Rupture","Pommel Strike"],"picked":"Seeing Red","floor":6},{"not_picked":["Perfected Strike","Searing Blow"],"picked":"Anger","floor":8},{"not_picked":["Pommel Strike","Power Through"],"picked":"Combust","floor":10},{"not_picked":["Bloodletting","Flex"],"picked":"Battle Trance","floor":11},{"not_picked":["Perfected Strike","Thunderclap"],"picked":"Berserk","floor":13},{"not_picked":["Thunderclap","Heavy Blade"],"picked":"Anger","floor":14}],"player_experience":9812,"relics_obtained":[{"floor":6,"key":"PreservedInsect"},{"floor":8,"key":"Whetstone"},{"floor":9,"key":"Bag of Preparation"}],"event_choices":[{"cards_removed":["Defend_R"],"damage_healed":0,"gold_gain":0,"player_choice":"Took Card","damage_taken":0,"max_hp_gain":0,"max_hp_loss":0,"event_name":"NoteForYourself","floor":4,"gold_loss":0,"cards_obtained":["Iron Wave"]},{"damage_healed":0,"gold_gain":0,"player_choice":"Ignored","damage_taken":0,"max_hp_gain":0,"max_hp_loss":0,"event_name":"Liars Game","floor":12,"gold_loss":0}],"is_beta":false,"boss_relics":[],"items_purged_floors":[],"is_endless":false,"potions_floor_spawned":[2,3,6,8,13],"killed_by":"Hexaghost","ascension_level":0}