{"gold_per_floor":[11,22,41,53,69,102,102,112,138,138,151,151,151,181,181,281,281,296,310,320,245,259,294,294,304,330,230,242,258,133,165,165,264,264,281,281,297,297,147,147,147,161,185,10,62,62,62,77,77,77],"floor_reached":51,"playtime":7975,"items_purged":["Strike_B","Strike_B","Strike_B","Strike_B","Redo"],"score":716,"play_id":"dfe2deb5-e4e4-49de-9a73-9a6c535ff24d","local_time":"20180717234545","is_ascension_mode":true,"campfire_choices":[{"data":"Self Repair","floor":7.0,"key":"SMITH"},{"data":"Glacier","floor":13.0,"key":"SMITH"},{"data":"Core Surge","floor":15.0,"key":"SMITH"},{"data":"Blizzard","floor":24,"key":"SMITH"},{"data":"Blizzard","floor":32,"key":"SMITH"},{"data":"Glacier","floor":40,"key":"SMITH"},{"data":"Blizzard","floor":49,"key":"SMITH"}],"neow_cost":"NO_GOLD","seed_source_timestamp":0,"circlet_count":0,"master_deck":["Defend_B+1","Defend_B","Defend_B","Defend_B+1","Zap","Dualcast","Conserve Battery","Chill","Glacier+1","Self Repair+1","Cold Snap","Sweeping Beam","Cold Snap","Defragment","Core Surge+1","Machine Learning","Sweeping Beam","Cold Snap","Sunder","Chill","Blizzard+1","Core Surge","Blizzard+1","Blizzard+1","Chill+1","Glacier+1"],"special_seed":0,"relics":["Cracked Core","Prayer Wheel","Bottled Tornado","Dream Catcher","Meat on the Bone","GremlinMask","Anchor","Orrery","Blood Vial","War Paint","Omamori","Coffee Dripper","Happy Flower","Ice Cream","Unceasing Top"],"potions_floor_usage":[22],"damage_taken":[{"damage":10.0,"enemies":"2 Louse","floor":1.0,"turns":2.0},{"damage":2.0,"enemies":"Jaw Worm","floor":2.0,"turns":3.0},{"damage":0.0,"enemies":"Cultist","floor":3.0,"turns":4.0},{"damage":4.0,"enemies":"Red Slaver","floor":4.0,"turns":3.0},{"damage":17.0,"enemies":"Gremlin Gang","floor":5.0,"turns":8.0},{"damage":7.0,"enemies":"3 Sentries","floor":6.0,"turns":8.0},{"damage":7.0,"enemies":"Blue Slaver","floor":8.0,"turns":4.0},{"damage":0.0,"enemies":"Large Slime","floor":11.0,"turns":6.0},{"damage":2.0,"enemies":"Lagavulin","floor":14.0,"turns":9.0},{"damage":48.0,"enemies":"Hexaghost","floor":16.0,"turns":18.0},{"damage":4.0,"enemies":"Chosen","floor":18.0,"turns":7.0},{"damage":21.0,"enemies":"Spheric Guardian","floor":19.0,"turns":6.0},{"damage":26.0,"enemies":"Slaver and Parasite","floor":20.0,"turns":12.0},{"damage":30,"enemies":"Centurion and Healer","floor":22,"turns":10},{"damage":32,"enemies":"Slavers","floor":23,"turns":8},{"damage":17,"enemies":"Cultist and Chosen","floor":25,"turns":9},{"damage":19,"enemies":"3 Cultists","floor":28,"turns":5},{"damage":36,"enemies":"Sentry and Sphere","floor":29,"turns":7},{"damage":26,"enemies":"Gremlin Leader","floor":31,"turns":7},{"damage":34,"enemies":"Automaton","floor":33,"turns":12},{"damage":1,"enemies":"Flame Bruiser 1 Orb","floor":35,"turns":5},{"damage":0,"enemies":"3 Shapes","floor":37,"turns":3},{"damage":18,"enemies":"3 Darklings","floor":42,"turns":5},{"damage":1,"floor":45,"turns":4},{"damage":21,"enemies":"Transient","floor":48,"turns":5},{"damage":28,"enemies":"Time Eater","floor":50,"turns":12}],"seed_played":"-3256513305518242917","potions_obtained":[{"floor":1.0,"key":"FairyPotion"},{"floor":3.0,"key":"FocusPotion"},{"floor":5.0,"key":"FairyPotion"},{"floor":16.0,"key":"PowerPotion"},{"floor":18.0,"key":"SteroidPotion"},{"floor":19.0,"key":"Fire Potion"},{"floor":23,"key":"GamblersBrew"},{"floor":31,"key":"Fire Potion"},{"floor":35,"key":"Ancient Potion"},{"floor":48,"key":"Block Potion"}],"is_trial":false,"path_per_floor":["M","M","M","M","M","E","R","M","T","?","M","?","R","E","R","B",null,"M","M","M","$","M","E","R","M","T","$","M","M","$","E","R","B",null,"M","?","M","?","$","R","?","M","T","$","?","T","$","M","R","B"],"character_chosen":"DEFECT","items_purchased":[],"campfire_rested":0,"item_purchase_floors":[],"current_hp_per_floor":[65,63,63,59,49,49,49,52,52,45,55,55,55,63,63,37,75,71,60,56,56,48,38,38,45,45,45,50,38,38,36,36,26,75,75,75,75,75,75,75,75,67,67,67,75,75,75,64,64,48],"gold":77,"neow_bonus":"ONE_RARE_RELIC","is_prod":false,"is_daily":false,"chose_seed":false,"campfire_upgraded":7,"win_rate":0,"timestamp":1531896345,"path_taken":["M","M","M","M","M","E","R","M","T","?","M","?","R","E","R","BOSS","M","M","?","$","M","E","R","M","T","?","M","M","$","E","R","BOSS","M","?","M","?","$","R","?","M","T","$","?","?","?","?","R","BOSS"],"build_version":"2018-07-12","purchased_purges":5,"victory":true,"max_hp_per_floor":[75,75,75,75,75,75,75,75,75,75,75,75,75,75,75,75,75,75,75,75,75,75,75,75,75,75,75,75,75,75,75,75,75,75,75,75,75,75,75,75,75,75,75,75,75,75,75,75,75,75],"card_choices":[{"not_picked":["Rebound","Reinforced Body"],"picked":"Conserve Battery","floor":1.0},{"not_picked":["Skim","Undo","Barrage"],"picked":"SKIP","floor":1.0},{"not_picked":["Capacitor","Aggregate"],"picked":"Chill","floor":2.0},{"not_picked":["Gash","Go for the Eyes"],"picked":"Glacier","floor":2.0},{"not_picked":["Hologram","Skim","Melter"],"picked":"SKIP","floor":3.0},{"not_picked":["Barrage","Streamline","FTL"],"picked":"SKIP","floor":3.0},{"not_picked":["Beam Cell","Redo"],"picked":"Self Repair","floor":4.0},{"not_picked":["Thunder Strike","Streamline","Rip and Tear"],"picked":"SKIP","floor":4.0},{"not_picked":["Skim","Reinforced Body"],"picked":"Cold Snap","floor":5.0},{"not_picked":["Beam Cell","Hello World"],"picked":"Sweeping Beam","floor":5.0},{"not_picked":["Chaos","Defragment"],"picked":"Cold Snap","floor":6.0},{"not_picked":["Coolheaded","Reprogram","Aggregate"],"picked":"SKIP","floor":8.0},{"not_picked":["Coolheaded","Force Field","Turbo"],"picked":"SKIP","floor":8.0},{"not_picked":["Storm","FTL"],"picked":"Defragment","floor":11.0},{"not_picked":["Rip and Tear","Stack","Turbo"],"picked":"SKIP","floor":11.0},{"not_picked":["Streamline","Reinforced Body"],"picked":"Core Surge","floor":14.0},{"not_picked":["Thunder Strike","Rainbow"],"picked":"Machine Learning","floor":16.0},{"not_picked":["Lockon","Streamline"],"picked":"Sweeping Beam","floor":17.0},{"not_picked":["Recycle","Chaos"],"picked":"Streamline","floor":17.0},{"not_picked":["Heatsinks","Reinforced Body"],"picked":"Cold Snap","floor":17.0},{"not_picked":["Ball Lightning","Rebound"],"picked":"Sunder","floor":17.0},{"not_picked":["Steam","Beam Cell"],"picked":"Redo","floor":17.0},{"not_picked":["Turbo","Reprogram","Doom and Gloom"],"picked":"SKIP","floor":18.0},{"not_picked":["Go for the Eyes","Hologram","Amplify"],"picked":"SKIP","floor":18.0},{"not_picked":["Rip and Tear","Consume+1","Barrage+1"],"picked":"SKIP","floor":19.0},{"not_picked":["Cold Snap","Scrape","FTL"],"picked":"SKIP","floor":19.0},{"not_picked":["Conserve Battery","Redo"],"picked":"Chill","floor":20.0},{"not_picked":["Reinforced Body","Conserve Battery","Barrage"],"picked":"SKIP","floor":20.0},{"not_picked":["Conserve Battery","Auto Shields"],"picked":"Blizzard","floor":22},{"not_picked":["Loop","Darkness","Self Repair"],"picked":"SKIP","floor":22},{"not_picked":["FTL","Go for the Eyes"],"picked":"Core Surge","floor":23},{"not_picked":["Beam Cell","Hello World","Recycle"],"picked":"SKIP","floor":25},{"not_picked":["Recycle","Steam Power","Consume+1"],"picked":"SKIP","floor":25},{"not_picked":["Ball Lightning","Consume"],"picked":"Blizzard","floor":28},{"not_picked":["Leap","Lockon","Streamline"],"picked":"SKIP","floor":28},{"not_picked":["Doom and Gloom","Sweeping Beam+1"],"picked":"Blizzard","floor":29},{"not_picked":["Heatsinks","Steam Power"],"picked":"Chill+1","floor":29},{"not_picked":["Barrage","Fusion","BootSequence"],"picked":"SKIP","floor":31},{"not_picked":["Scrape","Skim+1"],"picked":"Glacier","floor":35},{"not_picked":["Gash+1","Static Discharge+1","Rip and Tear+1"],"picked":"SKIP","floor":35},{"not_picked":["Go for the Eyes","FTL","Stack"],"picked":"SKIP","floor":37},{"not_picked":["Redo","Coolheaded","Gash+1"],"picked":"SKIP","floor":37},{"not_picked":["Compile Driver+1","Hologram+1","Leap+1"],"picked":"SKIP","floor":42},{"not_picked":["Consume+1","Undo","Conserve Battery"],"picked":"SKIP","floor":42},{"not_picked":["Barrage","Ball Lightning","Skim"],"picked":"SKIP","floor":48},{"not_picked":["Steam","Conserve Battery","Leap"],"picked":"SKIP","floor":48}],"player_experience":82605,"relics_obtained":[{"floor":6.0,"key":"Bottled Tornado"},{"floor":9.0,"key":"Dream Catcher"},{"floor":14.0,"key":"Anchor"},{"floor":23,"key":"Blood Vial"},{"floor":26,"key":"War Paint"},{"floor":31,"key":"Omamori"},{"floor":43,"key":"Happy Flower"},{"floor":45,"key":"Ice Cream"},{"floor":46,"key":"Unceasing Top"}],"event_choices":[{"event_name":"Scrap Ooze","player_choice":"success","floor":10.0,"damage_taken":7.0},{"event_name":"FaceTrader","player_choice":"Trade","floor":12.0,"damage_taken":0.0},{"event_name":"Falling","player_choice":"Removed Attack","floor":36,"damage_taken":0},{"event_name":"The Woman in Blue","player_choice":"Bought 0 Potions","floor":38,"damage_taken":0},{"event_name":"Tomb of Lord Red Mask","player_choice":"Ignored","floor":41,"damage_taken":0},{"event_name":"Mysterious Sphere","player_choice":"Fight","floor":45,"damage_taken":0}],"boss_relics":[{"not_picked":["Runic Pyramid","Inserter"],"picked":"Orrery"},{"not_picked":["Velvet Choker","Astrolabe"],"picked":"Coffee Dripper"}],"items_purged_floors":[21,27,30,39,44],"is_endless":false,"potions_floor_spawned":[1,3,5,16,18,19,23,31,33,35,48],"ascension_level":2}