{"gold_per_floor":[128,159,171,21,39,39,39,53,53,86,86,102,102,131,131,234,284,299,299,314,324,61,96,96,96,144,144,162,162],"floor_reached":29,"playtime":2112,"items_purged":[],"score":342,"play_id":"51b79e21-e281-40ca-b5c8-8075a90406ed","local_time":"20190308234609","is_ascension_mode":true,"campfire_choices":[{"data":"Dash","floor":6,"key":"SMITH"},{"data":"Predator","floor":11,"key":"SMITH"},{"data":"Neutralize","floor":13,"key":"SMITH"},{"floor":15,"key":"REST"},{"data":"Footwork","floor":24,"key":"SMITH"},{"floor":27,"key":"REST"}],"neow_cost":"NONE","seed_source_timestamp":115517045000564,"circlet_count":0,"master_deck":["Defend_G","Defend_G","Defend_G","Defend_G","Defend_G","Strike_G","Strike_G","Strike_G","Strike_G+1","Survivor","Neutralize+1","Predator+1","Well Laid Plans","Dodge and Roll","Crippling Poison","Dash+1","Infinite Blades","Cloak And Dagger","Tools of the Trade","Footwork+1","Leg Sweep","Predator+1","Cloak And Dagger+1"],"relics":["Ring of the Snake","MawBank","Matryoshka","Mummified Hand","Tiny House","Nloth\u0027s Gift","Lee\u0027s Waffle","Molten Egg 2","Pen Nib","Happy Flower"],"potions_floor_usage":[10,14,14,16,21,23,23,23],"damage_taken":[{"damage":3,"enemies":"Small Slimes","floor":1,"turns":6},{"damage":4,"enemies":"Cultist","floor":2,"turns":5},{"damage":0,"enemies":"Jaw Worm","floor":5,"turns":4},{"damage":4,"enemies":"Lots of Slimes","floor":8,"turns":4},{"damage":13,"enemies":"3 Sentries","floor":10,"turns":7},{"damage":3,"enemies":"Looter","floor":12,"turns":4},{"damage":7,"enemies":"Lagavulin","floor":14,"turns":9},{"damage":43,"enemies":"Slime Boss","floor":16,"turns":14},{"damage":14,"enemies":"Spheric Guardian","floor":18,"turns":4},{"damage":0,"enemies":"Chosen","floor":20,"turns":5},{"damage":11,"enemies":"Shelled Parasite and Fungi","floor":21,"turns":8},{"damage":50,"enemies":"Gremlin Leader","floor":23,"turns":14},{"damage":19,"enemies":"Colosseum Slavers","floor":25,"turns":5},{"damage":20,"enemies":"Snake Plant","floor":28,"turns":6},{"damage":14,"enemies":"Sentry and Sphere","floor":29,"turns":4}],"seed_played":"8273961304086470671","potions_obtained":[{"floor":2,"key":"AttackPotion"},{"floor":5,"key":"Swift Potion"},{"floor":8,"key":"Weak Potion"},{"floor":10,"key":"Poison Potion"},{"floor":17,"key":"SneckoOil"},{"floor":18,"key":"EssenceOfSteel"},{"floor":20,"key":"SpeedPotion"},{"floor":21,"key":"Energy Potion"}],"is_trial":false,"path_per_floor":["M","M","?","$","M","R","?","M","T","E","R","M","R","E","R","B",null,"M","?","M","M","$","E","R","?","T","R","M","M"],"character_chosen":"THE_SILENT","items_purchased":["Well Laid Plans","Dodge and Roll","Crippling Poison","Lee\u0027s Waffle","Leg Sweep"],"campfire_rested":2,"item_purchase_floors":[4,4,4,22,22],"current_hp_per_floor":[60,56,56,56,56,56,56,52,52,39,39,36,36,29,50,7,59,45,45,45,34,82,32,32,13,13,37,17,3],"gold":162,"neow_bonus":"RANDOM_COMMON_RELIC","is_prod":false,"is_daily":false,"chose_seed":false,"campfire_upgraded":4,"win_rate":0,"timestamp":1552110369,"path_taken":["M","M","?","$","?","R","?","M","T","E","R","?","R","E","R","BOSS","M","?","M","?","$","E","R","?","T","R","M","M"],"build_version":"2019-01-23","purchased_purges":0,"victory":false,"max_hp_per_floor":[70,70,70,70,70,70,70,70,70,70,70,70,70,70,70,70,75,75,75,75,75,82,82,82,82,82,82,82,82],"card_choices":[{"not_picked":["Slice","Deadly Poison","Underhanded Strike"],"picked":"SKIP","floor":1},{"not_picked":["Dagger Throw","Underhanded Strike"],"picked":"Predator","floor":2},{"not_picked":["Flying Knee","Flechettes"],"picked":"Dash","floor":5},{"not_picked":["Flying Knee","Calculated Gamble"],"picked":"Infinite Blades","floor":8},{"not_picked":["Acrobatics","Catalyst","Prepared","Flying Knee"],"picked":"SKIP","floor":10},{"not_picked":["PiercingWail","Outmaneuver","Quick Slash"],"picked":"Cloak And Dagger","floor":12},{"not_picked":["Underhanded Strike","Tactician","Prepared","Dodge and Roll"],"picked":"SKIP","floor":14},{"not_picked":["Burst","Unload","Doppelganger"],"picked":"Tools of the Trade","floor":16},{"not_picked":["Underhanded Strike","Slice+1","Sucker Punch"],"picked":"Footwork","floor":18},{"not_picked":["Sucker Punch","Flying Knee","Masterful Stab"],"picked":"SKIP","floor":20},{"not_picked":["Blade Dance","Deflect+1","Acrobatics+1"],"picked":"SKIP","floor":21},{"not_picked":["Doppelganger","Prepared+1"],"picked":"Predator+1","floor":23},{"not_picked":["Acrobatics","Infinite Blades"],"picked":"Cloak And Dagger+1","floor":28}],"player_experience":317423,"relics_obtained":[{"floor":9,"key":"Question Card"},{"floor":10,"key":"Matryoshka"},{"floor":14,"key":"Mummified Hand"},{"floor":23,"key":"Molten Egg 2"},{"floor":26,"key":"Pen Nib"},{"floor":26,"key":"Happy Flower"}],"event_choices":[{"cards_removed":["Strike_G"],"damage_healed":0,"gold_gain":0,"player_choice":"Purged","damage_taken":0,"max_hp_gain":0,"max_hp_loss":0,"event_name":"Purifier","floor":3,"gold_loss":0},{"damage_healed":0,"gold_gain":0,"player_choice":"0 cards matched","damage_taken":0,"max_hp_gain":0,"max_hp_loss":0,"event_name":"Match and Keep!","floor":7,"gold_loss":0,"cards_obtained":[]},{"damage_healed":0,"gold_gain":0,"player_choice":"Traded Relic","damage_taken":0,"relics_obtained":["Nloth\u0027s Gift"],"max_hp_gain":0,"max_hp_loss":0,"event_name":"N\u0027loth","floor":19,"relics_lost":["Question Card"],"gold_loss":0},{"damage_healed":0,"gold_gain":0,"player_choice":"Fight","damage_taken":0,"max_hp_gain":0,"max_hp_loss":0,"event_name":"Colosseum","floor":25,"gold_loss":0},{"damage_healed":0,"gold_gain":0,"player_choice":"Fled From Nobs","damage_taken":0,"max_hp_gain":0,"max_hp_loss":0,"event_name":"Colosseum","floor":25,"gold_loss":0}],"is_beta":false,"boss_relics":[{"not_picked":["White Beast Statue","Fusion Hammer"],"picked":"Tiny House"}],"items_purged_floors":[],"is_endless":false,"potions_floor_spawned":[2,5,8,10,18,20,21],"killed_by":"Sentry and Sphere","ascension_level":7}