{"path_per_floor":["M","?","?","$","M","R","M","E","T","M","R","$","E","?","R","B",null,"M","M","?","T","M","R","T","R","T","R","$","M","M","M","R","B",null,"M","?","$","?","?","R","M","M","T","T","M","?","$","E","R","B"],"character_chosen":"IRONCLAD","items_purchased":["Mummified Hand","Inflame","Bag of Marbles","Lantern","Shrug It Off","Inflame"],"gold_per_floor":[216,391,391,8,20,20,30,88,88,100,100,0,32,32,32,130,130,141,155,155,155,173,173,173,173,173,173,21,34,46,65,65,161,161,173,227,20,0,0,0,11,21,21,21,35,35,1,34,34,34],"floor_reached":51,"campfire_rested":2,"playtime":2385,"current_hp_per_floor":[77,77,77,77,80,80,79,77,77,77,77,77,60,60,60,20,65,36,38,22,22,16,40,40,40,40,40,40,49,46,45,45,42,71,76,80,80,80,80,80,80,45,45,45,49,41,41,46,80,25],"items_purged":["Doubt","Strike_R"],"gold":34,"score":1096,"play_id":"39434ea5-7bd4-40cf-a1a2-905ecfecd751","local_time":"20180518170150","is_prod":false,"is_daily":false,"chose_seed":false,"is_ascension_mode":true,"campfire_upgraded":7,"timestamp":1526677310,"campfire_choices":[{"data":"Inflame","floor":6,"key":"SMITH"},{"data":"Iron Wave","floor":11,"key":"SMITH"},{"data":"Bash","floor":15,"key":"SMITH"},{"floor":23,"key":"REST"},{"data":"Offering","floor":25,"key":"SMITH"},{"data":"Berserk","floor":27,"key":"SMITH"},{"data":"True Grit","floor":32,"key":"SMITH"},{"data":"Shrug It Off","floor":40,"key":"SMITH"},{"floor":49,"key":"REST"}],"path_taken":["M","?","?","$","?","R","M","E","T","M","R","$","E","?","R","BOSS","M","M","?","?","?","R","?","R","T","R","$","M","M","M","R","BOSS","M","?","$","?","?","R","?","M","T","?","M","?","$","E","R","BOSS"],"build_version":"2018-05-17","seed_source_timestamp":818207402701668,"purchased_purges":2,"victory":true,"master_deck":["Strike_R","Strike_R","Strike_R","Strike_R","Defend_R","Defend_R","Defend_R","Defend_R","Bash+1","Cleave","Berserk+1","Carnage","Inflame+1","Shrug It Off+1","Iron Wave+1","Pummel+1","Offering+1","Ghostly Armor+1","Rupture+1","Injury","Burning Pact+1","Doubt","Parasite","True Grit+1","Warcry+1","Whirlwind+1","Limit Break","Second Wind+1","Bloodletting+1","Shrug It Off","Headbutt+1","Pummel","Writhe","Decay","Shrug It Off+1","Inflame+1","Dual Wield+1"],"max_hp_per_floor":[80,80,80,80,80,80,80,80,80,80,80,80,80,80,80,80,80,80,80,80,80,80,80,80,80,80,80,80,80,80,80,80,80,80,80,80,80,80,80,80,80,80,80,80,80,80,80,80,80,80],"relics":["Burning Blood","Mummified Hand","Tiny Chest","Frozen Egg 2","Du-Vu Doll","Cursed Key","Nilry\u0027s Codex","Magic Flower","Question Card","Regal Pillow","Bag of Marbles","White Beast Statue","Champion Belt","Lantern","Red Mask","Toxic Egg 2","Letter Opener","Pen Nib"],"card_choices":[{"not_picked":["Seeing Red","Sword Boomerang"],"picked":"Cleave","floor":1},{"not_picked":["Twin Strike","Cleave"],"picked":"Shrug It Off","floor":5},{"not_picked":["Bloodletting","Intimidate"],"picked":"Iron Wave","floor":7},{"not_picked":["Warcry","Cleave","Flex"],"picked":"SKIP","floor":8},{"not_picked":["Intimidate","Iron Wave","Havoc"],"picked":"SKIP","floor":10},{"not_picked":["Wild Strike","Exhume"],"picked":"Pummel","floor":13},{"not_picked":["Exhume","Berserk+1"],"picked":"Offering","floor":16},{"not_picked":["Pommel Strike","Rage"],"picked":"Ghostly Armor+1","floor":18},{"not_picked":["Hemokinesis+1","Searing Blow"],"picked":"Rupture+1","floor":19},{"not_picked":["Thunderclap+1","Seeing Red+1"],"picked":"Burning Pact+1","floor":22},{"not_picked":["Battle Trance","Heavy Blade","Flame Barrier"],"picked":"True Grit","floor":29},{"not_picked":["Searing Blow","Twin Strike","Evolve+1"],"picked":"Warcry+1","floor":30},{"not_picked":["Thunderclap+1","Fire Breathing+1","Armaments"],"picked":"Whirlwind+1","floor":31},{"not_picked":["Fiend Fire","Feed","Exhume"],"picked":"Limit Break","floor":33},{"not_picked":["Infernal Blade","Clash+1","Sword Boomerang+1"],"picked":"Second Wind+1","floor":35},{"not_picked":["Clash","Fire Breathing+1","Flex"],"picked":"Bloodletting+1","floor":36},{"not_picked":["Clash+1","Pommel Strike","Havoc"],"picked":"Headbutt+1","floor":41},{"not_picked":["Power Through","Body Slam+1","Seeing Red+1"],"picked":"Pummel","floor":42},{"not_picked":["Twin Strike+1","Limit Break+1","Flame Barrier+1"],"picked":"Shrug It Off+1","floor":45},{"not_picked":["Infernal Blade+1","Anger+1","Corruption+1"],"picked":"Dual Wield+1","floor":48}],"player_experience":188675,"potions_floor_usage":[8,8,13,22,22,33,50,50,50],"damage_taken":[{"damage":1,"enemies":"Cultist","floor":1,"turns":3},{"damage":0,"enemies":"2 Louse","floor":5,"turns":2},{"damage":7,"enemies":"Jaw Worm","floor":7,"turns":2},{"damage":8,"enemies":"Gremlin Nob","floor":8,"turns":3},{"damage":6,"enemies":"Blue Slaver","floor":10,"turns":3},{"damage":23,"enemies":"3 Sentries","floor":13,"turns":7},{"damage":46,"enemies":"Slime Boss","floor":16,"turns":8},{"damage":35,"enemies":"Chosen","floor":18,"turns":5},{"damage":4,"enemies":"3 Byrds","floor":19,"turns":4},{"damage":15,"enemies":"Cultist and Chosen","floor":22,"turns":7},{"damage":0,"enemies":"Centurion and Healer","floor":29,"turns":3},{"damage":12,"enemies":"Snecko","floor":30,"turns":4},{"damage":10,"enemies":"Snake Plant","floor":31,"turns":3},{"damage":12,"enemies":"Collector","floor":33,"turns":5},{"damage":4,"enemies":"3 Shapes","floor":35,"turns":2},{"damage":4,"enemies":"Mysterious Sphere","floor":36,"turns":1},{"damage":4,"enemies":"3 Darklings","floor":41,"turns":3},{"damage":44,"enemies":"Sphere and 2 Shapes","floor":42,"turns":9},{"damage":5,"enemies":"4 Shapes","floor":45,"turns":1},{"damage":4,"enemies":"Giant Head","floor":48,"turns":4},{"damage":86,"enemies":"Time Eater","floor":50,"turns":7}],"relics_obtained":[{"floor":8,"key":"Tiny Chest"},{"floor":9,"key":"Frozen Egg 2"},{"floor":13,"key":"Du-Vu Doll"},{"floor":20,"key":"Nilry\u0027s Codex"},{"floor":21,"key":"Magic Flower"},{"floor":24,"key":"Question Card"},{"floor":26,"key":"Regal Pillow"},{"floor":36,"key":"Champion Belt"},{"floor":43,"key":"Toxic Egg 2"},{"floor":44,"key":"Letter Opener"},{"floor":48,"key":"Pen Nib"}],"event_choices":[{"event_name":"Liars Game","player_choice":"agreed","floor":2,"damage_taken":0},{"event_name":"Match and Keep!","player_choice":"2 cards matched","floor":3,"damage_taken":0},{"event_name":"Match and Keep!","player_choice":"2 cards matched","floor":3,"damage_taken":0},{"event_name":"The Lab","player_choice":"Got Potions","floor":14,"damage_taken":0},{"event_name":"Cursed Tome","player_choice":"Obtained Book","floor":20,"damage_taken":0},{"event_name":"Mysterious Sphere","player_choice":"Fight","floor":36,"damage_taken":0},{"event_name":"Tomb of Lord Red Mask","player_choice":"Paid","floor":38,"damage_taken":0},{"event_name":"Accursed Blacksmith","player_choice":"Forge","floor":39,"damage_taken":0},{"event_name":"Wheel of Change","player_choice":"Damage","floor":46,"damage_taken":0}],"boss_relics":[{"not_picked":["Black Blood","Eternal Feather"],"picked":"Cursed Key"},{"not_picked":["Velvet Choker","Snecko Eye"],"picked":"White Beast Statue"}],"potions_floor_spawned":[1,5,10,18,19,31,33,35,36,41,42,45,48],"seed_played":"1217057575314688938","ascension_level":8,"potions_obtained":[{"floor":1,"key":"PowerPotion"},{"floor":5,"key":"Fire Potion"},{"floor":10,"key":"PowerPotion"},{"floor":14,"key":"SkillPotion"},{"floor":14,"key":"SpeedPotion"},{"floor":14,"key":"FairyPotion"},{"floor":18,"key":"Weak Potion"},{"floor":19,"key":"GamblersBrew"},{"floor":31,"key":"SteroidPotion"},{"floor":33,"key":"Weak Potion"},{"floor":35,"key":"SkillPotion"},{"floor":36,"key":"Strength Potion"},{"floor":45,"key":"Block Potion"},{"floor":48,"key":"Regen Potion"}],"is_trial":false}