{"gold_per_floor":[365,385,127,142,142,142,142,157,181,209,226,244,65,83,83,182,182,197,197,212,223,223,252,252,78,78,90,90,100,100,117,117,212,212,230,250,250,270,280,280,280,130,130,106,106,119,134,145,145,145],"floor_reached":51,"playtime":6045,"items_purged":["Strike_G","Strike_G","Strike_G","Strike_G"],"score":650,"play_id":"ede1f719-0998-4a6a-a7fa-b2268f90799f","local_time":"20180929031733","is_ascension_mode":false,"campfire_choices":[{"data":"Neutralize","floor":6,"key":"SMITH"},{"data":"Catalyst","floor":15,"key":"SMITH"},{"data":"Noxious Fumes","floor":24,"key":"SMITH"},{"data":"Noxious Fumes","floor":28,"key":"SMITH"},{"data":"Outmaneuver","floor":32,"key":"SMITH"},{"data":"Adrenaline","floor":40,"key":"SMITH"},{"data":"Well Laid Plans","floor":49,"key":"SMITH"}],"neow_cost":"PERCENT_DAMAGE","seed_source_timestamp":55872204132948,"circlet_count":0,"master_deck":["Defend_G","Defend_G","Defend_G+1","Defend_G","Defend_G","Strike_G","Survivor","Neutralize+1","Backflip+1","Heel Hook","Noxious Fumes+1","Catalyst+1","Backflip","Noxious Fumes+1","Corpse Explosion","Deadly Poison","Outmaneuver+1","Well Laid Plans+1","Outmaneuver+1","Adrenaline+1","Prepared","Blur"],"relics":["Ring of the Serpent","War Paint","Blood Vial","Bag of Preparation","Coffee Dripper","MutagenicStrength","Dodecahedron","Snake Skull","Mercury Hourglass","Paper Crane","Tough Bandages"],"potions_floor_usage":[12,18,23,33,50,50],"damage_taken":[{"damage":0,"enemies":"2 Louse","floor":1,"turns":3},{"damage":3,"enemies":"Small Slimes","floor":2,"turns":4},{"damage":0,"enemies":"Jaw Worm","floor":4,"turns":5},{"damage":6,"enemies":"2 Fungi Beasts","floor":8,"turns":3},{"damage":2,"enemies":"Lagavulin","floor":10,"turns":10},{"damage":0,"enemies":"Blue Slaver","floor":11,"turns":4},{"damage":21,"enemies":"Gremlin Gang","floor":12,"turns":6},{"damage":0,"enemies":"Exordium Thugs","floor":14,"turns":4},{"damage":11,"enemies":"Hexaghost","floor":16,"turns":10},{"damage":5,"enemies":"Spheric Guardian","floor":18,"turns":5},{"damage":0,"enemies":"Shell Parasite","floor":20,"turns":4},{"damage":6,"enemies":"Cultist and Chosen","floor":21,"turns":5},{"damage":3,"enemies":"Gremlin Leader","floor":23,"turns":6},{"damage":4,"enemies":"Snake Plant","floor":27,"turns":4},{"damage":4,"enemies":"Sentry and Sphere","floor":29,"turns":3},{"damage":0,"enemies":"3 Cultists","floor":31,"turns":2},{"damage":7,"enemies":"Collector","floor":33,"turns":6},{"damage":0,"enemies":"3 Darklings","floor":35,"turns":3},{"damage":0,"enemies":"Orb Walker","floor":36,"turns":3},{"damage":3,"enemies":"Spire Growth","floor":38,"turns":5},{"damage":0,"enemies":"4 Shapes","floor":39,"turns":3},{"damage":1,"enemies":"Mind Bloom Boss Battle","floor":45,"turns":5},{"damage":0,"enemies":"Sphere and 2 Shapes","floor":46,"turns":4},{"damage":0,"enemies":"Reptomancer","floor":47,"turns":4},{"damage":10,"enemies":"Spire Growth","floor":48,"turns":5},{"damage":48,"enemies":"Time Eater","floor":50,"turns":13}],"seed_played":"8086484651503162665","potions_obtained":[{"floor":2,"key":"SpeedPotion"},{"floor":10,"key":"Poison Potion"},{"floor":14,"key":"Strength Potion"},{"floor":20,"key":"Energy Potion"},{"floor":27,"key":"SkillPotion"},{"floor":29,"key":"SpeedPotion"},{"floor":33,"key":"Weak Potion"},{"floor":38,"key":"Dexterity Potion"}],"is_trial":false,"path_per_floor":["M","M","$","M","?","R","?","M","T","E","M","M","$","M","R","B",null,"M","?","M","M","T","E","R","$","T","M","R","M","$","M","R","B",null,"M","M","?","M","M","R","?","$","T","$","?","M","M","M","R","B"],"character_chosen":"THE_SILENT","items_purchased":["Noxious Fumes","War Paint","Noxious Fumes","Outmaneuver","Prepared"],"campfire_rested":0,"item_purchase_floors":[3,3,13,25,44],"current_hp_per_floor":[49,46,46,46,69,69,69,63,63,63,65,46,46,48,48,39,70,65,65,67,63,63,62,62,62,62,60,60,58,58,60,60,55,70,70,70,70,67,69,69,69,69,69,69,69,70,70,60,60,14],"gold":145,"neow_bonus":"TWO_FIFTY_GOLD","is_prod":false,"is_daily":false,"chose_seed":false,"campfire_upgraded":7,"win_rate":0,"timestamp":1538180253,"path_taken":["M","M","$","M","?","R","?","M","T","E","M","M","$","M","R","BOSS","M","?","?","M","?","E","R","$","T","M","R","M","$","M","R","BOSS","M","M","?","M","M","R","?","$","T","?","?","M","M","M","R","BOSS"],"build_version":"2018-09-27","purchased_purges":4,"victory":true,"max_hp_per_floor":[70,70,70,70,70,70,70,70,70,70,70,70,70,70,70,70,70,70,70,70,70,70,70,70,70,70,70,70,70,70,70,70,70,70,70,70,70,70,70,70,70,70,70,70,70,70,70,70,70,70],"card_choices":[{"not_picked":["Dagger Spray","Distraction"],"picked":"Backflip","floor":1},{"not_picked":["Prepared","Dodge and Roll"],"picked":"Heel Hook","floor":2},{"not_picked":["Underhanded Strike","Heel Hook","Quick Slash"],"picked":"SKIP","floor":4},{"not_picked":["Sucker Punch","Endless Agony"],"picked":"Catalyst","floor":8},{"not_picked":["Flying Knee","Slice"],"picked":"Backflip","floor":10},{"not_picked":["Dagger Throw","Backflip","Underhanded Strike"],"picked":"SKIP","floor":11},{"not_picked":["Dagger Spray","Blade Dance","Reflex"],"picked":"SKIP","floor":12},{"not_picked":["Dagger Throw","Predator","Underhanded Strike"],"picked":"SKIP","floor":14},{"not_picked":["Glass Knife","Doppelganger"],"picked":"Corpse Explosion","floor":16},{"not_picked":["Underhanded Strike","Slice","Deadly Poison"],"picked":"SKIP","floor":18},{"not_picked":["Deadly Poison","Flying Knee","Venomology"],"picked":"SKIP","floor":20},{"not_picked":["Cloak And Dagger+1","Backflip","Sucker Punch"],"picked":"SKIP","floor":21},{"not_picked":["Poisoned Stab","Deflect"],"picked":"Deadly Poison","floor":23},{"not_picked":["Dagger Spray","Deadly Poison"],"picked":"Well Laid Plans","floor":27},{"not_picked":["Terror+1","Poisoned Stab+1","Burst"],"picked":"SKIP","floor":29},{"not_picked":["Finisher","Eviscerate"],"picked":"Outmaneuver+1","floor":31},{"not_picked":["Tools of the Trade","Venomology"],"picked":"Adrenaline","floor":33},{"not_picked":["Dodge and Roll+1","Skewer","Expertise"],"picked":"SKIP","floor":35},{"not_picked":["Dagger Spray","Slice+1","Masterful Stab+1"],"picked":"SKIP","floor":36},{"not_picked":["Glass Knife","Reflex","Deflect"],"picked":"SKIP","floor":38},{"not_picked":["Dagger Throw","PiercingWail","Bane+1"],"picked":"SKIP","floor":39},{"not_picked":["Prepared+1","Outmaneuver","Finisher+1"],"picked":"SKIP","floor":46},{"not_picked":["Deadly Poison","Well Laid Plans"],"picked":"Blur","floor":47},{"not_picked":["Well Laid Plans+1","Noxious Fumes","Poisoned Stab"],"picked":"SKIP","floor":48}],"player_experience":156517,"relics_obtained":[{"floor":9,"key":"Blood Vial"},{"floor":10,"key":"Bag of Preparation"},{"floor":22,"key":"Dodecahedron"},{"floor":23,"key":"Snake Skull"},{"floor":26,"key":"Mercury Hourglass"},{"floor":43,"key":"Paper Crane"},{"floor":45,"key":"Tough Bandages"}],"event_choices":[{"event_name":"Big Fish","player_choice":"Banana","floor":5,"damage_taken":0},{"event_name":"Liars Game","player_choice":"disagreed","floor":7,"damage_taken":0},{"event_name":"Drug Dealer","player_choice":"Inject Mutagens","floor":19,"damage_taken":0},{"event_name":"SecretPortal","player_choice":"Rejected Portal.","floor":37,"damage_taken":0},{"event_name":"Transmorgrifier","player_choice":"Skipped","floor":41,"damage_taken":0},{"event_name":"MindBloom","player_choice":"Fight","floor":45,"damage_taken":0}],"is_beta":false,"boss_relics":[{"not_picked":["Runic Pyramid","Snecko Eye"],"picked":"Coffee Dripper"},{"not_picked":["Philosopher\u0027s Stone","Black Star"],"picked":"Ring of the Serpent"}],"items_purged_floors":[3,13,25,42],"is_endless":false,"potions_floor_spawned":[2,10,14,20,27,29,33,38,39,46,48],"ascension_level":0}