{"path_per_floor":["M","M","?","?","M","$","E","R","T","E","M","R","M","M","R","B",null,"M","M","?","$","?","E","$","M","T","?","?","M","M","M","R","B",null,"M","T","T","T","M","R","E","R","T","M","M","$","M","?","R"],"character_chosen":"IRONCLAD","items_purchased":["Apotheosis","Blue Candle","Demon Form"],"gold_per_floor":[112,122,297,297,315,48,81,81,104,130,149,149,169,189,189,284,284,298,315,315,21,21,53,3,14,89,89,4,22,42,58,58,162,162,179,179,179,179,190,190,218,218,218,231,245,56,68,68,68],"floor_reached":50,"campfire_rested":3,"playtime":4380,"current_hp_per_floor":[78,80,80,80,78,78,55,55,55,47,58,58,72,76,76,16,80,65,75,80,80,80,80,80,65,65,65,65,71,80,62,80,80,80,61,61,61,61,79,79,25,64,64,65,31,31,46,36,77],"items_purged":["Doubt","Regret","Strike_R","Regret"],"gold":68,"play_id":"18d9be9b-d5f1-4161-a0cb-c68233bebf92","is_prod":false,"is_daily":false,"campfire_rituals":0,"campfire_upgraded":4,"is_hardmode":false,"path_taken":["M","?","?","?","M","$","E","R","T","E","?","R","?","M","R","BOSS","M","M","?","$","?","E","$","?","T","?","?","M","M","?","R","BOSS","M","?","?","?","?","R","E","R","T","M","M","$","M","?","R","BOSS"],"build_version":"2018-01-11-PROD2","purchased_purges":5,"victory":false,"master_deck":["Defend_R","Defend_R","Defend_R","Defend_R","Bash","Clash","Rage","Sever Soul","Apotheosis","Reaper","Pommel Strike","Pommel Strike","Sever Soul","Demon Form","Clash","Rampage","Seeing Red","Clash","Doubt","Bite_R","Bite_R","Bite_R","Bite_R","Bite_R","Flex","Corruption","Warcry","Feed","Injury","Heavy Blade","Clumsy","Injury","Burning Pact","Pommel Strike","Injury","Iron Wave","Demon Form","Burning Pact","Madness","Madness","Dual Wield"],"max_hp_per_floor":[80,80,80,80,80,80,80,80,80,80,80,80,80,80,80,80,80,80,80,80,80,80,80,80,80,80,80,80,80,80,80,80,80,80,80,80,80,80,83,83,83,83,83,85,89,89,89,89,89],"relics":["Burning Blood","Singing Bowl","Lantern","Smiling Mask","Cursed Key","Blue Candle","War Paint","Gremlin Horn","Tiny Chest","Bag of Marbles","Black Star","Happy Flower","Regal Pillow","Bronze Scales","Juzu Bracelet","Dream Catcher","Frozen Eye"],"campfire_meditates":0,"card_choices":[{"not_picked":["Hemokinesis","Carnage"],"picked":"Clash"},{"not_picked":["Flex","Thunderclap"],"picked":"Rage"},{"not_picked":["Shrug It Off","Headbutt"],"picked":"Sever Soul"},{"not_picked":["Blood for Blood","Headbutt"],"picked":"Reaper"},{"not_picked":["Cleave","Clash"],"picked":"Battle Trance"},{"not_picked":["Dual Wield","Evolve"],"picked":"Pommel Strike"},{"not_picked":["Intimidate","Reaper"],"picked":"Pommel Strike"},{"not_picked":["Intimidate","Uppercut"],"picked":"Sever Soul"},{"not_picked":["Limit Break","Double Tap"],"picked":"Demon Form"},{"not_picked":["Rage","Havoc"],"picked":"Clash"},{"not_picked":["Blood for Blood","Cleave"],"picked":"Rampage"},{"not_picked":["True Grit","Headbutt"],"picked":"Seeing Red"},{"not_picked":["Combust","Double Tap"],"picked":"Clash"},{"not_picked":["Infernal Blade","Headbutt"],"picked":"Flex"},{"not_picked":["Headbutt","Havoc"],"picked":"Corruption"},{"not_picked":["Searing Blow","Pommel Strike"],"picked":"Warcry"},{"not_picked":["Reaper","Immolate"],"picked":"Feed"},{"not_picked":["Power Through","True Grit"],"picked":"Heavy Blade"},{"not_picked":["Infernal Blade","Searing Blow"],"picked":"Burning Pact"},{"not_picked":["Rampage","Clothesline"],"picked":"Pommel Strike"},{"not_picked":["Spot Weakness","Feel No Pain"],"picked":"Iron Wave"},{"not_picked":["Inflame","Clothesline"],"picked":"Burning Pact"},{"not_picked":["Body Slam","Iron Wave"],"picked":"Dual Wield"}],"player_experience":217839,"potions_floor_usage":[35,41,44,50,50],"damage_taken":[{"damage":8.0,"enemies":"Blue Slaver","floor":1.0,"turns":6.0},{"damage":0.0,"enemies":"Cultist","floor":2.0,"turns":3.0},{"damage":8.0,"enemies":"2 Louse","floor":5.0,"turns":3.0},{"damage":29.0,"enemies":"3 Sentries","floor":7.0,"turns":7.0},{"damage":16.0,"enemies":"Lagavulin","floor":10.0,"turns":6.0},{"damage":2.0,"enemies":"2 Fungi Beasts","floor":11.0,"turns":3.0},{"damage":0.0,"enemies":"3 Louse","floor":13.0,"turns":3.0},{"damage":9.0,"enemies":"Looter","floor":14.0,"turns":3.0},{"damage":70.0,"enemies":"Hexaghost","floor":16.0,"turns":11.0},{"damage":21.0,"enemies":"Spheric Guardian","floor":18.0,"turns":4.0},{"damage":5.0,"enemies":"3 Byrds","floor":19.0,"turns":4.0},{"damage":3.0,"enemies":"Gremlin Leader","floor":23.0,"turns":5.0},{"damage":21.0,"enemies":"Snake Plant","floor":25.0,"turns":2.0},{"damage":15.0,"enemies":"Centurion and Healer","floor":29.0,"turns":3.0},{"damage":6.0,"enemies":"3 Cultists","floor":30.0,"turns":4.0},{"damage":34.0,"enemies":"Slaver and Parasite","floor":31.0,"turns":5.0},{"damage":40.0,"enemies":"Champ","floor":33.0,"turns":10.0},{"damage":28,"enemies":"Orb Walker","floor":35,"turns":3},{"damage":3,"enemies":"3 Shapes","floor":39,"turns":4},{"damage":79,"enemies":"Giant Head","floor":41,"turns":8},{"damage":54,"enemies":"Maw","floor":44,"turns":6},{"damage":56,"enemies":"4 Shapes","floor":45,"turns":4},{"damage":18,"enemies":"Sphere and 2 Shapes","floor":47,"turns":4},{"damage":111,"enemies":"Donu and Deca","floor":50,"turns":6}],"event_choices":[{"event_name":"Liars Game","player_choice":"agreed","floor":3.0,"damage_taken":0.0},{"event_name":"Big Fish","player_choice":"Box","floor":4.0,"damage_taken":0.0},{"event_name":"Bonfire Elementals","player_choice":"UNCOMMON","floor":20.0,"damage_taken":0.0},{"event_name":"The Mausoleum","player_choice":"Yes","floor":22.0,"damage_taken":0.0},{"event_name":"Vampires","player_choice":"Became a vampire (Vial)","floor":27.0,"damage_taken":0.0},{"event_name":"Addict","player_choice":"Obtained Relic","floor":28.0,"damage_taken":0.0},{"event_name":"Winding Halls","player_choice":"Embrace Madness","floor":48,"damage_taken":0}],"boss_relics":[{"not_picked":["Tiny House","Eternal Feather"],"picked":"Black Star"}],"potions_floor_spawned":[1,5,14,16,18,33,39,41,45],"seed_played":"2804336594055686023","killed_by":"Donu and Deca","is_trial":false}