{"gold_per_floor":[112,123,123,48,65,65,96,96,148,148,162,181,199,230,230,331,331,342,353,353,366,39,66,66,66,117,117,136,171,186,11,11,109,109,126,142,142,17,35,35,51,51,51,104,104,116,16,31,31,31],"floor_reached":51,"playtime":5223,"items_purged":["Defend_G","Purity","Deadly Poison"],"score":760,"play_id":"cbdeb5ef-89fb-4e9c-b882-e1544446f89b","local_time":"20180715213239","is_ascension_mode":true,"campfire_choices":[{"data":"Neutralize","floor":6.0,"key":"SMITH"},{"data":"All Out Attack","floor":8.0,"key":"SMITH"},{"data":"Quick Slash","floor":10.0,"key":"SMITH"},{"data":"Underhanded Strike","floor":15.0,"key":"SMITH"},{"data":"Noxious Fumes","floor":25,"key":"SMITH"},{"floor":32,"key":"REST"},{"data":"Noxious Fumes","floor":40,"key":"SMITH"},{"data":"Envenom","floor":49,"key":"SMITH"}],"neow_cost":"","seed_source_timestamp":0,"circlet_count":0,"master_deck":["Defend_G","Defend_G","Defend_G","Defend_G","Strike_G","Strike_G","Strike_G","Survivor","Neutralize+1","Quick Slash+1","All Out Attack+1","Dodge and Roll","Prepared","Underhanded Strike+1","Underhanded Strike","Leg Sweep","Noxious Fumes+1","Crippling Poison","Envenom+1","Bane","Blur+1","Noxious Fumes+1","Tactician","Quick Slash+1","Eviscerate+1","Dash+1"],"special_seed":0,"relics":["Ring of the Snake","Centennial Puzzle","Omamori","Regal Pillow","Cursed Key","Thread and Needle","Letter Opener","Oddly Smooth Stone","Strawberry","Runic Pyramid","Turnip","Ice Cream"],"potions_floor_usage":[33,33,33,50,50,50],"damage_taken":[{"damage":0.0,"enemies":"2 Louse","floor":1.0,"turns":2.0},{"damage":0.0,"enemies":"Small Slimes","floor":2.0,"turns":5.0},{"damage":0.0,"enemies":"Jaw Worm","floor":5.0,"turns":5.0},{"damage":18.0,"enemies":"Gremlin Nob","floor":7.0,"turns":4.0},{"damage":9.0,"enemies":"Large Slime","floor":11.0,"turns":4.0},{"damage":0.0,"enemies":"Lots of Slimes","floor":12.0,"turns":1.0},{"damage":0.0,"enemies":"Looter","floor":13.0,"turns":3.0},{"damage":0.0,"enemies":"3 Sentries","floor":14.0,"turns":6.0},{"damage":29.0,"enemies":"Slime Boss","floor":16.0,"turns":10.0},{"damage":4,"enemies":"2 Thieves","floor":18,"turns":4},{"damage":0,"enemies":"Shell Parasite","floor":19,"turns":6},{"damage":13,"enemies":"Snake Plant","floor":21,"turns":6},{"damage":10,"enemies":"Slavers","floor":23,"turns":6},{"damage":5,"enemies":"Cultist and Chosen","floor":28,"turns":7},{"damage":1,"enemies":"Book of Stabbing","floor":29,"turns":6},{"damage":3,"enemies":"Sentry and Sphere","floor":30,"turns":5},{"damage":22,"enemies":"Collector","floor":33,"turns":8},{"damage":4,"enemies":"Orb Walker","floor":35,"turns":4},{"damage":1,"enemies":"3 Shapes","floor":36,"turns":4},{"damage":2,"enemies":"3 Darklings","floor":39,"turns":5},{"damage":20,"enemies":"Spire Growth","floor":41,"turns":6},{"damage":5,"floor":44,"turns":5},{"damage":0,"enemies":"Maw","floor":46,"turns":8},{"damage":9,"enemies":"3 Darklings","floor":48,"turns":4},{"damage":0,"enemies":"Donu and Deca","floor":50,"turns":10}],"seed_played":"3305010443788778534","potions_obtained":[{"floor":2.0,"key":"SpeedPotion"},{"floor":5.0,"key":"Strength Potion"},{"floor":11.0,"key":"LiquidBronze"},{"floor":12.0,"key":"Fire Potion"},{"floor":18,"key":"Strength Potion"},{"floor":21,"key":"LiquidBronze"},{"floor":28,"key":"GhostInAJar"},{"floor":35,"key":"Block Potion"},{"floor":48,"key":"Dexterity Potion"}],"is_trial":false,"path_per_floor":["M","M","?","$","M","R","E","R","T","R","M","M","M","E","R","B",null,"M","M","?","M","$","E","?","R","T","?","M","E","M","$","R","B",null,"M","M","?","$","M","R","M","$","T","?","$","M","$","M","R","B"],"character_chosen":"THE_SILENT","items_purchased":["Noxious Fumes","Thread and Needle","Noxious Fumes","Dexterity Potion","SpeedPotion"],"campfire_rested":1,"item_purchase_floors":[22,22,31,47,47],"current_hp_per_floor":[70,70,63,63,63,63,45,45,45,45,36,36,36,36,36,7,70,66,66,66,53,53,43,43,43,43,29,24,30,27,27,65,43,77,73,72,72,72,70,70,50,50,50,45,45,45,45,36,36,36],"gold":31,"neow_bonus":"","is_prod":false,"is_daily":false,"chose_seed":false,"campfire_upgraded":7,"win_rate":0.0,"timestamp":1531715559,"path_taken":["M","M","?","$","M","R","E","R","T","R","?","M","M","E","R","BOSS","M","M","?","?","$","E","?","R","T","?","M","E","M","$","R","BOSS","M","M","?","$","M","R","?","?","T","?","?","M","$","?","R","BOSS"],"build_version":"2018-07-12","purchased_purges":3,"victory":true,"max_hp_per_floor":[70,70,70,70,70,70,70,70,70,70,70,70,70,70,70,70,70,70,70,70,70,70,70,70,70,70,70,70,77,77,77,77,77,77,77,77,77,77,77,77,77,77,77,77,77,77,77,77,77,77],"card_choices":[{"not_picked":["PiercingWail","Masterful Stab","Prepared"],"picked":"SKIP","floor":1.0},{"not_picked":["Reflex","Endless Agony","Prepared"],"picked":"SKIP","floor":2.0},{"not_picked":["PiercingWail","Dagger Spray"],"picked":"Quick Slash","floor":5.0},{"not_picked":["Backflip","Caltrops"],"picked":"All Out Attack","floor":7.0},{"not_picked":["Malaise","Bane"],"picked":"Dodge and Roll","floor":11.0},{"not_picked":["PiercingWail","Tactician"],"picked":"Deadly Poison","floor":12.0},{"not_picked":["Underhanded Strike","Dagger Spray"],"picked":"Prepared","floor":13.0},{"not_picked":["Acrobatics","PiercingWail"],"picked":"Underhanded Strike","floor":14.0},{"not_picked":["Adrenaline","Tactician"],"picked":"Tools of the Trade","floor":16.0},{"not_picked":["Backflip+1","Slice"],"picked":"Underhanded Strike","floor":18},{"not_picked":["Prepared","Acrobatics"],"picked":"Leg Sweep","floor":19},{"not_picked":["Deadly Poison","Slice","Dagger Spray"],"picked":"SKIP","floor":21},{"not_picked":["Doppelganger","Skewer"],"picked":"Crippling Poison","floor":23},{"not_picked":["Underhanded Strike","Endless Agony"],"picked":"Bane","floor":28},{"not_picked":["Underhanded Strike","Choke","Skewer"],"picked":"SKIP","floor":29},{"not_picked":["Acrobatics","Dagger Throw+1"],"picked":"Blur+1","floor":30},{"not_picked":["Bullet Time","Venomology"],"picked":"Tactician","floor":33},{"not_picked":["Calculated Gamble+1","Deadly Poison","Poisoned Stab"],"picked":"SKIP","floor":35},{"not_picked":["Deflect+1","Heel Hook"],"picked":"Quick Slash+1","floor":36},{"not_picked":["Dodge and Roll","Caltrops"],"picked":"Eviscerate+1","floor":39},{"not_picked":["Poisoned Stab+1","Acrobatics+1","Flying Knee+1"],"picked":"SKIP","floor":41},{"not_picked":["Sucker Punch+1","Prepared"],"picked":"Dash+1","floor":44},{"not_picked":["Sucker Punch+1","Prepared+1","Outmaneuver+1"],"picked":"SKIP","floor":46},{"not_picked":["Dodge and Roll","Phantasmal Killer","Heel Hook"],"picked":"SKIP","floor":48}],"player_experience":68425,"relics_obtained":[{"floor":7.0,"key":"Centennial Puzzle"},{"floor":9.0,"key":"Omamori"},{"floor":14.0,"key":"Regal Pillow"},{"floor":23,"key":"Letter Opener"},{"floor":26,"key":"Oddly Smooth Stone"},{"floor":29,"key":"Strawberry"},{"floor":43,"key":"Turnip"},{"floor":44,"key":"Ice Cream"}],"event_choices":[{"event_name":"Golden Wing","player_choice":"Card Removal","floor":3.0,"damage_taken":0.0},{"event_name":"Back to Basics","player_choice":"Elegance","floor":20,"damage_taken":0},{"event_name":"Transmorgrifier","player_choice":"Transform","floor":24,"damage_taken":0},{"event_name":"Knowing Skull","player_choice":"CARD ","floor":27,"damage_taken":0},{"event_name":"Tomb of Lord Red Mask","player_choice":"Ignored","floor":37,"damage_taken":0},{"event_name":"Mysterious Sphere","player_choice":"Fight","floor":44,"damage_taken":0}],"boss_relics":[{"not_picked":["Coffee Dripper","Astrolabe"],"picked":"Cursed Key"},{"not_picked":["Velvet Choker","Busted Crown"],"picked":"Runic Pyramid"}],"items_purged_floors":[4,31,38],"is_endless":false,"potions_floor_spawned":[2,5,11,12,18,21,28,29,35,48],"ascension_level":1}