{"gold_per_floor":[111,111,130,145,158,158,186,25,50,50,78,96,96,96,96,96],"floor_reached":16,"playtime":432,"items_purged":[],"score":220,"play_id":"ece4e33a-0782-4303-96b1-fc994accda86","local_time":"20190306230341","is_ascension_mode":true,"campfire_choices":[{"data":"Slice","floor":6,"key":"SMITH"},{"data":"Noxious Fumes","floor":10,"key":"SMITH"},{"floor":13,"key":"REST"},{"data":"Bullet Time","floor":15,"key":"SMITH"}],"neow_cost":"NONE","seed_source_timestamp":667899031230038,"circlet_count":0,"master_deck":["AscendersBane","Defend_G","Defend_G","Defend_G","Defend_G","Defend_G","Strike_G","Strike_G","Strike_G","Strike_G","Strike_G","Survivor","Neutralize","Slice+1","Flying Knee","Backflip","Cloak And Dagger","Noxious Fumes+1","Bullet Time+1","Skewer"],"relics":["Ring of the Snake","NeowsBlessing","Boot","Omamori","Bag of Preparation","Golden Idol"],"potions_floor_usage":[5,7,11,11,16],"damage_taken":[{"damage":0,"enemies":"2 Louse","floor":1,"turns":1},{"damage":0,"enemies":"Cultist","floor":3,"turns":1},{"damage":0,"enemies":"Jaw Worm","floor":4,"turns":1},{"damage":1,"enemies":"2 Fungi Beasts","floor":5,"turns":3},{"damage":33,"enemies":"Lagavulin","floor":7,"turns":8},{"damage":26,"enemies":"Gremlin Nob","floor":11,"turns":4},{"damage":1,"enemies":"Red Slaver","floor":12,"turns":4},{"damage":32,"enemies":"The Guardian","floor":16,"turns":4}],"seed_played":"5268069431617672747","potions_obtained":[{"floor":4,"key":"Strength Potion"},{"floor":5,"key":"FearPotion"},{"floor":7,"key":"Strength Potion"},{"floor":11,"key":"Poison Potion"}],"is_trial":false,"path_per_floor":["M","?","M","M","M","R","E","$","T","R","E","M","R","?","R","B"],"character_chosen":"THE_SILENT","items_purchased":["Noxious Fumes","Regen Potion"],"campfire_rested":1,"item_purchase_floors":[8,8],"current_hp_per_floor":[59,59,59,59,58,58,25,25,25,25,11,10,29,29,29,0],"gold":96,"neow_bonus":"THREE_ENEMY_KILL","is_prod":false,"is_daily":false,"chose_seed":false,"campfire_upgraded":3,"win_rate":0,"timestamp":1551881021,"path_taken":["M","?","M","M","?","R","E","$","T","R","E","M","R","?","R","BOSS"],"build_version":"2019-01-23","purchased_purges":0,"victory":false,"max_hp_per_floor":[66,66,66,66,66,66,66,66,66,66,66,66,66,60,60,60],"card_choices":[{"not_picked":["Tactician","Flechettes"],"picked":"Slice","floor":1},{"not_picked":["Blade Dance","Prepared"],"picked":"Flying Knee","floor":3},{"not_picked":["Outmaneuver","Deflect"],"picked":"Backflip","floor":4},{"not_picked":["Deflect","Outmaneuver"],"picked":"Cloak And Dagger","floor":5},{"not_picked":["Bane","Sucker Punch","Acrobatics"],"picked":"SKIP","floor":7},{"not_picked":["Terror","All Out Attack"],"picked":"Bullet Time","floor":11},{"not_picked":["Dagger Throw","Endless Agony"],"picked":"Skewer","floor":12}],"player_experience":637488,"relics_obtained":[{"floor":7,"key":"Boot"},{"floor":9,"key":"Omamori"},{"floor":11,"key":"Bag of Preparation"}],"event_choices":[{"damage_healed":0,"gold_gain":0,"player_choice":"Leave","damage_taken":0,"max_hp_gain":0,"max_hp_loss":0,"event_name":"FaceTrader","floor":2,"gold_loss":0},{"damage_healed":0,"gold_gain":0,"player_choice":"Lose Max HP","damage_taken":0,"relics_obtained":["Golden Idol"],"max_hp_gain":0,"max_hp_loss":6,"event_name":"Golden Idol","floor":14,"gold_loss":0}],"is_beta":false,"boss_relics":[],"items_purged_floors":[],"is_endless":false,"potions_floor_spawned":[4,5,7,11],"killed_by":"The Guardian","ascension_level":20}