{"gold_per_floor":[360,360,383,407,430,430,453,23,23,48,48,83,106,144,144,144],"floor_reached":16,"playtime":603,"items_purged":[],"score":205,"play_id":"685a448f-5e6d-49e4-9419-6f2ab19d67c2","local_time":"20190308191313","is_ascension_mode":true,"campfire_choices":[{"data":"Go for the Eyes","floor":6,"key":"SMITH"},{"data":"Fusion","floor":11,"key":"SMITH"},{"data":"Bandage Up","floor":15,"key":"SMITH"}],"neow_cost":"PERCENT_DAMAGE","seed_source_timestamp":415207454352592,"circlet_count":0,"master_deck":["AscendersBane","Strike_B","Strike_B","Strike_B","Strike_B","Defend_B","Defend_B","Defend_B","Defend_B","Zap","Dualcast","Gash","Leap","Fusion+1","Go for the Eyes+1","Sweeping Beam","Bandage Up+1","Cold Snap","Defragment","Ball Lightning","FTL"],"relics":["Cracked Core","Golden Idol","Torii","Ornamental Fan","Orichalcum","Du-Vu Doll"],"potions_floor_usage":[5,10,12,13,16],"damage_taken":[{"damage":6,"enemies":"2 Louse","floor":1,"turns":2},{"damage":5,"enemies":"Small Slimes","floor":3,"turns":3},{"damage":4,"enemies":"Jaw Worm","floor":4,"turns":4},{"damage":5,"enemies":"2 Fungi Beasts","floor":5,"turns":4},{"damage":3,"enemies":"Looter","floor":7,"turns":4},{"damage":1,"enemies":"3 Louse","floor":10,"turns":3},{"damage":2,"enemies":"3 Sentries","floor":12,"turns":8},{"damage":24,"enemies":"Gremlin Gang","floor":13,"turns":6},{"damage":8,"enemies":"Lagavulin","floor":14,"turns":7},{"damage":22,"enemies":"The Guardian","floor":16,"turns":2}],"seed_played":"3408792308957510941","potions_obtained":[{"floor":4,"key":"Energy Potion"},{"floor":5,"key":"Fruit Juice"},{"floor":7,"key":"Fire Potion"},{"floor":10,"key":"PowerPotion"},{"floor":14,"key":"Dexterity Potion"}],"is_trial":false,"path_per_floor":["M","?","M","M","M","R","M","$","T","M","R","E","M","E","R","B"],"character_chosen":"DEFECT","items_purchased":["Torii","Bandage Up"],"campfire_rested":0,"item_purchase_floors":[8,8],"current_hp_per_floor":[40,40,35,31,31,31,28,28,28,31,31,33,13,9,9,0],"gold":144,"neow_bonus":"TWO_FIFTY_GOLD","is_prod":false,"is_daily":false,"chose_seed":false,"campfire_upgraded":3,"win_rate":0,"timestamp":1552090393,"path_taken":["M","?","M","M","M","R","M","$","T","M","R","E","M","E","R","BOSS"],"build_version":"2019-01-23","purchased_purges":0,"victory":false,"max_hp_per_floor":[71,64,64,64,69,69,69,69,69,69,69,69,69,69,69,69],"card_choices":[{"not_picked":["Stack","Recycle"],"picked":"Gash","floor":1},{"not_picked":["Capacitor","Reprogram"],"picked":"Leap","floor":3},{"not_picked":["Barrage","Thunder Strike"],"picked":"Fusion","floor":4},{"not_picked":["Barrage","Rebound"],"picked":"Go for the Eyes","floor":5},{"not_picked":["Reprogram","Stack"],"picked":"Sweeping Beam","floor":7},{"not_picked":["Streamline","Redo"],"picked":"Cold Snap","floor":10},{"not_picked":["Redo","Auto Shields"],"picked":"Defragment","floor":12},{"not_picked":["White Noise","Coolheaded"],"picked":"Ball Lightning","floor":13},{"not_picked":["Capacitor","Stack"],"picked":"FTL","floor":14}],"player_experience":870197,"relics_obtained":[{"floor":9,"key":"Ornamental Fan"},{"floor":12,"key":"Orichalcum"},{"floor":14,"key":"Du-Vu Doll"}],"event_choices":[{"damage_healed":0,"gold_gain":0,"player_choice":"Lose Max HP","damage_taken":0,"relics_obtained":["Golden Idol"],"max_hp_gain":0,"max_hp_loss":7,"event_name":"Golden Idol","floor":2,"gold_loss":0}],"is_beta":false,"boss_relics":[],"items_purged_floors":[],"is_endless":false,"potions_floor_spawned":[4,5,7,10,14],"killed_by":"The Guardian","ascension_level":16}