{"gold_per_floor":[110,127,141,141,159,159,172,201,201,218,231,231,231,241,241,344,344,361,361,59,59,73,89,119,134,161,171,185,31,47,67,67,169,219,238,248,248,260,260,260,284,284,307,307,230,230,250,268,268,268],"floor_reached":51,"playtime":8532,"items_purged":["Writhe"],"score":702,"play_id":"4426cba4-953c-4291-9daf-32ac00ba9ef8","local_time":"20181116234927","is_ascension_mode":false,"campfire_choices":[{"data":"Madness","floor":6,"key":"SMITH"},{"floor":12,"key":"REST"},{"data":"Whirlwind","floor":15,"key":"SMITH"},{"floor":32,"key":"REST"},{"floor":40,"key":"REST"},{"floor":42,"key":"REST"},{"floor":44,"key":"REST"},{"floor":46,"key":"REST"},{"floor":49,"key":"REST"}],"neow_cost":"PERCENT_DAMAGE","seed_source_timestamp":159118964144149,"circlet_count":0,"master_deck":["Strike_R","Strike_R","Strike_R","Strike_R","Strike_R","Defend_R","Defend_R","Defend_R","Defend_R","Bash","Madness+1","Panacea","Infernal Blade+1","Spot Weakness","Carnage","Dark Shackles","Battle Trance","Flex","Corruption","Whirlwind+1","Rage","Clash","Dark Embrace","Ghostly Armor+1","Feel No Pain","True Grit+1","Feel No Pain","Heavy Blade","Flex","Sever Soul","Entrench","Impervious","Rampage+1","Cleave+1","Impervious","Shrug It Off+1","Spot Weakness+1","Heavy Blade+1","Headbutt+1","Disarm+1","Iron Wave+1","Metallicize","Headbutt+1","Sword Boomerang","Parasite","Flex+1","Flame Barrier+1"],"relics":["Burning Blood","Boot","Centennial Puzzle","Fusion Hammer","Bag of Marbles","Oddly Smooth Stone","Mummified Hand","Ancient Tea Set","Tiny House","Dream Catcher","War Paint"],"potions_floor_usage":[11,11,38,50,50,50],"damage_taken":[{"damage":5,"enemies":"Jaw Worm","floor":1,"turns":5},{"damage":1,"enemies":"Cultist","floor":2,"turns":4},{"damage":8,"enemies":"Small Slimes","floor":3,"turns":4},{"damage":1,"enemies":"3 Louse","floor":5,"turns":4},{"damage":36,"enemies":"Exordium Thugs","floor":7,"turns":6},{"damage":17,"enemies":"Lagavulin","floor":8,"turns":5},{"damage":10,"enemies":"Gremlin Gang","floor":10,"turns":3},{"damage":4,"enemies":"3 Louse","floor":11,"turns":2},{"damage":6,"enemies":"Exordium Wildlife","floor":14,"turns":4},{"damage":9,"enemies":"Slime Boss","floor":16,"turns":6},{"damage":20,"enemies":"2 Thieves","floor":18,"turns":2},{"damage":1,"enemies":"Chosen","floor":22,"turns":4},{"damage":15,"enemies":"Snake Plant","floor":23,"turns":4},{"damage":20,"enemies":"Slavers","floor":24,"turns":7},{"damage":4,"enemies":"Chosen and Byrds","floor":25,"turns":5},{"damage":8,"enemies":"Cultist and Chosen","floor":27,"turns":6},{"damage":21,"enemies":"Snake Plant","floor":28,"turns":3},{"damage":15,"enemies":"3 Cultists","floor":30,"turns":7},{"damage":10,"enemies":"Cultist and Chosen","floor":31,"turns":3},{"damage":33,"enemies":"Automaton","floor":33,"turns":12},{"damage":7,"enemies":"3 Shapes","floor":35,"turns":5},{"damage":7,"enemies":"Orb Walker","floor":36,"turns":4},{"damage":4,"enemies":"Spire Growth","floor":38,"turns":5},{"damage":3,"enemies":"3 Darklings","floor":47,"turns":4},{"damage":1,"enemies":"Writhing Mass","floor":48,"turns":8},{"damage":61,"enemies":"Time Eater","floor":50,"turns":13}],"seed_played":"5959385650786489470","potions_obtained":[{"floor":2,"key":"SkillPotion"},{"floor":3,"key":"EssenceOfSteel"},{"floor":5,"key":"GamblersBrew"},{"floor":8,"key":"EssenceOfSteel"},{"floor":11,"key":"Swift Potion"},{"floor":22,"key":"Strength Potion"},{"floor":38,"key":"BloodPotion"}],"is_trial":false,"path_per_floor":["M","M","M","?","M","R","M","E","T","M","M","R","?","M","R","B",null,"M","?","$","?","M","M","E","M","T","M","M","$","M","M","R","B",null,"M","M","$","M","?","R","T","R","T","R","$","R","M","M","R","B",null],"character_chosen":"IRONCLAD","items_purchased":["Feel No Pain","Oddly Smooth Stone","Impervious","Metallicize"],"campfire_rested":7,"item_purchase_floors":[20,20,29,45],"current_hp_per_floor":[57,62,60,60,65,65,35,24,24,20,22,46,46,46,46,43,80,66,66,66,66,71,62,48,50,50,48,33,33,24,20,44,17,85,84,83,83,85,85,85,85,85,85,85,85,85,85,85,85,38],"gold":268,"neow_bonus":"RANDOM_COLORLESS_2","is_prod":false,"is_daily":false,"chose_seed":false,"campfire_upgraded":2,"win_rate":0,"timestamp":1542430167,"path_taken":["M","M","M","?","?","R","M","E","T","M","M","R","?","M","R","BOSS","M","?","$","?","M","?","E","?","T","M","M","$","M","M","R","BOSS","M","M","$","?","?","R","?","R","T","R","?","R","?","M","R","BOSS"],"build_version":"2018-11-15","purchased_purges":1,"victory":true,"max_hp_per_floor":[80,80,80,80,80,80,80,80,80,80,80,80,80,80,80,80,80,80,80,80,80,80,80,80,80,80,80,80,80,80,80,80,80,85,85,85,85,85,85,85,85,85,85,85,85,85,85,85,85,85],"card_choices":[{"not_picked":["Headbutt","Intimidate"],"picked":"Infernal Blade","floor":1},{"not_picked":["Flex","Anger"],"picked":"Spot Weakness","floor":2},{"not_picked":["Pummel","Intimidate"],"picked":"Carnage","floor":3},{"not_picked":["Body Slam","Spot Weakness"],"picked":"Battle Trance","floor":5},{"not_picked":["Intimidate","Warcry"],"picked":"Flex","floor":7},{"not_picked":["Offering","Sword Boomerang"],"picked":"Corruption","floor":8},{"not_picked":["Havoc","Thunderclap"],"picked":"Whirlwind","floor":10},{"not_picked":["Sword Boomerang","Perfected Strike"],"picked":"Rage","floor":11},{"not_picked":["Entrench","Anger"],"picked":"Clash","floor":14},{"not_picked":["Feed","Berserk"],"picked":"Dark Embrace","floor":16},{"not_picked":["Sword Boomerang","Entrench"],"picked":"Ghostly Armor+1","floor":18},{"not_picked":["Body Slam","Pummel"],"picked":"True Grit+1","floor":22},{"not_picked":["Seeing Red","True Grit"],"picked":"Feel No Pain","floor":23},{"not_picked":["Perfected Strike","Corruption+1"],"picked":"Heavy Blade","floor":24},{"not_picked":["Twin Strike","Carnage"],"picked":"Flex","floor":25},{"not_picked":["Shockwave","Burning Pact+1"],"picked":"Sever Soul","floor":27},{"not_picked":["Carnage+1","Perfected Strike+1"],"picked":"Entrench","floor":28},{"not_picked":["Shockwave","Cleave+1"],"picked":"Rampage+1","floor":30},{"not_picked":["Second Wind+1","Bloodletting+1"],"picked":"Cleave","floor":31},{"not_picked":["Offering","Double Tap"],"picked":"Impervious","floor":33},{"not_picked":["Burning Pact","Warcry"],"picked":"Shrug It Off","floor":34},{"not_picked":["Perfected Strike+1","Ghostly Armor"],"picked":"Spot Weakness+1","floor":35},{"not_picked":["Flame Barrier","Impervious"],"picked":"Heavy Blade+1","floor":36},{"not_picked":["Wild Strike","Dual Wield"],"picked":"Headbutt+1","floor":38},{"not_picked":["Rage+1","Wild Strike+1"],"picked":"Disarm+1","floor":42},{"not_picked":["Clothesline","Headbutt+1"],"picked":"Iron Wave+1","floor":44},{"not_picked":["Corruption+1","Iron Wave+1"],"picked":"Headbutt+1","floor":46},{"not_picked":["Armaments","Cleave"],"picked":"Sword Boomerang","floor":47},{"not_picked":["Havoc+1","Corruption"],"picked":"Flex+1","floor":48},{"not_picked":["Warcry","Cleave"],"picked":"Flame Barrier+1","floor":49}],"player_experience":1139442,"relics_obtained":[{"floor":8,"key":"Boot"},{"floor":9,"key":"Centennial Puzzle"},{"floor":24,"key":"Mummified Hand"},{"floor":26,"key":"Ancient Tea Set"},{"floor":41,"key":"Dream Catcher"},{"floor":43,"key":"War Paint"}],"event_choices":[{"damage_healed":0,"gold_gain":0,"player_choice":"1 cards matched","damage_taken":0,"max_hp_gain":0,"max_hp_loss":0,"event_name":"Match and Keep!","floor":4,"gold_loss":0,"cards_obtained":["Dark Shackles"]},{"damage_healed":0,"gold_gain":0,"player_choice":"Ignored","damage_taken":0,"max_hp_gain":0,"max_hp_loss":0,"event_name":"Golden Idol","floor":13,"gold_loss":0},{"damage_healed":0,"gold_gain":0,"player_choice":"Opened","damage_taken":0,"relics_obtained":["Bag of Marbles"],"max_hp_gain":0,"max_hp_loss":0,"event_name":"The Mausoleum","floor":19,"gold_loss":0,"cards_obtained":["Writhe"]},{"damage_healed":0,"gold_gain":0,"player_choice":"Ignored","damage_taken":0,"max_hp_gain":0,"max_hp_loss":0,"event_name":"N\u0027loth","floor":21,"gold_loss":0},{"damage_healed":0,"gold_gain":0,"player_choice":"Ignored","damage_taken":0,"max_hp_gain":0,"max_hp_loss":0,"event_name":"Tomb of Lord Red Mask","floor":39,"gold_loss":0}],"is_beta":false,"boss_relics":[{"not_picked":["Astrolabe","Runic Cube"],"picked":"Fusion Hammer"},{"not_picked":["Calling Bell","Mark of Pain"],"picked":"Tiny House"}],"items_purged_floors":[20],"is_endless":false,"potions_floor_spawned":[2,3,5,8,11,22,23,33,38],"ascension_level":0}