{"gold_per_floor":[116,116,133,148,323,323,43,69,69,69,85,120,120,130,130,232,232,244,244,0,13,13,32,48,83,106,124,124,214,230,261,261,261],"floor_reached":33,"playtime":1966,"items_purged":["Doubt"],"score":337,"play_id":"d94c3fdc-8b33-4e7b-9fd7-6a16a241fdc5","local_time":"20181016232609","is_ascension_mode":true,"campfire_choices":[{"data":"Armaments","floor":6,"key":"SMITH"},{"data":"Fire Breathing","floor":10,"key":"SMITH"},{"data":"Impervious","floor":15,"key":"SMITH"},{"data":"Demon Form","floor":28,"key":"SMITH"},{"data":"Impervious","floor":32,"key":"SMITH"}],"neow_cost":"NONE","seed_source_timestamp":480004538654475,"circlet_count":0,"master_deck":["Defend_R","Defend_R","Defend_R","Bash","Fire Breathing+1","Armaments+1","Uppercut","Whirlwind","Pommel Strike","Impervious+1","Cleave","Impervious+1","Dropkick","Bite","Bite","Bite","Bite","Bite","Fire Breathing","Ghostly Armor","Panacea","Thunderclap","Pummel","Demon Form+1","Clash","Heavy Blade+1","Infernal Blade+1"],"relics":["Burning Blood","Frozen Eye","Mercury Hourglass","Bottled Tornado","Pear","Philosopher\u0027s Stone","Happy Flower","PreservedInsect","The Courier"],"potions_floor_usage":[16,16,24,24,33,33],"damage_taken":[{"damage":1,"enemies":"Cultist","floor":1,"turns":4},{"damage":6,"enemies":"2 Louse","floor":3,"turns":2},{"damage":0,"enemies":"Small Slimes","floor":4,"turns":4},{"damage":25,"enemies":"3 Sentries","floor":8,"turns":12},{"damage":4,"enemies":"Blue Slaver","floor":11,"turns":3},{"damage":24,"enemies":"Gremlin Nob","floor":12,"turns":4},{"damage":10,"enemies":"Exordium Thugs","floor":14,"turns":4},{"damage":51,"enemies":"The Guardian","floor":16,"turns":11},{"damage":5,"enemies":"3 Byrds","floor":18,"turns":4},{"damage":12,"enemies":"2 Thieves","floor":21,"turns":4},{"damage":16,"enemies":"Centurion and Healer","floor":23,"turns":6},{"damage":5,"enemies":"Snake Plant","floor":24,"turns":5},{"damage":26,"enemies":"Gremlin Leader","floor":25,"turns":6},{"damage":10,"enemies":"Snecko","floor":27,"turns":4},{"damage":35,"enemies":"Shelled Parasite and Fungi","floor":30,"turns":5},{"damage":7,"enemies":"Slavers","floor":31,"turns":4},{"damage":58,"enemies":"Collector","floor":33,"turns":5}],"seed_played":"953975036489181730","potions_obtained":[{"floor":3,"key":"Regen Potion"},{"floor":14,"key":"Poison Potion"},{"floor":16,"key":"Swift Potion"},{"floor":23,"key":"Block Potion"},{"floor":30,"key":"Poison Potion"},{"floor":31,"key":"SteroidPotion"}],"is_trial":false,"path_per_floor":["M","?","M","M","?","R","$","E","T","R","M","E","?","M","R","B",null,"M","?","$","M","?","M","M","E","T","M","R","?","M","E","R"],"character_chosen":"IRONCLAD","items_purchased":["Frozen Eye","Fire Breathing","Ghostly Armor","Panacea"],"campfire_rested":0,"item_purchase_floors":[7,20,20,20],"current_hp_per_floor":[88,93,93,93,93,93,93,74,74,74,76,68,68,64,64,34,103,103,72,72,70,70,68,72,58,58,65,65,51,37,42,42,0],"gold":261,"neow_bonus":"TEN_PERCENT_HP_BONUS","is_prod":false,"is_daily":false,"chose_seed":false,"campfire_upgraded":5,"win_rate":0,"timestamp":1539746769,"path_taken":["M","?","?","M","?","R","?","E","T","R","?","E","?","M","R","BOSS","M","?","$","M","?","M","M","E","T","?","R","?","M","E","R","BOSS"],"build_version":"2018-10-11","purchased_purges":1,"victory":false,"max_hp_per_floor":[88,93,93,93,93,93,93,93,93,93,93,103,103,103,103,103,103,103,72,72,72,72,72,72,72,72,72,72,72,72,72,72,72],"card_choices":[{"not_picked":["Heavy Blade","Sword Boomerang","Clothesline"],"picked":"SKIP","floor":1},{"not_picked":["Pommel Strike","Warcry"],"picked":"Fire Breathing","floor":3},{"not_picked":["Warcry","Seeing Red"],"picked":"Armaments","floor":4},{"not_picked":["Carnage","Iron Wave"],"picked":"Uppercut","floor":8},{"not_picked":["Feel No Pain","Perfected Strike"],"picked":"Whirlwind","floor":11},{"not_picked":["Brutality","Whirlwind"],"picked":"Pommel Strike","floor":12},{"not_picked":["Flex","Iron Wave"],"picked":"Cleave","floor":14},{"not_picked":["Exhume","Feed"],"picked":"Impervious","floor":16},{"not_picked":["Havoc+1","Wild Strike"],"picked":"Dropkick","floor":18},{"not_picked":["Armaments","Perfected Strike+1"],"picked":"Thunderclap","floor":21},{"not_picked":["Evolve","Clothesline","Wild Strike"],"picked":"SKIP","floor":23},{"not_picked":["Havoc","Shrug It Off"],"picked":"Demon Form","floor":24},{"not_picked":["Combust","Spot Weakness","Perfected Strike"],"picked":"SKIP","floor":25},{"not_picked":["Wild Strike","Burning Pact"],"picked":"Clash","floor":27},{"not_picked":["Twin Strike","Shrug It Off"],"picked":"Heavy Blade+1","floor":30},{"not_picked":["True Grit","Berserk"],"picked":"Infernal Blade+1","floor":31}],"player_experience":924577,"relics_obtained":[{"floor":8,"key":"Mercury Hourglass"},{"floor":9,"key":"Bottled Tornado"},{"floor":12,"key":"Pear"},{"floor":25,"key":"Happy Flower"},{"floor":26,"key":"PreservedInsect"},{"floor":31,"key":"The Courier"}],"event_choices":[{"event_name":"Big Fish","player_choice":"Donut","floor":2,"damage_taken":0},{"event_name":"Liars Game","player_choice":"agreed","floor":5,"damage_taken":0},{"event_name":"Match and Keep!","player_choice":"1 cards matched","floor":13,"damage_taken":0},{"event_name":"Vampires","player_choice":"Became a vampire","floor":19,"damage_taken":0},{"event_name":"Transmorgrifier","player_choice":"Transform","floor":22,"damage_taken":0},{"event_name":"Knowing Skull","player_choice":"GOLD ","floor":29,"damage_taken":0}],"is_beta":false,"boss_relics":[{"not_picked":["White Beast Statue","Black Blood"],"picked":"Philosopher\u0027s Stone"}],"items_purged_floors":[7],"is_endless":false,"potions_floor_spawned":[3,14,16,23,30,31],"killed_by":"Collector","ascension_level":1}