{"path_per_floor":["M","?","M","M","M","E","?","?","T","?","R","M","R","M","R","B",null,"M","M","?","M","?","E","R","E","T","?","M","M","R","M","R","B",null,"M","M","M","M","M","R","E","?","T","R","M","R","$","M","R"],"character_chosen":"THE_SILENT","items_purchased":["Bottled Tornado"],"gold_per_floor":[119,119,132,151,164,197,197,197,197,157,157,171,171,188,188,289,289,289,289,289,289,289,289,289,289,289,289,289,289,289,289,289,289,289,289,289,289,289,289,289,289,289,289,289,289,289,27,27,27,27],"floor_reached":50,"campfire_rested":5,"playtime":6035,"current_hp_per_floor":[70,70,67,67,57,38,43,28,42,42,68,68,68,62,62,62,89,89,89,73,70,70,69,69,67,67,67,67,57,57,55,89,57,94,88,74,74,74,34,77,20,20,20,63,47,90,90,71,71,0],"items_purged":[],"gold":27,"score":618,"play_id":"07f4462b-24b9-45ae-a937-697fe8450968","local_time":"20180407141818","is_prod":false,"is_daily":false,"is_ascension_mode":false,"campfire_upgraded":5,"timestamp":1523103498,"path_taken":["M","?","M","M","M","E","?","?","T","?","R","?","R","M","R","BOSS","M","M","?","?","?","E","R","E","T","?","?","M","R","M","R","BOSS","M","M","M","M","M","R","E","?","T","R","M","R","$","M","R","BOSS"],"build_version":"2018-04-05v2","purchased_purges":0,"victory":false,"master_deck":["Defend_G","Defend_G","Defend_G","Defend_G+1","Strike_G","Strike_G","Survivor+1","Neutralize+1","Bouncing Flask+1","Skewer+1","Expertise+1","Eviscerate","Bullet Time+1","Footwork","After Image","Underhanded Strike","Calculated Gamble+1","Prepared+1","Deflect+1","Envenom+1","Acrobatics+1","PiercingWail+1","Blur","Crippling Poison","Outmaneuver","Escape Plan","Prepared+1","Tools of the Trade+1","Flying Knee+1","Bullet Time","Catalyst+1","Backflip","Terror+1","Expertise","Underhanded Strike+1","Deflect","Quick Slash+1","Outmaneuver+1"],"max_hp_per_floor":[70,70,70,70,70,70,75,75,89,89,89,89,89,89,89,89,89,89,89,89,89,89,89,89,89,89,89,89,89,89,89,89,89,94,94,94,94,94,94,94,94,94,94,94,94,94,94,94,94,94],"relics":["Astrolabe","Pen Nib","Mango","Ectoplasm","Enchiridion","The Specimen","War Paint","Vajra","Regal Pillow","Tiny House","Unceasing Top","Dream Catcher","Bottled Tornado"],"card_choices":[{"not_picked":["Flechettes","Malaise"],"picked":"Eviscerate","floor":1},{"not_picked":["Deadly Poison","Acrobatics"],"picked":"Footwork","floor":3},{"not_picked":["Blade Dance","Prepared"],"picked":"After Image","floor":4},{"not_picked":["Slice","Sucker Punch"],"picked":"Underhanded Strike","floor":5},{"not_picked":["Distraction","Dodge and Roll"],"picked":"Calculated Gamble","floor":6},{"not_picked":["Acrobatics","Phantasmal Killer"],"picked":"Prepared","floor":12},{"not_picked":["Dodge and Roll","Predator"],"picked":"Deflect","floor":14},{"not_picked":["Bullet Time","A Thousand Cuts"],"picked":"Envenom","floor":16},{"not_picked":["Poisoned Stab","Dagger Spray"],"picked":"Acrobatics","floor":18},{"not_picked":["Endless Agony","Dagger Throw"],"picked":"PiercingWail","floor":19},{"not_picked":["Flechettes","Quick Slash"],"picked":"Blur","floor":21},{"not_picked":["Terror","Choke"],"picked":"Crippling Poison","floor":23},{"not_picked":["Dagger Throw","Backflip"],"picked":"Outmaneuver","floor":25},{"not_picked":["Masterful Stab","Malaise"],"picked":"Escape Plan","floor":28},{"not_picked":["Backstab","Deadly Poison"],"picked":"Prepared","floor":29},{"not_picked":["Unload","Doppelganger"],"picked":"Tools of the Trade","floor":33},{"not_picked":["Choke","Bane"],"picked":"Underhanded Strike","floor":34},{"not_picked":["Underhanded Strike","Catalyst"],"picked":"Flying Knee","floor":35},{"not_picked":["Dagger Spray","Underhanded Strike"],"picked":"Bullet Time","floor":36},{"not_picked":["Deadly Poison","Deflect"],"picked":"Catalyst","floor":37},{"not_picked":["Dagger Throw","Slice"],"picked":"Backflip","floor":38},{"not_picked":["Deadly Poison","Venomology"],"picked":"Terror","floor":39},{"not_picked":["Blade Dance","Flechettes"],"picked":"Expertise","floor":41},{"not_picked":["Blade Dance","Footwork"],"picked":"Underhanded Strike","floor":44},{"not_picked":["Dodge and Roll","Flying Knee"],"picked":"Deflect","floor":45},{"not_picked":["Calculated Gamble","Backstab"],"picked":"Quick Slash","floor":46},{"not_picked":["All Out Attack","Die Die Die"],"picked":"Outmaneuver","floor":48}],"player_experience":55528,"potions_floor_usage":[6,16,16,29,33,36,37,38,39,41],"damage_taken":[{"damage":0,"enemies":"2 Louse","floor":1,"turns":2},{"damage":3,"enemies":"Small Slimes","floor":3,"turns":2},{"damage":0,"enemies":"Jaw Worm","floor":4,"turns":2},{"damage":10,"enemies":"3 Louse","floor":5,"turns":5},{"damage":19,"enemies":"Gremlin Nob","floor":6,"turns":4},{"damage":0,"enemies":"Exordium Wildlife","floor":12,"turns":2},{"damage":6,"enemies":"Large Slime","floor":14,"turns":3},{"damage":0,"enemies":"Hexaghost","floor":16,"turns":7},{"damage":0,"enemies":"Shell Parasite","floor":18,"turns":4},{"damage":0,"enemies":"Spheric Guardian","floor":19,"turns":3},{"damage":3,"enemies":"Centurion and Healer","floor":21,"turns":6},{"damage":1,"enemies":"Book of Stabbing","floor":23,"turns":5},{"damage":2,"enemies":"Slavers","floor":25,"turns":6},{"damage":0,"enemies":"3 Cultists","floor":28,"turns":5},{"damage":10,"enemies":"Snake Plant","floor":29,"turns":3},{"damage":2,"enemies":"Centurion and Healer","floor":31,"turns":5},{"damage":32,"enemies":"Champ","floor":33,"turns":9},{"damage":6,"enemies":"Orb Walker","floor":35,"turns":4},{"damage":26,"enemies":"3 Darklings","floor":36,"turns":5},{"damage":0,"enemies":"4 Shapes","floor":37,"turns":4},{"damage":0,"enemies":"Sphere and 2 Shapes","floor":38,"turns":3},{"damage":40,"enemies":"3 Darklings","floor":39,"turns":5},{"damage":57,"enemies":"2 Orb Walkers","floor":41,"turns":7},{"damage":16,"enemies":"4 Shapes","floor":45,"turns":7},{"damage":19,"enemies":"Sphere and 2 Shapes","floor":48,"turns":5},{"damage":101,"enemies":"Time Eater","floor":50,"turns":13}],"event_choices":[{"event_name":"Living Wall","player_choice":"Change","floor":2,"damage_taken":0},{"event_name":"Big Fish","player_choice":"Donut","floor":7,"damage_taken":0},{"event_name":"Shining Light","player_choice":"Entered Light","floor":8,"damage_taken":0},{"event_name":"The Woman in Blue","player_choice":"Bought 3 Potions","floor":10,"damage_taken":0},{"event_name":"Cursed Tome","player_choice":"Obtained Book","floor":20,"damage_taken":0},{"event_name":"Ghosts","player_choice":"Ignored","floor":22,"damage_taken":0},{"event_name":"The Mausoleum","player_choice":"Yes","floor":27,"damage_taken":0}],"boss_relics":[{"not_picked":["Calling Bell","Snecko Eye"],"picked":"Ectoplasm"},{"not_picked":["Velvet Choker","Eternal Feather"],"picked":"Tiny House"}],"potions_floor_spawned":[1,3,14,25,28,33,36,39,45],"seed_played":"-7729955749439351518","killed_by":"Time Eater","ascension_level":0,"is_trial":false}