{"gold_per_floor":[113,129,148,148,163,163,192,192,192,192,211,221,231,231],"floor_reached":14,"playtime":533,"items_purged":[],"score":174,"play_id":"4d71eda5-45de-4d70-9b3d-4e0a16836300","local_time":"20190305002516","is_ascension_mode":true,"campfire_choices":[{"data":"Havoc","floor":6,"key":"SMITH"},{"data":"Disarm","floor":8,"key":"SMITH"},{"data":"Burning Pact","floor":10,"key":"SMITH"}],"neow_cost":"NONE","seed_source_timestamp":88395971954567,"circlet_count":0,"master_deck":["AscendersBane","Strike_R","Strike_R","Strike_R","Strike_R","Strike_R","Defend_R","Defend_R","Defend_R","Defend_R","Bash+1","Clash","Evolve","Disarm+1","Bash","Double Tap","Havoc+1","Burning Pact+1","Clothesline","Fiend Fire"],"relics":["Burning Blood","Dream Catcher","Letter Opener"],"potions_floor_usage":[7],"damage_taken":[{"damage":7,"enemies":"Jaw Worm","floor":1,"turns":3},{"damage":6,"enemies":"Cultist","floor":2,"turns":3},{"damage":2,"enemies":"2 Louse","floor":3,"turns":3},{"damage":5,"enemies":"Large Slime","floor":5,"turns":7},{"damage":54,"enemies":"Gremlin Nob","floor":7,"turns":5},{"damage":4,"enemies":"Looter","floor":11,"turns":4},{"damage":28,"enemies":"3 Louse","floor":12,"turns":4},{"damage":12,"enemies":"Blue Slaver","floor":13,"turns":4},{"damage":8,"enemies":"Lots of Slimes","floor":14,"turns":1}],"seed_played":"5468318981939524132","potions_obtained":[{"floor":3,"key":"FearPotion"},{"floor":5,"key":"FairyPotion"},{"floor":13,"key":"FearPotion"}],"is_trial":false,"path_per_floor":["M","M","M","?","M","R","E","R","T","R","M","M","M","M"],"character_chosen":"IRONCLAD","items_purchased":[],"campfire_rested":0,"item_purchase_floors":[],"current_hp_per_floor":[67,67,71,71,72,72,24,24,24,24,26,13,7,0],"gold":231,"neow_bonus":"UPGRADE_CARD","is_prod":false,"is_daily":false,"chose_seed":false,"campfire_upgraded":3,"win_rate":0,"timestamp":1551763516,"path_taken":["M","M","M","?","M","R","E","R","T","R","?","M","M","M"],"build_version":"2019-01-23","purchased_purges":0,"victory":false,"max_hp_per_floor":[75,75,75,75,75,75,75,75,75,75,75,75,75,75],"card_choices":[{"not_picked":["Perfected Strike","True Grit"],"picked":"Clash","floor":1},{"not_picked":["Twin Strike","Sword Boomerang"],"picked":"Evolve","floor":2},{"not_picked":["Cleave","Thunderclap"],"picked":"Disarm","floor":3},{"not_picked":["Heavy Blade","Flex"],"picked":"Havoc","floor":5},{"not_picked":["Rampage","Juggernaut"],"picked":"Burning Pact","floor":7},{"not_picked":["Metallicize","Perfected Strike"],"picked":"Clothesline","floor":11},{"not_picked":["Perfected Strike","Iron Wave","Pommel Strike"],"picked":"SKIP","floor":12},{"not_picked":["Perfected Strike","Power Through"],"picked":"Fiend Fire","floor":13}],"player_experience":852300,"relics_obtained":[{"floor":7,"key":"Dream Catcher"},{"floor":9,"key":"Letter Opener"}],"event_choices":[{"damage_healed":0,"gold_gain":0,"player_choice":"2 cards matched","damage_taken":0,"max_hp_gain":0,"max_hp_loss":0,"event_name":"Match and Keep!","floor":4,"gold_loss":0,"cards_obtained":["Bash","Double Tap"]}],"is_beta":false,"boss_relics":[],"items_purged_floors":[],"is_endless":false,"potions_floor_spawned":[3,5,13],"killed_by":"Lots of Slimes","ascension_level":17}