{"gold_per_floor":[117,117,131,150,150,150,185,185,239,239,255,255,275,285,285,381,381,393,7,7,26,26,52,52,52],"floor_reached":25,"playtime":1058,"items_purged":[],"score":276,"play_id":"efe4c9b5-9c70-49f8-8b2a-8ef895ace41c","local_time":"20190226172543","is_ascension_mode":true,"campfire_choices":[{"floor":6,"key":"REST"},{"data":"Double Tap","floor":10,"key":"SMITH"},{"data":"Seeing Red","floor":12,"key":"SMITH"},{"data":"Perfected Strike","floor":15,"key":"SMITH"},{"floor":24,"key":"REST"}],"neow_cost":"NONE","seed_source_timestamp":148833242852500,"circlet_count":0,"master_deck":["Strike_R","Strike_R","Strike_R","Strike_R+1","Strike_R","Defend_R","Defend_R","Defend_R","Defend_R","Bash","Double Tap+1","Shrug It Off+1","Dropkick","Disarm","Seeing Red+1","Pommel Strike","Perfected Strike+1","Double Tap","Pommel Strike","Inflame","Metallicize","Shockwave+1","Disarm"],"relics":["Black Blood","Bag of Preparation","Dream Catcher","Blood Vial","Ginger","Art of War"],"potions_floor_usage":[13,23,23,25],"damage_taken":[{"damage":8,"enemies":"Small Slimes","floor":1,"turns":5},{"damage":0,"enemies":"2 Louse","floor":3,"turns":4},{"damage":6,"enemies":"Cultist","floor":4,"turns":3},{"damage":37,"enemies":"Gremlin Nob","floor":7,"turns":5},{"damage":11,"enemies":"Looter","floor":11,"turns":3},{"damage":6,"enemies":"3 Louse","floor":13,"turns":3},{"damage":9,"enemies":"Exordium Thugs","floor":14,"turns":4},{"damage":25,"enemies":"Hexaghost","floor":16,"turns":8},{"damage":19,"enemies":"Spheric Guardian","floor":18,"turns":4},{"damage":12,"enemies":"Chosen","floor":21,"turns":4},{"damage":38,"enemies":"Slavers","floor":23,"turns":9},{"damage":72,"enemies":"Gremlin Leader","floor":25,"turns":5}],"seed_played":"-7951763819913261833","potions_obtained":[{"floor":1,"key":"SpeedPotion"},{"floor":7,"key":"PowerPotion"},{"floor":13,"key":"Ancient Potion"},{"floor":14,"key":"Block Potion"}],"is_trial":false,"path_per_floor":["M","?","M","M","?","R","E","?","T","R","M","R","M","M","R","B",null,"M","$","?","M","?","E","R","E"],"character_chosen":"IRONCLAD","items_purchased":["Ginger","Inflame"],"campfire_rested":2,"item_purchase_floors":[19,19],"current_hp_per_floor":[78,66,72,72,56,80,49,49,49,49,46,46,48,47,47,30,68,61,61,61,61,61,35,59,0],"gold":52,"neow_bonus":"ONE_RANDOM_RARE_CARD","is_prod":false,"is_daily":false,"chose_seed":false,"campfire_upgraded":3,"win_rate":0,"timestamp":1551198343,"path_taken":["M","?","M","M","?","R","E","?","T","R","M","R","M","M","R","BOSS","M","$","?","M","?","E","R","E"],"build_version":"2019-01-23","purchased_purges":0,"victory":false,"max_hp_per_floor":[80,80,80,80,80,80,80,80,80,80,80,80,80,80,80,80,80,80,80,80,80,80,80,80,80],"card_choices":[{"not_picked":["Infernal Blade","Sever Soul"],"picked":"Shrug It Off","floor":1},{"not_picked":["Evolve","Entrench"],"picked":"Dropkick","floor":3},{"not_picked":["Rage","Headbutt"],"picked":"Disarm","floor":4},{"not_picked":["Armaments","Corruption"],"picked":"Seeing Red","floor":7},{"not_picked":["Combust","Fire Breathing","Cleave"],"picked":"SKIP","floor":11},{"not_picked":["Thunderclap","Havoc"],"picked":"Pommel Strike","floor":13},{"not_picked":["Feel No Pain","Twin Strike"],"picked":"Perfected Strike","floor":14},{"not_picked":["Juggernaut","Berserk"],"picked":"Double Tap","floor":16},{"not_picked":["Rupture+1","Cleave"],"picked":"Pommel Strike","floor":18},{"not_picked":["Blood for Blood","True Grit"],"picked":"Metallicize","floor":21},{"not_picked":["Wild Strike+1","Rage"],"picked":"Shockwave+1","floor":23},{"not_picked":["Hemokinesis","Shrug It Off"],"picked":"Disarm","floor":24}],"player_experience":366645,"relics_obtained":[{"floor":7,"key":"Dream Catcher"},{"floor":9,"key":"Blood Vial"},{"floor":23,"key":"Art of War"}],"event_choices":[{"damage_healed":0,"gold_gain":0,"player_choice":"Success","damage_taken":12,"relics_obtained":["Bag of Preparation"],"max_hp_gain":0,"max_hp_loss":0,"event_name":"Scrap Ooze","floor":2,"gold_loss":0},{"damage_healed":0,"gold_gain":0,"player_choice":"Entered Light","damage_taken":16,"max_hp_gain":0,"max_hp_loss":0,"event_name":"Shining Light","floor":5,"gold_loss":0,"cards_upgraded":["Shrug It Off","Strike_R"]},{"damage_healed":0,"gold_gain":0,"player_choice":"Ignored","damage_taken":0,"max_hp_gain":0,"max_hp_loss":0,"event_name":"Liars Game","floor":8,"gold_loss":0},{"damage_healed":0,"gold_gain":0,"player_choice":"Ignored","damage_taken":0,"max_hp_gain":0,"max_hp_loss":0,"event_name":"Beggar","floor":22,"gold_loss":0}],"is_beta":false,"boss_relics":[{"not_picked":["White Beast Statue","Calling Bell"],"picked":"Black Blood"}],"items_purged_floors":[],"is_endless":false,"potions_floor_spawned":[1,7,13,14,18,21],"killed_by":"Gremlin Leader","ascension_level":5}