{"path_per_floor":["M","M","?","M","?","R","T","R","T","E","$","M","E","?","R","B",null,"M","T","T","$","M","R","M","M","T","E","M","M","M","M","R","B",null,"M","$","M","?","M","R","$","M","T","R","?","T","$","M","R","B"],"character_chosen":"IRONCLAD","items_purchased":["Orichalcum","Fire Breathing","Flame Barrier","Double Tap","Mummified Hand","Apotheosis","Flash of Steel"],"gold_per_floor":[115,135,135,148,148,148,148,148,202,235,7,27,60,60,60,181,181,200,500,500,87,107,107,128,151,151,182,198,214,238,256,256,382,382,405,164,189,245,264,264,61,79,105,105,105,105,14,39,39,39],"floor_reached":51,"campfire_rested":0,"playtime":5368,"current_hp_per_floor":[80,80,60,60,53,53,53,53,53,28,28,34,37,37,37,33,80,80,80,80,80,77,77,73,76,90,89,95,97,97,99,99,99,100,100,100,100,95,98,98,98,96,96,96,96,96,96,100,100,100],"items_purged":["Strike_R","Strike_R"],"gold":39,"play_id":"c4437999-a6db-4ae5-aece-e21359adbe0f","is_prod":false,"is_daily":false,"campfire_rituals":0,"campfire_upgraded":2,"is_hardmode":false,"path_taken":["M","M","?","M","?","R","?","R","T","E","?","?","E","?","R","BOSS","M","?","?","$","M","R","M","M","T","E","?","M","?","?","R","BOSS","M","$","M","?","M","R","$","M","T","R","?","?","?","?","R","BOSS"],"build_version":"2018-01-11-PROD2","purchased_purges":2,"victory":true,"master_deck":["Defend_R","Defend_R","Defend_R","Defend_R","Evolve","Pommel Strike","Pommel Strike","Burning Pact","Fiend Fire","Warcry","Fire Breathing","Flame Barrier","Double Tap","Corruption","Havoc","Havoc","Juggernaut","Havoc","Feel No Pain","Fiend Fire","Uppercut","Apotheosis","Flash of Steel","Pommel Strike"],"max_hp_per_floor":[80,80,80,80,80,80,80,80,80,80,80,80,80,80,80,80,80,80,80,80,80,80,80,80,80,94,94,97,97,97,100,100,100,100,100,100,100,100,100,100,100,100,100,100,100,100,100,100,100,100],"relics":["Burning Blood","Oddly Smooth Stone","Golden Idol","Thread and Needle","Tiny Chest","Peace Pipe","Orichalcum","Meat on the Bone","Paper Frog","Mark of Pain","Old Coin","Dead Branch","Mango","Centennial Puzzle","Philosopher\u0027s Stone","Mummified Hand","Du-Vu Doll","Omamori","Bird Faced Urn"],"campfire_meditates":0,"card_choices":[{"not_picked":["Seeing Red","Headbutt"],"picked":"Evolve"},{"not_picked":["Sword Boomerang","Berserk"],"picked":"Pommel Strike"},{"not_picked":["Anger","Body Slam"],"picked":"Dropkick"},{"not_picked":["Dual Wield","Corruption"],"picked":"Cleave"},{"not_picked":["Bloodletting","Anger"],"picked":"Pommel Strike"},{"not_picked":["Heavy Blade","Twin Strike"],"picked":"Burning Pact"},{"not_picked":["Double Tap","Exhume"],"picked":"Fiend Fire"},{"not_picked":["Havoc","Iron Wave"],"picked":"Warcry"},{"not_picked":["Twin Strike","Dual Wield"],"picked":"Corruption"},{"not_picked":["Wild Strike","True Grit"],"picked":"Armaments"},{"not_picked":["Heavy Blade","Wild Strike"],"picked":"Havoc"},{"not_picked":["Sword Boomerang","Pommel Strike"],"picked":"Havoc"},{"not_picked":["Clothesline","Whirlwind"],"picked":"Juggernaut"},{"not_picked":["Dropkick","Twin Strike"],"picked":"Havoc"},{"not_picked":["Flame Barrier","Rampage"],"picked":"Feel No Pain"},{"not_picked":["Reaper","Demon Form"],"picked":"Fiend Fire"},{"not_picked":["Headbutt","Whirlwind"],"picked":"Uppercut"},{"not_picked":["Flex","Exhume"],"picked":"Pommel Strike"}],"player_experience":105603,"potions_floor_usage":[10,10,16,29],"damage_taken":[{"damage":3,"enemies":"Cultist","floor":1,"turns":4},{"damage":0,"enemies":"Small Slimes","floor":2,"turns":3},{"damage":6,"enemies":"2 Louse","floor":4,"turns":3},{"damage":46,"enemies":"3 Sentries","floor":10,"turns":8},{"damage":0,"enemies":"Large Slime","floor":12,"turns":5},{"damage":3,"enemies":"Gremlin Nob","floor":13,"turns":4},{"damage":22,"enemies":"The Guardian","floor":16,"turns":15},{"damage":3,"enemies":"Shell Parasite","floor":18,"turns":3},{"damage":9,"enemies":"2 Thieves","floor":22,"turns":4},{"damage":10,"enemies":"Snake Plant","floor":24,"turns":3},{"damage":3,"enemies":"Centurion and Healer","floor":25,"turns":4},{"damage":7,"enemies":"Gremlin Leader","floor":27,"turns":3},{"damage":3,"enemies":"3 Cultists","floor":28,"turns":3},{"damage":2,"enemies":"Chosen and Byrds","floor":29,"turns":6},{"damage":1,"enemies":"Centurion and Healer","floor":30,"turns":2},{"damage":7,"enemies":"Sentry and Sphere","floor":31,"turns":4},{"damage":6,"enemies":"Collector","floor":33,"turns":3},{"damage":2,"enemies":"3 Shapes","floor":35,"turns":4},{"damage":0,"enemies":"Orb Walker","floor":37,"turns":2},{"damage":19,"enemies":"Mysterious Sphere","floor":38,"turns":4},{"damage":3,"enemies":"Sphere and 2 Shapes","floor":39,"turns":2},{"damage":8,"enemies":"3 Darklings","floor":42,"turns":2},{"damage":1,"enemies":"4 Shapes","floor":48,"turns":2},{"damage":13,"enemies":"Donu and Deca","floor":50,"turns":2}],"event_choices":[{"event_name":"Golden Idol","player_choice":"Take Damage","floor":3,"damage_taken":0},{"event_name":"Golden Wing","player_choice":"Card Removal","floor":5,"damage_taken":0},{"event_name":"Big Fish","player_choice":"Box","floor":14,"damage_taken":0},{"event_name":"Mysterious Sphere","player_choice":"Fight","floor":38,"damage_taken":0}],"boss_relics":[{"not_picked":["Astrolabe","Calling Bell"],"picked":"Mark of Pain"},{"not_picked":["Velvet Choker","Cursed Key"],"picked":"Philosopher\u0027s Stone"}],"potions_floor_spawned":[1,2,13,25,28,29,31,37,38,42,48],"seed_played":"8755461506392489129","is_trial":false}