{"gold_per_floor":[110,127,127,92,119,147,147,173,173,173,190,210,210,221,221,321,321,338,355,71,71,8,8,35,35,35,47,47,47],"floor_reached":29,"playtime":1195,"items_purged":["Strike_B"],"score":405,"play_id":"493532cf-55aa-4d6f-b6dd-c3a2c6220c31","local_time":"20190309122721","is_ascension_mode":true,"campfire_choices":[{"data":"Hologram","floor":7,"key":"SMITH"},{"floor":10,"key":"REST"},{"floor":13,"key":"REST"},{"floor":15,"key":"REST"},{"data":"Rainbow","floor":23,"key":"SMITH"},{"data":"Glacier","floor":25,"key":"SMITH"},{"floor":28,"key":"REST"}],"neow_cost":"NONE","seed_source_timestamp":162107369794602,"circlet_count":0,"master_deck":["AscendersBane","Strike_B","Strike_B","Strike_B","Defend_B","Defend_B","Defend_B+1","Defend_B+1","Zap+1","Dualcast","Hologram+1","Rainbow+1","Ball Lightning","Ball Lightning","Glacier+1"],"relics":["Cracked Core","Smiling Mask","Lantern","War Paint","The Courier","Sozu","Torii","Thread and Needle","Pantograph"],"potions_floor_usage":[16,21,27],"damage_taken":[{"damage":3,"enemies":"2 Louse","floor":1,"turns":2},{"damage":0,"enemies":"Jaw Worm","floor":2,"turns":3},{"damage":39,"enemies":"Lagavulin","floor":6,"turns":7},{"damage":35,"enemies":"3 Sentries","floor":8,"turns":10},{"damage":0,"enemies":"Cultist","floor":11,"turns":3},{"damage":0,"enemies":"2 Fungi Beasts","floor":12,"turns":3},{"damage":20,"enemies":"Exordium Thugs","floor":14,"turns":6},{"damage":26,"enemies":"The Guardian","floor":16,"turns":13},{"damage":0,"enemies":"Spheric Guardian","floor":18,"turns":3},{"damage":10,"enemies":"Shell Parasite","floor":19,"turns":4},{"damage":0,"enemies":"Snake Plant","floor":21,"turns":1},{"damage":35,"enemies":"Book of Stabbing","floor":24,"turns":6},{"damage":0,"enemies":"Shelled Parasite and Fungi","floor":27,"turns":6},{"damage":51,"enemies":"Gremlin Leader","floor":29,"turns":6}],"seed_played":"9001262715716871326","potions_obtained":[{"floor":1,"key":"SmokeBomb"},{"floor":8,"key":"Swift Potion"},{"floor":14,"key":"Dexterity Potion"},{"floor":16,"key":"EssenceOfSteel"}],"is_trial":false,"path_per_floor":["M","M","?","?","T","E","R","E","T","R","M","M","R","M","R","B",null,"M","M","$","M","$","R","E","R","T","M","R","E"],"character_chosen":"DEFECT","items_purchased":["Torii","Glacier"],"campfire_rested":4,"item_purchase_floors":[20,22],"current_hp_per_floor":[65,65,65,75,75,36,36,1,1,23,23,23,45,25,47,21,62,62,52,52,52,52,52,17,17,17,17,39,0],"gold":47,"neow_bonus":"UPGRADE_CARD","is_prod":false,"is_daily":false,"chose_seed":false,"campfire_upgraded":3,"win_rate":0,"timestamp":1552156041,"path_taken":["M","M","?","?","?","E","R","E","T","R","?","M","R","M","R","BOSS","M","M","$","M","$","R","E","R","T","M","R","E"],"build_version":"2019-01-23","purchased_purges":1,"victory":false,"max_hp_per_floor":[75,75,75,75,75,75,75,75,75,75,75,75,75,75,75,75,75,75,75,75,75,75,75,75,75,75,75,75,75],"card_choices":[{"not_picked":["Rebound","Reinforced Body","Undo"],"picked":"SKIP","floor":1},{"not_picked":["Rebound","Scrape","Darkness"],"picked":"SKIP","floor":2},{"not_picked":["Sweeping Beam","Storm"],"picked":"Hologram","floor":6},{"not_picked":["Consume","Undo","Streamline"],"picked":"SKIP","floor":8},{"not_picked":["Consume","Beam Cell","Streamline"],"picked":"SKIP","floor":11},{"not_picked":["Turbo","Hologram","Skim"],"picked":"SKIP","floor":12},{"not_picked":["Redo","Sweeping Beam","Turbo"],"picked":"SKIP","floor":14},{"not_picked":["Multi-Cast","Fission"],"picked":"Rainbow","floor":16},{"not_picked":["Conserve Battery","Sweeping Beam"],"picked":"Ball Lightning","floor":18},{"not_picked":["Redo","Turbo+1"],"picked":"Ball Lightning","floor":19},{"not_picked":["Streamline","Ball Lightning","Reprogram"],"picked":"SKIP","floor":24},{"not_picked":["Chaos+1","Undo","Beam Cell"],"picked":"SKIP","floor":27}],"player_experience":338290,"relics_obtained":[{"floor":5,"key":"Smiling Mask"},{"floor":6,"key":"Lantern"},{"floor":8,"key":"War Paint"},{"floor":9,"key":"The Courier"},{"floor":24,"key":"Thread and Needle"},{"floor":26,"key":"Pantograph"}],"event_choices":[{"damage_healed":0,"gold_gain":0,"player_choice":"Ignored","damage_taken":0,"max_hp_gain":0,"max_hp_loss":0,"event_name":"Golden Wing","floor":3,"gold_loss":0},{"damage_healed":18,"gold_gain":0,"player_choice":"Healed","damage_taken":0,"max_hp_gain":0,"max_hp_loss":0,"event_name":"The Cleric","floor":4,"gold_loss":35}],"is_beta":false,"boss_relics":[{"not_picked":["Fusion Hammer","Pandora\u0027s Box"],"picked":"Sozu"}],"items_purged_floors":[20],"is_endless":false,"potions_floor_spawned":[1,8,14,16,21,27],"killed_by":"Gremlin Leader","ascension_level":12}