{"gold_per_floor":[109,129,129,181,194,194,214,232,232,121,139,153,183,195,195,295,295,314,332,247,17,33,49,66,66,66,84,84,84,84,103,103,208,208,220,275,275,293,293,293,320,340,340,440,766,186,197,213,213,213],"floor_reached":50,"playtime":5076,"items_purged":["Defend_B","Strike_B"],"score":586,"play_id":"8b01edad-ea66-43d0-8185-45bfc3ac74f3","local_time":"20190204150856","is_ascension_mode":true,"campfire_choices":[{"data":"Redo","floor":6,"key":"SMITH"},{"floor":15,"key":"REST"},{"data":"Genetic Algorithm","floor":25,"key":"SMITH"},{"data":"Doom and Gloom","floor":29,"key":"SMITH"},{"data":"Echo Form","floor":32,"key":"SMITH"},{"data":"Hyperbeam","floor":40,"key":"SMITH"},{"floor":49,"key":"RECALL"}],"neow_cost":"NONE","seed_source_timestamp":64062105789907,"circlet_count":0,"master_deck":["Strike_B+1","Strike_B","Strike_B","Defend_B+1","Defend_B","Defend_B","Zap","Dualcast","Doom and Gloom+1","Steam","Redo+1","Hologram","Lockon","BootSequence","Defragment","Stack","Core Surge","Hologram","Echo Form+1","Gash","Reboot+1","Genetic Algorithm","Master of Strategy","Go for the Eyes","Gash","Genetic Algorithm+1","Ball Lightning","Necronomicurse","Reinforced Body+1","Hyperbeam+1","Hologram+1","Streamline","Consume","Conserve Battery","Rebound+1","White Noise+1","Turbo+1","Fusion","Beam Cell+1","Redo+1"],"relics":["Cracked Core","Bronze Scales","Question Card","Matryoshka","Eternal Feather","Mercury Hourglass","Boot","Ornamental Fan","Necronomicon","White Beast Statue","Turnip","Gambling Chip","Ancient Tea Set","Torii","Old Coin","Cables","Strawberry"],"potions_floor_usage":[13,16,16,19,24,27,27,27,36,41,47,48,50,50],"damage_taken":[{"damage":2,"enemies":"2 Louse","floor":1,"turns":2},{"damage":8,"enemies":"Small Slimes","floor":2,"turns":2},{"damage":0,"enemies":"Jaw Worm","floor":5,"turns":3},{"damage":0,"enemies":"2 Fungi Beasts","floor":7,"turns":3},{"damage":2,"enemies":"Red Slaver","floor":8,"turns":2},{"damage":0,"enemies":"Blue Slaver","floor":11,"turns":2},{"damage":0,"enemies":"Large Slime","floor":12,"turns":3},{"damage":7,"enemies":"Lagavulin","floor":13,"turns":5},{"damage":8,"enemies":"2 Fungi Beasts","floor":14,"turns":3},{"damage":28,"enemies":"Hexaghost","floor":16,"turns":8},{"damage":0,"enemies":"Chosen","floor":18,"turns":4},{"damage":14,"enemies":"Shell Parasite","floor":19,"turns":6},{"damage":10,"enemies":"Shelled Parasite and Fungi","floor":22,"turns":6},{"damage":6,"enemies":"Centurion and Healer","floor":23,"turns":8},{"damage":4,"enemies":"Snecko","floor":24,"turns":5},{"damage":8,"enemies":"Cultist and Chosen","floor":27,"turns":7},{"damage":6,"enemies":"Centurion and Healer","floor":31,"turns":4},{"damage":55,"enemies":"Champ","floor":33,"turns":10},{"damage":8,"enemies":"Orb Walker","floor":35,"turns":3},{"damage":0,"enemies":"2 Orb Walkers","floor":36,"turns":3},{"damage":4,"enemies":"3 Darklings","floor":38,"turns":3},{"damage":7,"enemies":"Reptomancer","floor":41,"turns":5},{"damage":16,"enemies":"Jaw Worm Horde","floor":42,"turns":3},{"damage":0,"enemies":"Mind Bloom Boss Battle","floor":44,"turns":4},{"damage":24,"enemies":"Nemesis","floor":45,"turns":7},{"damage":0,"enemies":"Sphere and 2 Shapes","floor":47,"turns":1},{"damage":26,"enemies":"Spire Growth","floor":48,"turns":6},{"damage":67,"enemies":"Awakened One","floor":50,"turns":8}],"seed_played":"-7606706823101472140","potions_obtained":[{"floor":2,"key":"PowerPotion"},{"floor":8,"key":"GamblersBrew"},{"floor":12,"key":"GamblersBrew"},{"floor":13,"key":"SpeedPotion"},{"floor":14,"key":"SteroidPotion"},{"floor":16,"key":"AttackPotion"},{"floor":23,"key":"FearPotion"},{"floor":24,"key":"SkillPotion"},{"floor":27,"key":"Fruit Juice"},{"floor":31,"key":"GamblersBrew"},{"floor":35,"key":"SteroidPotion"},{"floor":36,"key":"Regen Potion"},{"floor":38,"key":"AttackPotion"},{"floor":41,"key":"Weak Potion"},{"floor":42,"key":"PowerPotion"},{"floor":44,"key":"FocusPotion"},{"floor":47,"key":"Fruit Juice"},{"floor":48,"key":"Poison Potion"}],"is_trial":false,"path_per_floor":["M","M","?","?","M","R","M","M","T","$","M","M","E","M","R","B",null,"M","M","?","$","M","M","M","R","T","M","?","R","?","M","R","B",null,"M","?","?","M","?","R","E","M","T","?","E","$","M","M","R","B"],"character_chosen":"DEFECT","items_purchased":["BootSequence","Genetic Algorithm","Master of Strategy","Cables","Strawberry","Fusion"],"campfire_rested":1,"item_purchase_floors":[10,21,21,46,46,46],"current_hp_per_floor":[73,65,50,50,50,50,50,48,48,48,48,48,41,33,55,27,75,75,61,61,61,51,45,41,56,56,53,37,52,52,46,64,9,80,72,72,72,68,68,76,69,53,53,53,29,36,41,27,51,0],"gold":213,"neow_bonus":"RANDOM_COMMON_RELIC","is_prod":false,"is_daily":false,"chose_seed":false,"campfire_upgraded":5,"win_rate":0,"timestamp":1549289336,"path_taken":["M","M","?","?","M","R","M","M","T","$","M","M","E","M","R","BOSS","M","M","?","$","M","M","M","R","T","M","?","R","?","?","R","BOSS","M","?","?","M","?","R","E","?","T","?","E","$","M","M","R","BOSS"],"build_version":"2019-01-23","purchased_purges":2,"victory":false,"max_hp_per_floor":[75,75,75,75,75,75,75,75,75,75,75,75,75,75,75,75,75,75,75,75,75,75,75,75,75,75,80,80,80,80,80,80,80,80,80,80,76,76,76,76,76,76,76,76,76,83,88,88,88,88],"card_choices":[{"not_picked":["Go for the Eyes","Leap"],"picked":"Doom and Gloom","floor":1},{"not_picked":["Fusion","Redo"],"picked":"Steam","floor":2},{"not_picked":["Steam","Leap"],"picked":"Redo","floor":5},{"not_picked":["Conserve Battery","Melter"],"picked":"Hologram","floor":7},{"not_picked":["Force Field","Coolheaded"],"picked":"Lockon","floor":8},{"not_picked":["Coolheaded","Turbo","Double Energy"],"picked":"Defragment","floor":11},{"not_picked":["Turbo","Tempest","Steam"],"picked":"Stack","floor":12},{"not_picked":["Hello World","Barrage","Rebound"],"picked":"Core Surge","floor":13},{"not_picked":["Lockon","Barrage","Rebound"],"picked":"Hologram","floor":14},{"not_picked":["Biased Cognition","Core Surge","Fission"],"picked":"Echo Form","floor":16},{"not_picked":["Turbo","Sunder","Redo"],"picked":"Gash","floor":18},{"not_picked":["Turbo","Sweeping Beam","Compile Driver"],"picked":"Reboot","floor":19},{"not_picked":["Auto Shields","Hello World+1","Sweeping Beam"],"picked":"Go for the Eyes","floor":22},{"not_picked":["Undo","Heatsinks","Rebound"],"picked":"Gash","floor":23},{"not_picked":["Leap","Sunder","Reinforced Body+1"],"picked":"Genetic Algorithm","floor":24},{"not_picked":["Sunder","Defragment","Steam"],"picked":"Ball Lightning","floor":27},{"not_picked":["Coolheaded","Sweeping Beam","Turbo"],"picked":"Reinforced Body+1","floor":31},{"not_picked":["Buffer","Creative AI","All For One"],"picked":"Hyperbeam","floor":33},{"not_picked":["Static Discharge+1","Beam Cell","Go for the Eyes"],"picked":"Hologram+1","floor":35},{"not_picked":["Ball Lightning","Hologram+1","Redo+1"],"picked":"Streamline","floor":36},{"not_picked":["Sunder","Reprogram+1","Chill"],"picked":"Consume","floor":38},{"not_picked":["Stack","Barrage+1","Capacitor"],"picked":"Conserve Battery","floor":41},{"not_picked":["BootSequence+1","Biased Cognition","Coolheaded"],"picked":"Rebound+1","floor":42},{"not_picked":["Coolheaded+1","Heatsinks+1","Ball Lightning"],"picked":"White Noise+1","floor":44},{"not_picked":["Chill+1","BootSequence+1","Scrape+1"],"picked":"Turbo+1","floor":45},{"not_picked":["Turbo+1","Consume","Storm"],"picked":"Beam Cell+1","floor":47},{"not_picked":["Leap","Beam Cell+1","Ball Lightning"],"picked":"Redo+1","floor":48}],"player_experience":207902,"relics_obtained":[{"floor":9,"key":"Question Card"},{"floor":13,"key":"Matryoshka"},{"floor":26,"key":"Boot"},{"floor":26,"key":"Ornamental Fan"},{"floor":28,"key":"Necronomicon"},{"floor":36,"key":"Turnip"},{"floor":41,"key":"Gambling Chip"},{"floor":43,"key":"Ancient Tea Set"},{"floor":44,"key":"Torii"},{"floor":45,"key":"Old Coin"}],"event_choices":[{"damage_healed":0,"gold_gain":0,"player_choice":"Entered Light","damage_taken":15,"max_hp_gain":0,"max_hp_loss":0,"event_name":"Shining Light","floor":3,"gold_loss":0,"cards_upgraded":["Strike_B","Defend_B"]},{"damage_healed":0,"gold_gain":52,"player_choice":"Gained Gold","damage_taken":0,"max_hp_gain":0,"max_hp_loss":0,"event_name":"Golden Wing","floor":4,"gold_loss":0},{"damage_healed":0,"gold_gain":0,"player_choice":"Obtained Relic","damage_taken":0,"relics_obtained":["Mercury Hourglass"],"max_hp_gain":0,"max_hp_loss":0,"event_name":"Addict","floor":20,"gold_loss":85},{"damage_healed":0,"gold_gain":0,"player_choice":"Obtained Book","damage_taken":16,"max_hp_gain":0,"max_hp_loss":0,"event_name":"Cursed Tome","floor":28,"gold_loss":0},{"damage_healed":0,"gold_gain":0,"player_choice":"Forge","damage_taken":0,"max_hp_gain":0,"max_hp_loss":0,"event_name":"Accursed Blacksmith","floor":30,"gold_loss":0,"cards_upgraded":["Reboot"]},{"damage_healed":0,"gold_gain":0,"player_choice":"Fight","damage_taken":0,"max_hp_gain":0,"max_hp_loss":0,"event_name":"Mysterious Sphere","floor":36,"gold_loss":0},{"damage_healed":0,"gold_gain":0,"player_choice":"Max HP","damage_taken":0,"max_hp_gain":0,"max_hp_loss":4,"event_name":"Winding Halls","floor":37,"gold_loss":0},{"damage_healed":0,"gold_gain":0,"player_choice":"Ignored","damage_taken":0,"max_hp_gain":0,"max_hp_loss":0,"event_name":"Tomb of Lord Red Mask","floor":39,"gold_loss":0},{"damage_healed":0,"gold_gain":0,"player_choice":"Fight","damage_taken":0,"max_hp_gain":0,"max_hp_loss":0,"event_name":"MindBloom","floor":44,"gold_loss":0}],"is_beta":false,"boss_relics":[{"not_picked":["Coffee Dripper","Busted Crown"],"picked":"Eternal Feather"},{"not_picked":["Runic Dome","Orrery"],"picked":"White Beast Statue"}],"items_purged_floors":[10,46],"is_endless":false,"potions_floor_spawned":[2,8,12,13,14,16,23,24,27,31,35,36,38,41,42,44,45,47,48],"killed_by":"Awakened One","ascension_level":1}