{"gold_per_floor":[117,137,148,148,168,207,220,256,256,279,279,279,295,313,313,439,439,455,197,297,311,335,370,393,393,466,489,512,512],"floor_reached":29,"playtime":3002,"items_purged":[],"score":263,"play_id":"f1adb08e-9790-4bd7-802c-2220c186cfeb","local_time":"20190127000015","is_ascension_mode":false,"campfire_choices":[{"data":"Barricade","floor":12,"key":"SMITH"},{"data":"Flame Barrier","floor":15,"key":"SMITH"},{"data":"Metallicize","floor":25,"key":"SMITH"}],"neow_cost":"NONE","seed_source_timestamp":1170014142925068,"circlet_count":0,"master_deck":["Strike_R","Strike_R","Strike_R","Strike_R","Strike_R","Defend_R","Defend_R","Defend_R","Bash","Flame Barrier+1","Metallicize+1","Anger","Ghostly Armor","Armaments","Barricade+1","Carnage","Body Slam","Flex","Second Wind","Body Slam+1","Juggernaut","Parasite","Shame","Injury","Burning Pact","Reckless Charge+1","Transmutation","Sword Boomerang+1","Anger+1","Rage","Iron Wave+1","Iron Wave+1","Sword Boomerang+1"],"relics":["Burning Blood","Golden Idol","Mercury Hourglass","Anchor","Molten Egg 2","Calling Bell","Lantern","Gremlin Horn","FossilizedHelix","Meat on the Bone","Paper Frog"],"potions_floor_usage":[7,8,16,16],"damage_taken":[{"damage":2,"enemies":"Jaw Worm","floor":1,"turns":5},{"damage":1,"enemies":"Cultist","floor":2,"turns":4},{"damage":3,"enemies":"2 Louse","floor":3,"turns":4},{"damage":13,"enemies":"Large Slime","floor":5,"turns":9},{"damage":35,"enemies":"3 Sentries","floor":6,"turns":11},{"damage":5,"enemies":"Exordium Thugs","floor":7,"turns":7},{"damage":9,"enemies":"Gremlin Nob","floor":8,"turns":5},{"damage":0,"enemies":"3 Louse","floor":10,"turns":3},{"damage":0,"enemies":"Gremlin Gang","floor":13,"turns":5},{"damage":0,"enemies":"Looter","floor":14,"turns":3},{"damage":21,"enemies":"Hexaghost","floor":16,"turns":9},{"damage":7,"enemies":"Shell Parasite","floor":18,"turns":7},{"damage":0,"enemies":"Chosen","floor":21,"turns":4},{"damage":0,"enemies":"3 Cultists","floor":22,"turns":5},{"damage":37,"enemies":"Slavers","floor":23,"turns":5},{"damage":10,"enemies":"Snake Plant","floor":24,"turns":4},{"damage":0,"enemies":"Chosen and Byrds","floor":27,"turns":5},{"damage":39,"enemies":"Shelled Parasite and Fungi","floor":28,"turns":7},{"damage":46,"enemies":"Cultist and Chosen","floor":29,"turns":4}],"seed_played":"-1571156061456362270","potions_obtained":[{"floor":1,"key":"SpeedPotion"},{"floor":6,"key":"Regen Potion"},{"floor":7,"key":"BloodPotion"},{"floor":10,"key":"GamblersBrew"},{"floor":14,"key":"Dexterity Potion"},{"floor":16,"key":"Dexterity Potion"},{"floor":18,"key":"LiquidBronze"}],"is_trial":false,"path_per_floor":["M","M","M","?","M","E","M","E","T","M","?","R","M","M","R","B",null,"M","$","?","M","M","E","M","R","T","M","M","M"],"character_chosen":"IRONCLAD","items_purchased":["Reckless Charge+1","Transmutation"],"campfire_rested":0,"item_purchase_floors":[19,19],"current_hp_per_floor":[80,80,80,60,53,24,40,37,37,43,43,43,49,55,55,40,80,79,79,79,80,80,49,57,57,57,63,42,0],"gold":512,"neow_bonus":"THREE_CARDS","is_prod":false,"is_daily":false,"chose_seed":false,"campfire_upgraded":3,"win_rate":0.0,"timestamp":1548543615,"path_taken":["M","M","M","?","M","E","M","E","T","M","?","R","M","?","R","BOSS","M","$","?","?","M","E","M","R","T","M","M","M"],"build_version":"2019-01-23","purchased_purges":0,"victory":false,"max_hp_per_floor":[80,80,80,80,80,80,80,80,80,80,80,80,80,80,80,80,80,80,80,80,80,80,80,80,80,80,80,80,80],"card_choices":[{"not_picked":["Body Slam","Rampage"],"picked":"Flame Barrier","floor":0},{"not_picked":["Warcry","Clothesline"],"picked":"Metallicize","floor":1},{"not_picked":["Pommel Strike","Twin Strike"],"picked":"Anger","floor":2},{"not_picked":["Combust","Clothesline"],"picked":"Ghostly Armor","floor":3},{"not_picked":["Perfected Strike","Second Wind"],"picked":"Armaments","floor":5},{"not_picked":["Clothesline","Inflame"],"picked":"Barricade","floor":6},{"not_picked":["Corruption","True Grit"],"picked":"Carnage","floor":7},{"not_picked":["Clash","Twin Strike"],"picked":"Body Slam","floor":8},{"not_picked":["Entrench","Shockwave"],"picked":"Flex","floor":10},{"not_picked":["Perfected Strike+1","Feel No Pain"],"picked":"Second Wind","floor":13},{"not_picked":["Disarm","Perfected Strike+1"],"picked":"Body Slam+1","floor":14},{"not_picked":["Dark Embrace","Fiend Fire+1"],"picked":"Juggernaut","floor":16},{"not_picked":["Sword Boomerang+1","Battle Trance+1"],"picked":"Burning Pact","floor":18},{"not_picked":["Feel No Pain","Clothesline+1"],"picked":"Sword Boomerang+1","floor":21},{"not_picked":["Spot Weakness","Pummel+1"],"picked":"Anger+1","floor":22},{"not_picked":["Second Wind","Carnage+1"],"picked":"Rage","floor":23},{"not_picked":["Dropkick+1","Body Slam+1"],"picked":"Iron Wave+1","floor":24},{"not_picked":["Twin Strike+1","Battle Trance"],"picked":"Iron Wave+1","floor":27},{"not_picked":["Berserk","Warcry"],"picked":"Sword Boomerang+1","floor":28}],"player_experience":26976,"relics_obtained":[{"floor":6,"key":"Mercury Hourglass"},{"floor":8,"key":"Anchor"},{"floor":9,"key":"Molten Egg 2"},{"floor":17,"key":"Lantern"},{"floor":17,"key":"Gremlin Horn"},{"floor":17,"key":"FossilizedHelix"},{"floor":23,"key":"Meat on the Bone"},{"floor":26,"key":"Paper Frog"}],"event_choices":[{"damage_healed":0,"gold_gain":0,"player_choice":"Take Damage","damage_taken":20,"relics_obtained":["Golden Idol"],"max_hp_gain":0,"max_hp_loss":0,"event_name":"Golden Idol","floor":4,"gold_loss":0},{"cards_removed":["Defend_R"],"damage_healed":0,"gold_gain":0,"player_choice":"Purged","damage_taken":0,"max_hp_gain":0,"max_hp_loss":0,"event_name":"Purifier","floor":11,"gold_loss":0},{"damage_healed":0,"gold_gain":100,"player_choice":"Pray","damage_taken":0,"max_hp_gain":0,"max_hp_loss":0,"event_name":"Golden Shrine","floor":20,"gold_loss":0}],"is_beta":false,"boss_relics":[{"not_picked":["Tiny House","Coffee Dripper"],"picked":"Calling Bell"}],"items_purged_floors":[],"is_endless":false,"potions_floor_spawned":[1,6,7,10,14,16,18,21],"killed_by":"Cultist and Chosen","ascension_level":0}