{"gold_per_floor":[116,116,116,116,136,136,179,203,203,216,231,251,251,270,270,364,364,382,398,398],"floor_reached":20,"playtime":1058,"items_purged":[],"score":386,"play_id":"d035ab95-ec3b-412e-a340-ba2f42b26f44","local_time":"20190303122314","is_ascension_mode":true,"campfire_choices":[{"data":"Neutralize","floor":6,"key":"SMITH"},{"data":"Leg Sweep","floor":13,"key":"SMITH"},{"data":"Bouncing Flask","floor":15,"key":"SMITH"}],"neow_cost":"NONE","seed_source_timestamp":369646632066450,"circlet_count":0,"master_deck":["AscendersBane","Defend_G","Defend_G","Defend_G","Defend_G","Defend_G","Strike_G","Strike_G","Strike_G","Strike_G","Survivor","Neutralize+1","Well Laid Plans","Dagger Throw","Leg Sweep+1","Distraction","Bouncing Flask+1","Escape Plan","Venomology","Underhanded Strike","Deadly Poison+1"],"relics":["Ring of the Snake","NeowsBlessing","Golden Idol","Mango","Sundial","Snecko Eye"],"potions_floor_usage":[16,16,19,20,20],"damage_taken":[{"damage":0,"enemies":"2 Louse","floor":1,"turns":1},{"damage":0,"enemies":"Jaw Worm","floor":5,"turns":1},{"damage":0,"enemies":"Lagavulin","floor":7,"turns":1},{"damage":0,"enemies":"Small Slimes","floor":8,"turns":3},{"damage":0,"enemies":"2 Fungi Beasts","floor":10,"turns":5},{"damage":3,"enemies":"3 Louse","floor":11,"turns":6},{"damage":0,"enemies":"Blue Slaver","floor":12,"turns":5},{"damage":10,"enemies":"Large Slime","floor":14,"turns":9},{"damage":5,"enemies":"Slime Boss","floor":16,"turns":9},{"damage":7,"enemies":"3 Byrds","floor":18,"turns":8},{"damage":37,"enemies":"Chosen","floor":19,"turns":8},{"damage":35,"enemies":"Masked Bandits","floor":20,"turns":5}],"seed_played":"-3700900981276975548","potions_obtained":[{"floor":7,"key":"GhostInAJar"},{"floor":10,"key":"AttackPotion"},{"floor":19,"key":"Fire Potion"}],"is_trial":false,"path_per_floor":["M","?","?","?","M","R","E","M","T","M","M","M","R","M","R","B",null,"M","M","?"],"character_chosen":"THE_SILENT","items_purchased":[],"campfire_rested":0,"item_purchase_floors":[],"current_hp_per_floor":[59,64,64,57,57,57,71,71,71,71,68,68,68,58,58,53,72,65,28,0],"gold":398,"neow_bonus":"THREE_ENEMY_KILL","is_prod":false,"is_daily":false,"chose_seed":false,"campfire_upgraded":3,"win_rate":0,"timestamp":1551583394,"path_taken":["M","?","?","?","M","R","E","M","T","M","M","M","R","M","R","BOSS","M","M","?"],"build_version":"2019-01-23","purchased_purges":0,"victory":false,"max_hp_per_floor":[66,71,64,64,64,64,78,78,78,78,78,78,78,78,78,78,78,78,78,78],"card_choices":[{"not_picked":["PiercingWail","Reflex","Infinite Blades"],"picked":"SKIP","floor":1},{"not_picked":["Expertise","Calculated Gamble"],"picked":"Well Laid Plans","floor":5},{"not_picked":["Sucker Punch","Acrobatics"],"picked":"Dagger Throw","floor":7},{"not_picked":["Bane","Grand Finale"],"picked":"Leg Sweep","floor":8},{"not_picked":["Flechettes","Concentrate"],"picked":"Distraction","floor":10},{"not_picked":["Catalyst","Backflip"],"picked":"Bouncing Flask","floor":11},{"not_picked":["Outmaneuver","Well Laid Plans"],"picked":"Escape Plan","floor":12},{"not_picked":["Flechettes","Slice","Bane"],"picked":"SKIP","floor":14},{"not_picked":["Doppelganger","A Thousand Cuts"],"picked":"Venomology","floor":16},{"not_picked":["Poisoned Stab","Dodge and Roll"],"picked":"Underhanded Strike","floor":18},{"not_picked":["Outmaneuver","Choke+1"],"picked":"Deadly Poison+1","floor":19}],"player_experience":607131,"relics_obtained":[{"floor":7,"key":"Mango"},{"floor":9,"key":"Sundial"}],"event_choices":[{"damage_healed":0,"gold_gain":0,"player_choice":"Donut","damage_taken":0,"max_hp_gain":5,"max_hp_loss":0,"event_name":"Big Fish","floor":2,"gold_loss":0},{"damage_healed":0,"gold_gain":0,"player_choice":"Lose Max HP","damage_taken":0,"relics_obtained":["Golden Idol"],"max_hp_gain":0,"max_hp_loss":7,"event_name":"Golden Idol","floor":3,"gold_loss":0},{"cards_removed":["Strike_G"],"damage_healed":0,"gold_gain":0,"player_choice":"Card Removal","damage_taken":7,"max_hp_gain":0,"max_hp_loss":0,"event_name":"Golden Wing","floor":4,"gold_loss":0},{"damage_healed":0,"gold_gain":0,"player_choice":"Fought Bandits","damage_taken":0,"max_hp_gain":0,"max_hp_loss":0,"event_name":"Masked Bandits","floor":20,"gold_loss":0}],"is_beta":false,"boss_relics":[{"not_picked":["Black Star","Calling Bell"],"picked":"Snecko Eye"}],"items_purged_floors":[],"is_endless":false,"potions_floor_spawned":[7,10,12,19],"killed_by":"Masked Bandits","ascension_level":18}