{"gold_per_floor":[109,109,120,120,120,160,160,184,184,184,204,218,236,269,269,269],"floor_reached":16,"playtime":562,"items_purged":[],"score":112,"play_id":"ddca9311-52e7-47e9-9eb4-eb38c28acdd8","local_time":"20180716234904","is_ascension_mode":false,"campfire_choices":[{"floor":7,"key":"REST"},{"floor":10,"key":"REST"},{"floor":15,"key":"REST"}],"neow_cost":"TEN_PERCENT_HP_LOSS","seed_source_timestamp":361148442653784,"circlet_count":0,"master_deck":["Strike_B","Strike_B","Strike_B","Strike_B","Defend_B","Defend_B","Zap","Dualcast","Ball Lightning","Hologram","Go for the Eyes","Leap","Echo Form","Redo","Double Energy"],"relics":["Cracked Core","Gremlin Horn","Golden Idol","Bag of Marbles","Darkstone Periapt","Calipers"],"potions_floor_usage":[12,14,16],"damage_taken":[{"damage":0,"enemies":"Small Slimes","floor":1,"turns":2},{"damage":11,"enemies":"Jaw Worm","floor":3,"turns":2},{"damage":21,"enemies":"Lagavulin","floor":6,"turns":6},{"damage":0,"enemies":"2 Louse","floor":8,"turns":1},{"damage":9,"enemies":"Blue Slaver","floor":11,"turns":2},{"damage":26,"enemies":"Large Slime","floor":12,"turns":5},{"damage":1,"enemies":"Looter","floor":13,"turns":2},{"damage":6,"enemies":"Gremlin Nob","floor":14,"turns":3},{"damage":33,"enemies":"The Guardian","floor":16,"turns":4}],"seed_played":"6441942068960943466","potions_obtained":[{"floor":6,"key":"FocusPotion"},{"floor":8,"key":"LiquidBronze"},{"floor":14,"key":"Energy Potion"}],"is_trial":false,"path_per_floor":["M","?","M","?","?","E","R","M","T","R","M","M","M","E","R"],"character_chosen":"DEFECT","items_purchased":[],"campfire_rested":3,"item_purchase_floors":[],"current_hp_per_floor":[68,68,57,50,33,12,32,32,32,52,43,17,16,10,30,0],"gold":269,"neow_bonus":"REMOVE_TWO","is_prod":false,"is_daily":false,"chose_seed":false,"campfire_upgraded":0,"win_rate":0,"timestamp":1531774144,"path_taken":["M","?","M","?","?","E","R","M","T","R","?","M","M","E","R","BOSS"],"build_version":"2018-07-12","purchased_purges":0,"victory":false,"max_hp_per_floor":[68,68,68,68,68,68,68,68,68,68,68,68,68,68,68,68],"card_choices":[{"not_picked":["Compile Driver","Conserve Battery"],"picked":"Ball Lightning","floor":1},{"not_picked":["Conserve Battery","Doom and Gloom"],"picked":"Hologram","floor":3},{"not_picked":["Barrage","Doom and Gloom"],"picked":"Go for the Eyes","floor":6},{"not_picked":["Sweeping Beam","Darkness"],"picked":"Leap","floor":8},{"not_picked":["Go for the Eyes","Gash"],"picked":"Echo Form","floor":11},{"not_picked":["Coolheaded","Fission"],"picked":"Redo","floor":12},{"not_picked":["Scrape","Heatsinks"],"picked":"Double Energy","floor":13},{"not_picked":["Coolheaded","Force Field","Gash"],"picked":"SKIP","floor":14}],"player_experience":112731,"relics_obtained":[{"floor":6,"key":"Bag of Marbles"},{"floor":9,"key":"Darkstone Periapt"},{"floor":14,"key":"Calipers"}],"event_choices":[{"event_name":"Big Fish","player_choice":"Box","floor":2,"damage_taken":0},{"event_name":"Golden Wing","player_choice":"Card Removal","floor":4,"damage_taken":0},{"event_name":"Golden Idol","player_choice":"Take Damage","floor":5,"damage_taken":0}],"boss_relics":[],"items_purged_floors":[],"is_endless":false,"potions_floor_spawned":[6,8,14],"killed_by":"The Guardian","ascension_level":0}