{"path_per_floor":["M","M","M","M","?","R","$","R","T","M","E","M","$","?","R","B"],"character_chosen":"THE_SILENT","items_purchased":["Die Die Die","Mind Blast"],"gold_per_floor":[109,128,148,167,167,167,27,27,78,93,126,142,42,42,42,120,120],"floor_reached":17,"campfire_rested":1,"playtime":791,"current_hp_per_floor":[61,61,60,41,41,41,41,41,41,33,28,18,18,18,39,11,57],"items_purged":[],"gold":120,"score":259,"play_id":"2ba50f90-2388-4988-861b-3b94d25573c3","local_time":"20180421095436","is_prod":false,"is_daily":false,"chose_seed":false,"is_ascension_mode":true,"campfire_upgraded":2,"timestamp":1524297276,"path_taken":["M","M","M","M","?","R","$","R","T","M","E","M","?","?","R","BOSS"],"build_version":"2018-04-19","seed_source_timestamp":315758393441439,"purchased_purges":0,"victory":false,"master_deck":["Defend_G","Defend_G","Defend_G","Defend_G","Defend_G","Strike_G","Strike_G","Strike_G","Strike_G","Survivor","Neutralize+1","AscendersBane","Deadly Poison+1","Well Laid Plans","Bane","Dagger Spray","Die Die Die","Sucker Punch","Footwork","Mind Blast","A Thousand Cuts"],"max_hp_per_floor":[70,70,70,70,70,70,70,70,70,70,72,72,72,72,72,72,72],"relics":["Ring of the Snake","Singing Bowl","Oddly Smooth Stone","Lizard Tail"],"card_choices":[{"not_picked":["Backflip","Terror"],"picked":"Deadly Poison","floor":1},{"not_picked":["Bane","PiercingWail"],"picked":"Well Laid Plans","floor":2},{"not_picked":["Poisoned Stab","Dodge and Roll"],"picked":"Bane","floor":3},{"not_picked":["Dagger Throw","Slice"],"picked":"Dagger Spray","floor":4},{"not_picked":["Acrobatics","Prepared"],"picked":"Sucker Punch","floor":10},{"not_picked":["Slice","Quick Slash"],"picked":"Footwork","floor":12},{"not_picked":["Glass Knife","Envenom"],"picked":"A Thousand Cuts","floor":16}],"player_experience":385220,"potions_floor_usage":[12,16],"damage_taken":[{"damage":2,"enemies":"2 Louse","floor":1,"turns":5},{"damage":0,"enemies":"Cultist","floor":2,"turns":4},{"damage":1,"enemies":"Small Slimes","floor":3,"turns":5},{"damage":19,"enemies":"Exordium Thugs","floor":4,"turns":6},{"damage":8,"enemies":"Large Slime","floor":10,"turns":4},{"damage":7,"enemies":"Lagavulin","floor":11,"turns":7},{"damage":10,"enemies":"Lots of Slimes","floor":12,"turns":3},{"damage":28,"enemies":"Slime Boss","floor":16,"turns":13}],"event_choices":[{"event_name":"Purifier","player_choice":"One Purge","floor":5,"damage_taken":0},{"event_name":"Liars Game","player_choice":"disagreed","floor":14,"damage_taken":0}],"boss_relics":[{"not_picked":["White Beast Statue","Runic Dome"],"picked":"Lizard Tail"}],"potions_floor_spawned":[2,10,11,12],"seed_played":"6702861778452078785","ascension_level":13,"is_trial":false}