{"gold_per_floor":[112,162,182,198,198,198,198,198,278,303,303,333,345,357,357,431,431,450,450,450,469,487,487,513,563,563,563,573,573,46,78,78,155,155,167,184,184,184,33,64,64,76,76,39,139,152,166,184,184,184],"floor_reached":51,"playtime":3632,"items_purged":["Strike_G","Strike_G"],"score":1289,"play_id":"a9fa2b02-d33a-434c-b59c-0dfd88e9f47a","local_time":"20190303182123","is_ascension_mode":true,"campfire_choices":[{"data":"Neutralize","floor":6,"key":"SMITH"},{"data":"Footwork","floor":8,"key":"SMITH"},{"data":"Backflip","floor":15,"key":"SMITH"},{"data":"Dagger Spray","floor":23,"key":"SMITH"},{"data":"Blade Dance","floor":27,"key":"SMITH"},{"data":"Adrenaline","floor":29,"key":"SMITH"},{"data":"Well Laid Plans","floor":32,"key":"SMITH"},{"floor":41,"key":"REST"},{"floor":49,"key":"REST"}],"neow_cost":"NONE","seed_source_timestamp":388551613652743,"circlet_count":0,"master_deck":["AscendersBane","Defend_G+1","Defend_G","Defend_G","Defend_G","Defend_G","Strike_G","Strike_G","Strike_G","Survivor","Neutralize+1","Well Laid Plans+1","Footwork+1","Deadly Poison+1","Blur","Parasite","Backflip+1","Die Die Die","Dagger Spray+1","Ghostly","Ghostly","Ghostly","Adrenaline+1","Blade Dance+1","Madness","Dodge and Roll","Night Terror","Escape Plan","Madness","Madness","Blade Dance","Infinite Blades","Deadly Poison","Dash","Prepared","Calculated Gamble","Caltrops","Adrenaline"],"relics":["Ring of the Snake","Orichalcum","Kunai","StoneCalendar","Cursed Key","Dodecahedron","Meat on the Bone","Bird Faced Urn","Fusion Hammer","Centennial Puzzle","Peace Pipe"],"potions_floor_usage":[31,33,48,48],"damage_taken":[{"damage":11,"enemies":"Jaw Worm","floor":1,"turns":8},{"damage":0,"enemies":"Cultist","floor":3,"turns":4},{"damage":0,"enemies":"Small Slimes","floor":4,"turns":4},{"damage":23,"enemies":"Gremlin Nob","floor":10,"turns":5},{"damage":1,"enemies":"Looter","floor":13,"turns":4},{"damage":2,"enemies":"3 Louse","floor":14,"turns":4},{"damage":9,"enemies":"The Guardian","floor":16,"turns":10},{"damage":0,"enemies":"3 Byrds","floor":18,"turns":7},{"damage":1,"enemies":"Spheric Guardian","floor":21,"turns":7},{"damage":0,"enemies":"Cultist and Chosen","floor":22,"turns":8},{"damage":19,"enemies":"Slavers","floor":24,"turns":7},{"damage":0,"enemies":"Centurion and Healer","floor":28,"turns":7},{"damage":5,"enemies":"Gremlin Leader","floor":31,"turns":8},{"damage":23,"enemies":"Collector","floor":33,"turns":14},{"damage":0,"enemies":"Orb Walker","floor":35,"turns":7},{"damage":0,"enemies":"3 Darklings","floor":36,"turns":7},{"damage":6,"enemies":"Giant Head","floor":40,"turns":16},{"damage":32,"enemies":"Maw","floor":42,"turns":10},{"damage":0,"enemies":"Mind Bloom Boss Battle","floor":45,"turns":9},{"damage":2,"enemies":"4 Shapes","floor":46,"turns":5},{"damage":2,"enemies":"3 Darklings","floor":47,"turns":7},{"damage":25,"enemies":"Maw","floor":48,"turns":10},{"damage":21,"enemies":"Awakened One","floor":50,"turns":30}],"seed_played":"-7939658953334838574","potions_obtained":[{"floor":1,"key":"Energy Potion"},{"floor":13,"key":"SneckoOil"},{"floor":14,"key":"FearPotion"},{"floor":31,"key":"GhostInAJar"},{"floor":36,"key":"Dexterity Potion"},{"floor":47,"key":"Dexterity Potion"}],"is_trial":false,"path_per_floor":["M","?","M","M","?","R","?","R","T","E","?","?","M","M","R","B",null,"M","?","?","M","M","R","E","?","T","R","M","R","$","E","R","B",null,"M","M","?","?","$","E","R","M","T","$","?","M","M","M","R","B",null],"character_chosen":"THE_SILENT","items_purchased":["Meat on the Bone","Madness","Dodge and Roll","Blade Dance","Dash"],"campfire_rested":2,"item_purchase_floors":[30,30,30,39,44],"current_hp_per_floor":[48,48,48,48,48,48,28,28,28,5,21,21,20,18,18,9,52,52,33,33,32,32,32,13,13,13,13,13,13,13,20,20,13,28,32,33,33,27,27,25,33,13,13,13,25,29,33,20,29,28],"gold":184,"neow_bonus":"RANDOM_COMMON_RELIC","is_prod":false,"is_daily":false,"chose_seed":false,"campfire_upgraded":7,"win_rate":0,"timestamp":1551604883,"path_taken":["M","?","?","M","?","R","?","R","T","E","?","?","M","?","R","BOSS","M","?","?","M","M","R","E","?","T","R","M","R","?","E","R","BOSS","M","M","?","?","$","E","R","M","T","$","?","M","M","M","R","BOSS"],"build_version":"2019-01-23","purchased_purges":2,"victory":true,"max_hp_per_floor":[66,66,66,66,66,66,66,66,66,66,66,66,66,66,66,66,66,66,33,33,33,33,33,33,33,33,33,33,33,33,33,33,33,33,33,33,33,33,33,33,33,33,33,33,33,33,33,33,33,33],"card_choices":[{"not_picked":["Dodge and Roll","Expertise"],"picked":"Well Laid Plans","floor":1},{"not_picked":["Acrobatics","Blade Dance"],"picked":"Footwork","floor":3},{"not_picked":["Flying Knee","Poisoned Stab"],"picked":"Deadly Poison","floor":4},{"not_picked":["Underhanded Strike","Accuracy"],"picked":"Blur","floor":10},{"not_picked":["Poisoned Stab","Deflect","Acrobatics"],"picked":"SKIP","floor":13},{"not_picked":["Blade Dance","Choke"],"picked":"Backflip","floor":14},{"not_picked":["Unload","Storm of Steel"],"picked":"Die Die Die","floor":16},{"not_picked":["Cloak And Dagger","Distraction"],"picked":"Dagger Spray","floor":18},{"not_picked":["Skewer","Sucker Punch+1"],"picked":"Adrenaline","floor":21},{"not_picked":["Well Laid Plans","Flechettes","Dagger Spray"],"picked":"SKIP","floor":22},{"not_picked":["Outmaneuver+1","Caltrops"],"picked":"Blade Dance","floor":24},{"not_picked":["Cloak And Dagger","Flying Knee","Accuracy"],"picked":"SKIP","floor":28},{"not_picked":["Expertise","Grand Finale","Quick Slash"],"picked":"SKIP","floor":31},{"not_picked":["Storm of Steel","Grand Finale"],"picked":"Night Terror","floor":33},{"not_picked":["Flying Knee","Endless Agony"],"picked":"Escape Plan","floor":35},{"not_picked":["Poisoned Stab","Slice","Tactician+1"],"picked":"SKIP","floor":36},{"not_picked":["Reflex+1","Deflect"],"picked":"Infinite Blades","floor":40},{"not_picked":["Masterful Stab","Dagger Spray"],"picked":"Deadly Poison","floor":42},{"not_picked":["Glass Knife","Cloak And Dagger+1"],"picked":"Prepared","floor":45},{"not_picked":["Deflect","Underhanded Strike"],"picked":"Calculated Gamble","floor":46},{"not_picked":["Outmaneuver","Deflect+1"],"picked":"Caltrops","floor":47},{"not_picked":["Dodge and Roll","Well Laid Plans+1"],"picked":"Adrenaline","floor":48}],"player_experience":613696,"relics_obtained":[{"floor":9,"key":"Kunai"},{"floor":10,"key":"StoneCalendar"},{"floor":24,"key":"Dodecahedron"},{"floor":31,"key":"Bird Faced Urn"},{"floor":40,"key":"Centennial Puzzle"},{"floor":45,"key":"Peace Pipe"}],"event_choices":[{"damage_healed":0,"gold_gain":50,"player_choice":"Pray","damage_taken":0,"max_hp_gain":0,"max_hp_loss":0,"event_name":"Golden Shrine","floor":2,"gold_loss":0},{"damage_healed":0,"gold_gain":0,"player_choice":"Ignored","damage_taken":0,"max_hp_gain":0,"max_hp_loss":0,"event_name":"Liars Game","floor":5,"gold_loss":0},{"damage_healed":0,"gold_gain":0,"player_choice":"Entered Light","damage_taken":20,"max_hp_gain":0,"max_hp_loss":0,"event_name":"Shining Light","floor":7,"gold_loss":0,"cards_upgraded":["Defend_G","Deadly Poison"]},{"damage_healed":16,"gold_gain":0,"player_choice":"Healed and dodged fight","damage_taken":0,"max_hp_gain":0,"max_hp_loss":0,"event_name":"Mushrooms","floor":11,"gold_loss":0,"cards_obtained":["Parasite"]},{"damage_healed":0,"gold_gain":30,"player_choice":"Searched \u00271\u0027 times","damage_taken":0,"max_hp_gain":0,"max_hp_loss":0,"event_name":"Dead Adventurer","floor":12,"gold_loss":0},{"damage_healed":0,"gold_gain":0,"player_choice":"Became a Ghost","damage_taken":0,"max_hp_gain":0,"max_hp_loss":33,"event_name":"Ghosts","floor":19,"gold_loss":0,"cards_obtained":["Ghostly","Ghostly","Ghostly"]},{"damage_healed":0,"gold_gain":0,"player_choice":"Ignored","damage_taken":0,"max_hp_gain":0,"max_hp_loss":0,"event_name":"The Mausoleum","floor":20,"gold_loss":0},{"damage_healed":0,"gold_gain":50,"player_choice":"Stole From Cult","damage_taken":0,"max_hp_gain":0,"max_hp_loss":0,"event_name":"Nest","floor":25,"gold_loss":0},{"damage_healed":0,"gold_gain":0,"player_choice":"Ignored","damage_taken":0,"max_hp_gain":0,"max_hp_loss":0,"event_name":"Tomb of Lord Red Mask","floor":37,"gold_loss":0},{"damage_healed":0,"gold_gain":0,"player_choice":"Embrace Madness","damage_taken":6,"max_hp_gain":0,"max_hp_loss":0,"event_name":"Winding Halls","floor":38,"gold_loss":0,"cards_obtained":["Madness","Madness"]},{"damage_healed":0,"gold_gain":0,"player_choice":"Fight","damage_taken":0,"max_hp_gain":0,"max_hp_loss":0,"event_name":"MindBloom","floor":45,"gold_loss":0}],"is_beta":false,"boss_relics":[{"not_picked":["Black Star","Snecko Eye"],"picked":"Cursed Key"},{"not_picked":["White Beast Statue","Lizard Tail"],"picked":"Fusion Hammer"}],"items_purged_floors":[30,39],"is_endless":false,"potions_floor_spawned":[1,13,14,22,31,36,40,47],"ascension_level":18}