{"gold_per_floor":[119,294,294,304,107,107,182,182,182,197,197,228,74,87,87,188,188,205,220,233,246,246,246,42,42,42,142,160,160,10,26,26,127,127,138,164,164,164,175,175,190,190,190,0,18,37,37,52,52,52],"floor_reached":51,"playtime":1609,"items_purged":["Doubt","Strike_B","Strike_B","Strike_B"],"score":697,"play_id":"0e1271dd-f447-4ff6-9dea-5dbddabe5f9b","local_time":"20190308055259","is_ascension_mode":false,"campfire_choices":[{"data":"Zap","floor":6.0,"key":"SMITH"},{"data":"Fusion","floor":11.0,"key":"SMITH"},{"floor":15.0,"key":"REST"},{"data":"Fission","floor":23.0,"key":"SMITH"},{"data":"Coolheaded","floor":25.0,"key":"SMITH"},{"floor":32.0,"key":"REST"},{"data":"Defragment","floor":40,"key":"SMITH"},{"data":"Meteor Strike","floor":42,"key":"SMITH"},{"data":"Leap","floor":47,"key":"SMITH"},{"data":"Hologram","floor":49,"key":"SMITH"}],"neow_cost":"NONE","seed_source_timestamp":29717531111225,"circlet_count":0,"master_deck":["Zap+1","Dualcast+1","Fusion+1","Capacitor","Conserve Battery","Hello World","Ball Lightning","Conserve Battery","Coolheaded+1","Fission+1","Meteor Strike+1","Leap+1","Undo","Streamline","Consume+1","Self Repair","Echo Form","Steam Power+1","Heatsinks+1","FTL","Steam Power","Blizzard","FTL","Ball Lightning+1","Defragment+1","Skim","Glacier","Hologram+1"],"special_seed":0,"relics":["Cracked Core","Bronze Scales","DataDisk","Calipers","Vajra","Runic Dome","Matryoshka","Pandora\u0027s Box","Blood Vial","Juzu Bracelet","Anchor","Ancient Tea Set","Red Mask"],"potions_floor_usage":[50,50],"damage_taken":[{"damage":1.0,"enemies":"Jaw Worm","floor":1.0,"turns":3.0},{"damage":0.0,"enemies":"Small Slimes","floor":4.0,"turns":3.0},{"damage":0.0,"enemies":"2 Louse","floor":10.0,"turns":1.0},{"damage":20.0,"enemies":"3 Sentries","floor":12.0,"turns":5.0},{"damage":8.0,"enemies":"Gremlin Gang","floor":14.0,"turns":3.0},{"damage":20.0,"enemies":"The Guardian","floor":16.0,"turns":10.0},{"damage":7.0,"enemies":"Shell Parasite","floor":18.0,"turns":3.0},{"damage":3.0,"enemies":"Chosen","floor":19.0,"turns":3.0},{"damage":10.0,"enemies":"Centurion and Healer","floor":20.0,"turns":8.0},{"damage":15.0,"enemies":"Snake Plant","floor":21.0,"turns":5.0},{"damage":0.0,"enemies":"Snecko","floor":28.0,"turns":4.0},{"damage":14.0,"enemies":"Centurion and Healer","floor":31.0,"turns":7.0},{"damage":24.0,"enemies":"Champ","floor":33.0,"turns":11.0},{"damage":7.0,"enemies":"3 Shapes","floor":35.0,"turns":4.0},{"damage":11,"enemies":"3 Darklings","floor":39,"turns":4},{"damage":9,"enemies":"Spire Growth","floor":41,"turns":3},{"damage":26,"enemies":"Transient","floor":45,"turns":5},{"damage":0,"enemies":"3 Darklings","floor":46,"turns":3},{"damage":0,"enemies":"Maw","floor":48,"turns":5},{"damage":0,"enemies":"Donu and Deca","floor":50,"turns":7}],"seed_played":"7564540979285570009","potions_obtained":[{"floor":1.0,"key":"AttackPotion"},{"floor":8.0,"key":"FairyPotion"},{"floor":8.0,"key":"AttackPotion"},{"floor":16.0,"key":"Energy Potion"},{"floor":28.0,"key":"Weak Potion"},{"floor":33.0,"key":"FocusPotion"},{"floor":35.0,"key":"Poison Potion"}],"is_trial":false,"path_per_floor":["M","?","?","M","$","R","?","?","T","M","R","E","$","M","R","B",null,"M","M","M","M","?","R","$","R","T","?","M","?","$","M","R","B",null,"M","T","?","?","M","R","M","R","T","?","M","M","R","M","R","B",null],"character_chosen":"DEFECT","items_purchased":["Conserve Battery","Hello World","Coolheaded","Self Repair"],"campfire_rested":2,"item_purchase_floors":[5,5,13,24],"current_hp_per_floor":[74,74,62,62,62,62,51,51,51,51,51,31,31,23,45,25,75,68,65,55,40,40,40,40,40,40,40,47,47,47,40,62,38,75,75,75,75,75,75,75,73,73,73,73,56,65,65,74,74,75],"gold":52,"neow_bonus":"RANDOM_COMMON_RELIC","is_prod":false,"is_daily":false,"chose_seed":false,"campfire_upgraded":8,"win_rate":0,"timestamp":1552045979,"path_taken":["M","?","?","M","$","R","?","?","T","M","R","E","$","M","R","BOSS","M","M","?","M","?","R","$","R","T","?","?","?","?","M","R","BOSS","M","?","?","?","M","R","M","R","T","?","M","M","R","M","R","BOSS"],"build_version":"2019-01-23","purchased_purges":4,"victory":true,"max_hp_per_floor":[75,75,75,75,75,75,75,75,75,75,75,75,75,75,75,75,75,75,75,75,75,75,75,75,75,75,75,75,75,75,75,75,75,75,75,75,75,75,75,75,75,75,75,75,75,75,75,75,75,75],"card_choices":[{"not_picked":["Streamline","Go for the Eyes"],"picked":"Fusion","floor":1.0},{"not_picked":["Conserve Battery","Auto Shields"],"picked":"Capacitor","floor":4.0},{"not_picked":["Compile Driver","Chaos"],"picked":"Ball Lightning","floor":10.0},{"not_picked":["Steam","Compile Driver"],"picked":"Conserve Battery","floor":12.0},{"not_picked":["Stack","Rebound"],"picked":"Fission","floor":14.0},{"not_picked":["Core Surge","All For One"],"picked":"Meteor Strike","floor":16.0},{"not_picked":["Force Field","Streamline+1"],"picked":"Leap","floor":18.0},{"not_picked":["Gash","Fusion"],"picked":"Undo","floor":19.0},{"not_picked":["Stack","BootSequence"],"picked":"Streamline","floor":20.0},{"not_picked":["Genetic Algorithm","Barrage"],"picked":"Consume+1","floor":21.0},{"not_picked":["Self Repair","Hologram"],"picked":"Echo Form","floor":28.0},{"not_picked":["Redo","Coolheaded+1"],"picked":"Steam Power+1","floor":31.0},{"not_picked":["Stack","Undo"],"picked":"Ball Lightning+1","floor":35.0},{"not_picked":["Force Field","Aggregate+1"],"picked":"Defragment","floor":39},{"not_picked":["Reprogram+1","Redo","Rip and Tear"],"picked":"SKIP","floor":41},{"not_picked":["Steam","Leap"],"picked":"Skim","floor":45},{"not_picked":["Rebound","Stack"],"picked":"Glacier","floor":46},{"not_picked":["Skim+1","Consume+1"],"picked":"Hologram","floor":48}],"player_experience":997287,"relics_obtained":[{"floor":9.0,"key":"Calipers"},{"floor":12.0,"key":"Vajra"},{"floor":26.0,"key":"Matryoshka"},{"floor":36.0,"key":"Blood Vial"},{"floor":36.0,"key":"Juzu Bracelet"},{"floor":43,"key":"Anchor"},{"floor":43,"key":"Ancient Tea Set"}],"event_choices":[{"damage_healed":0.0,"max_hp_gain":0.0,"max_hp_loss":0.0,"gold_gain":175.0,"event_name":"Liars Game","player_choice":"AGREE","floor":2.0,"gold_loss":0.0,"damage_taken":0.0,"cards_obtained":["Doubt"]},{"damage_healed":0.0,"max_hp_gain":0.0,"max_hp_loss":0.0,"gold_gain":0.0,"event_name":"Scrap Ooze","player_choice":"Success","floor":3.0,"gold_loss":0.0,"damage_taken":12.0,"relics_obtained":["DataDisk"]},{"damage_healed":0.0,"max_hp_gain":0.0,"max_hp_loss":0.0,"gold_gain":75.0,"event_name":"World of Goop","player_choice":"Gather Gold","floor":7.0,"gold_loss":0.0,"damage_taken":11.0},{"damage_healed":0.0,"max_hp_gain":0.0,"max_hp_loss":0.0,"gold_gain":0.0,"event_name":"Lab","player_choice":"Got Potions","floor":8.0,"gold_loss":0.0,"damage_taken":0.0},{"damage_healed":0.0,"max_hp_gain":0.0,"max_hp_loss":0.0,"gold_gain":0.0,"event_name":"Vampires","player_choice":"Ignored","floor":22.0,"gold_loss":0.0,"damage_taken":0.0},{"damage_healed":0.0,"max_hp_gain":0.0,"max_hp_loss":0.0,"gold_gain":100.0,"event_name":"Golden Shrine","player_choice":"Pray","floor":27.0,"gold_loss":0.0,"damage_taken":0.0},{"damage_healed":0.0,"max_hp_gain":0.0,"max_hp_loss":0.0,"gold_gain":0.0,"event_name":"Accursed Blacksmith","player_choice":"Forge","floor":29.0,"gold_loss":0.0,"damage_taken":0.0,"cards_upgraded":["Dualcast"]},{"damage_healed":0.0,"max_hp_gain":0.0,"max_hp_loss":0.0,"gold_gain":0.0,"event_name":"Upgrade Shrine","player_choice":"Upgraded","floor":37.0,"gold_loss":0.0,"damage_taken":0.0,"cards_upgraded":["Heatsinks"]},{"damage_healed":0.0,"max_hp_gain":0.0,"max_hp_loss":0.0,"gold_gain":0.0,"event_name":"Mysterious Sphere","player_choice":"Ignored","floor":38.0,"gold_loss":0.0,"damage_taken":0.0},{"damage_healed":0,"gold_gain":0,"player_choice":"Paid","damage_taken":0,"relics_obtained":["Red Mask"],"max_hp_gain":0,"max_hp_loss":0,"event_name":"Tomb of Lord Red Mask","floor":44,"gold_loss":190}],"is_beta":false,"boss_relics":[{"not_picked":["Eternal Feather","Velvet Choker"],"picked":"Runic Dome"},{"not_picked":["Fusion Hammer","White Beast Statue"],"picked":"Pandora\u0027s Box"}],"items_purged_floors":[5,13,24,30],"is_endless":false,"potions_floor_spawned":[1,10,16,28,33,35,48],"ascension_level":0}