{"gold_per_floor":[110,110,125,143,143,170,170,190,244,259,259],"floor_reached":11,"playtime":412,"items_purged":[],"score":75,"play_id":"6e77a1c2-48c3-46e5-b750-32e25070d2ab","local_time":"20181206193209","is_ascension_mode":false,"campfire_choices":[{"data":"Jack Of All Trades","floor":7,"key":"SMITH"}],"neow_cost":"NONE","seed_source_timestamp":872499473052297,"circlet_count":0,"master_deck":["Strike_B","Strike_B","Strike_B","Defend_B","Defend_B","Defend_B","Defend_B","Zap","Dualcast","Leap","Steam","Jack Of All Trades+1","Defragment","Ball Lightning"],"relics":["Cracked Core","NeowsBlessing","Pear"],"potions_floor_usage":[8],"damage_taken":[{"damage":0,"enemies":"Small Slimes","floor":1,"turns":1},{"damage":0,"enemies":"Cultist","floor":3,"turns":1},{"damage":0,"enemies":"Jaw Worm","floor":4,"turns":1},{"damage":23,"enemies":"Gremlin Nob","floor":6,"turns":4},{"damage":37,"enemies":"Gremlin Gang","floor":8,"turns":5},{"damage":19,"enemies":"3 Louse","floor":10,"turns":5},{"damage":6,"enemies":"3 Sentries","floor":11,"turns":2}],"seed_played":"1288073017227439751","potions_obtained":[{"floor":1,"key":"SneckoOil"},{"floor":3,"key":"EssenceOfSteel"},{"floor":6,"key":"Ancient Potion"},{"floor":8,"key":"Weak Potion"}],"is_trial":false,"path_per_floor":["M","?","M","M","?","E","R","M","T","M","E"],"character_chosen":"DEFECT","items_purchased":[],"campfire_rested":0,"item_purchase_floors":[],"current_hp_per_floor":[75,75,75,75,75,62,62,25,25,6,0],"gold":259,"neow_bonus":"THREE_ENEMY_KILL","is_prod":false,"is_daily":false,"chose_seed":false,"campfire_upgraded":1,"win_rate":0,"timestamp":1544146329,"path_taken":["M","?","?","M","?","E","R","M","T","?","E"],"build_version":"2018-12-06","purchased_purges":0,"victory":false,"max_hp_per_floor":[75,75,75,75,75,85,85,85,85,85,85],"card_choices":[{"not_picked":["Reprogram","Rip and Tear"],"picked":"Leap","floor":1},{"not_picked":["Heatsinks","Rebound","Storm"],"picked":"SKIP","floor":3},{"not_picked":["Compile Driver","Stack"],"picked":"Steam","floor":4},{"not_picked":["Turbo","Conserve Battery"],"picked":"Defragment","floor":6},{"not_picked":["Go for the Eyes","Multi-Cast","Scrape"],"picked":"SKIP","floor":8},{"not_picked":["Consume","Lockon"],"picked":"Ball Lightning","floor":10}],"player_experience":250544,"relics_obtained":[{"floor":6,"key":"Pear"}],"event_choices":[{"cards_removed":["Strike_B"],"damage_healed":0,"gold_gain":0,"player_choice":"Offered Basic","damage_taken":0,"max_hp_gain":0,"max_hp_loss":0,"event_name":"Bonfire Elementals","floor":2,"gold_loss":0},{"damage_healed":0,"gold_gain":0,"player_choice":"1 cards matched","damage_taken":0,"max_hp_gain":0,"max_hp_loss":0,"event_name":"Match and Keep!","floor":5,"gold_loss":0,"cards_obtained":["Jack Of All Trades"]}],"is_beta":false,"boss_relics":[],"items_purged_floors":[],"is_endless":false,"potions_floor_spawned":[1,3,6,8],"killed_by":"3 Sentries","ascension_level":0}