{"gold_per_floor":[213,229,17,27,27,27,55,55,55,80,99,99,114,142,142,240,240,254,267,267,267,277,303,303,337,337,337,355,373,387,421,421,517,517,535,535,554,112,112],"floor_reached":39,"playtime":3683,"items_purged":["Strike_R"],"score":555,"play_id":"e1492e25-6c88-4fdc-8844-aca5e27845b8","local_time":"20190306040325","is_ascension_mode":true,"campfire_choices":[{"data":"Clothesline","floor":6,"key":"SMITH"},{"data":"Bash","floor":8,"key":"SMITH"},{"data":"Disarm","floor":12,"key":"SMITH"},{"data":"Combust","floor":15,"key":"SMITH"},{"data":"Pommel Strike","floor":24,"key":"SMITH"},{"data":"Shrug It Off","floor":27,"key":"SMITH"},{"data":"Armaments","floor":32,"key":"SMITH"}],"neow_cost":"NONE","seed_source_timestamp":61263583985106,"circlet_count":0,"master_deck":["Strike_R+1","Defend_R+1","Defend_R+1","Defend_R+1","Bash+1","Clothesline+1","Combust+1","Impervious","Twin Strike","Shrug It Off+1","Disarm+1","Pommel Strike+1","Metallicize","Offering","Demon Form","Armaments+1","Juggernaut","Cleave","Reaper","Ghostly Armor+1","Headbutt"],"relics":["Burning Blood","Pear","Sundial","Mango","Meat on the Bone","Empty Cage","Happy Flower","Calipers","Pantograph","Champion Belt","Coffee Dripper","Question Card","Lantern"],"potions_floor_usage":[16],"damage_taken":[{"damage":6,"enemies":"Cultist","floor":1,"turns":3},{"damage":9,"enemies":"Jaw Worm","floor":2,"turns":4},{"damage":0,"enemies":"2 Louse","floor":4,"turns":3},{"damage":21,"enemies":"3 Sentries","floor":7,"turns":6},{"damage":18,"enemies":"Lagavulin","floor":10,"turns":8},{"damage":8,"enemies":"Gremlin Gang","floor":11,"turns":4},{"damage":5,"enemies":"2 Fungi Beasts","floor":13,"turns":3},{"damage":24,"enemies":"3 Sentries","floor":14,"turns":7},{"damage":24,"enemies":"Slime Boss","floor":16,"turns":10},{"damage":8,"enemies":"Chosen","floor":18,"turns":6},{"damage":15,"enemies":"Spheric Guardian","floor":19,"turns":8},{"damage":14,"enemies":"Shelled Parasite and Fungi","floor":22,"turns":7},{"damage":45,"enemies":"Slavers","floor":23,"turns":5},{"damage":33,"enemies":"Gremlin Leader","floor":25,"turns":6},{"damage":10,"enemies":"Centurion and Healer","floor":28,"turns":6},{"damage":5,"enemies":"Snecko","floor":29,"turns":6},{"damage":1,"enemies":"Snake Plant","floor":30,"turns":6},{"damage":40,"enemies":"Book of Stabbing","floor":31,"turns":8},{"damage":21,"enemies":"Champ","floor":33,"turns":8},{"damage":33,"enemies":"3 Shapes","floor":35,"turns":4},{"damage":7,"enemies":"3 Darklings","floor":37,"turns":5},{"damage":0,"enemies":"Writhing Mass","floor":39,"turns":1}],"seed_played":"-513092827836684453","potions_obtained":[{"floor":10,"key":"FearPotion"},{"floor":11,"key":"Block Potion"},{"floor":14,"key":"LiquidBronze"},{"floor":16,"key":"AttackPotion"},{"floor":18,"key":"BloodPotion"},{"floor":23,"key":"FairyPotion"},{"floor":35,"key":"Strength Potion"}],"is_trial":false,"path_per_floor":["M","M","$","M","?","R","E","R","T","E","M","R","M","E","R","B",null,"M","M","?","?","M","E","R","E","T","R","M","M","M","E","R","B",null,"M","?","M","$","M"],"character_chosen":"IRONCLAD","items_purchased":["Impervious","Question Card","Lantern","SteroidPotion"],"campfire_rested":0,"item_purchase_floors":[3,38,38,38],"current_hp_per_floor":[80,77,77,80,80,80,75,75,75,77,75,75,76,58,58,52,104,102,93,93,93,85,58,58,43,43,43,51,64,69,47,47,69,104,104,99,99,99,99],"gold":112,"neow_bonus":"HUNDRED_GOLD","is_prod":false,"is_daily":false,"chose_seed":false,"campfire_upgraded":7,"win_rate":0,"timestamp":1551837805,"path_taken":["M","?","$","M","?","R","E","R","T","E","?","R","?","E","R","BOSS","M","M","?","?","M","E","R","E","T","R","M","?","M","E","R","BOSS","M","?","M","$","M"],"build_version":"2019-01-23","purchased_purges":1,"victory":false,"max_hp_per_floor":[80,80,80,80,80,80,90,90,90,104,104,104,104,104,104,104,104,104,104,104,104,104,104,104,104,104,104,104,104,104,104,104,104,104,104,99,99,99,99],"card_choices":[{"not_picked":["Thunderclap","Heavy Blade"],"picked":"Clothesline","floor":1},{"not_picked":["Clash","Second Wind"],"picked":"Combust","floor":2},{"not_picked":["Armaments","Perfected Strike"],"picked":"Twin Strike","floor":4},{"not_picked":["Uppercut","Heavy Blade"],"picked":"Shrug It Off","floor":7},{"not_picked":["Twin Strike","Dropkick"],"picked":"Disarm","floor":10},{"not_picked":["Clash","Sentinel","Perfected Strike"],"picked":"SKIP","floor":11},{"not_picked":["Double Tap","Perfected Strike"],"picked":"Pommel Strike","floor":13},{"not_picked":["Clothesline","Infernal Blade"],"picked":"Metallicize","floor":14},{"not_picked":["Impervious","Juggernaut"],"picked":"Offering","floor":16},{"not_picked":["Wild Strike","Bloodletting","Clash"],"picked":"SKIP","floor":18},{"not_picked":["Sword Boomerang","Twin Strike+1","Sentinel+1"],"picked":"SKIP","floor":19},{"not_picked":["Pummel","Wild Strike","Pommel Strike"],"picked":"SKIP","floor":22},{"not_picked":["Evolve","Rupture"],"picked":"Demon Form","floor":23},{"not_picked":["Rampage","Sentinel","Sword Boomerang+1"],"picked":"SKIP","floor":25},{"not_picked":["Hemokinesis+1","Heavy Blade+1"],"picked":"Armaments","floor":28},{"not_picked":["Body Slam","Warcry"],"picked":"Juggernaut","floor":29},{"not_picked":["Body Slam+1","Burning Pact"],"picked":"Cleave","floor":30},{"not_picked":["Perfected Strike","Cleave","Havoc"],"picked":"SKIP","floor":31},{"not_picked":["Impervious","Demon Form"],"picked":"Reaper","floor":33},{"not_picked":["Intimidate","Flex"],"picked":"Ghostly Armor+1","floor":35},{"not_picked":["Perfected Strike+1","Havoc+1"],"picked":"Headbutt","floor":37}],"player_experience":665319,"relics_obtained":[{"floor":7,"key":"Pear"},{"floor":9,"key":"Sundial"},{"floor":10,"key":"Mango"},{"floor":14,"key":"Meat on the Bone"},{"floor":23,"key":"Happy Flower"},{"floor":25,"key":"Calipers"},{"floor":26,"key":"Pantograph"},{"floor":31,"key":"Champion Belt"}],"event_choices":[{"cards_removed":["Strike_R"],"damage_healed":0,"gold_gain":0,"player_choice":"Purged","damage_taken":0,"max_hp_gain":0,"max_hp_loss":0,"event_name":"Purifier","floor":5,"gold_loss":0},{"damage_healed":0,"gold_gain":0,"player_choice":"Simplicity","damage_taken":0,"max_hp_gain":0,"max_hp_loss":0,"event_name":"Back to Basics","floor":20,"gold_loss":0,"cards_upgraded":["Strike_R","Defend_R","Defend_R","Defend_R","Defend_R"]},{"cards_removed":["Defend_R"],"damage_healed":0,"gold_gain":0,"player_choice":"Offered Basic","damage_taken":0,"max_hp_gain":0,"max_hp_loss":0,"event_name":"Bonfire Elementals","floor":21,"gold_loss":0},{"damage_healed":0,"gold_gain":0,"player_choice":"Max HP","damage_taken":0,"max_hp_gain":0,"max_hp_loss":5,"event_name":"Winding Halls","floor":36,"gold_loss":0}],"is_beta":false,"boss_relics":[{"not_picked":["Lizard Tail","Busted Crown"],"picked":"Empty Cage"},{"not_picked":["Snecko Eye","Mark of Pain"],"picked":"Coffee Dripper"}],"items_purged_floors":[3],"is_endless":false,"potions_floor_spawned":[10,11,14,16,18,22,23,29,30,35],"killed_by":"Writhing Mass","ascension_level":3}