{"gold_per_floor":[113,113,38,57,57,83,83,107,155,190,190,3,18,42,42,135,135,153,168,209,209,209,209,209],"floor_reached":24,"playtime":864,"items_purged":["Strike_B"],"score":435,"play_id":"8086e08f-842b-4865-b911-80667e81d148","local_time":"20190303181548","is_ascension_mode":true,"campfire_choices":[{"data":"Zap","floor":11.0,"key":"SMITH"},{"floor":15.0,"key":"REST"},{"floor":23.0,"key":"REST"}],"neow_cost":"NONE","seed_source_timestamp":2374710692360,"circlet_count":0,"master_deck":["AscendersBane","Defend_B","Defend_B","Defend_B","Zap+1","Dualcast","Sweeping Beam","Steam","Conserve Battery","Conserve Battery","Streamline","Self Repair","Gash","Cold Snap","Leap","All For One","Cold Snap","Consume","Gash","Writhe"],"special_seed":0,"relics":["Cracked Core","NeowsBlessing","Vajra","Golden Idol","Juzu Bracelet","Du-Vu Doll","Empty Cage","Red Mask","Shuriken"],"potions_floor_usage":[],"damage_taken":[{"damage":0.0,"enemies":"Small Slimes","floor":1.0,"turns":1.0},{"damage":0.0,"enemies":"2 Louse","floor":4.0,"turns":1.0},{"damage":0.0,"enemies":"Gremlin Nob","floor":6.0,"turns":1.0},{"damage":0.0,"enemies":"Jaw Worm","floor":8.0,"turns":3.0},{"damage":19.0,"enemies":"Lagavulin","floor":10.0,"turns":7.0},{"damage":5.0,"enemies":"Looter","floor":13.0,"turns":2.0},{"damage":9.0,"enemies":"3 Louse","floor":14.0,"turns":2.0},{"damage":2.0,"enemies":"Hexaghost","floor":16.0,"turns":8.0},{"damage":14.0,"enemies":"Spheric Guardian","floor":18.0,"turns":5.0},{"damage":16.0,"enemies":"Chosen","floor":19.0,"turns":7.0},{"damage":36.0,"enemies":"Masked Bandits","floor":20.0,"turns":5.0},{"damage":43,"enemies":"Book of Stabbing","floor":24,"turns":6}],"seed_played":"-7191572259046838539","potions_obtained":[{"floor":8.0,"key":"PowerPotion"},{"floor":13.0,"key":"FocusPotion"},{"floor":18.0,"key":"Block Potion"}],"is_trial":false,"path_per_floor":["M","?","?","M","?","E","?","M","T","E","R","$","M","M","R","B",null,"M","M","?","?","?","R","E"],"character_chosen":"DEFECT","items_purchased":["Self Repair","Gash"],"campfire_rested":2,"item_purchase_floors":[12,12],"current_hp_per_floor":[64,64,64,64,69,69,43,43,43,24,24,24,19,10,32,37,66,59,50,21,21,21,43,0],"gold":209,"neow_bonus":"THREE_ENEMY_KILL","is_prod":false,"is_daily":false,"chose_seed":false,"campfire_upgraded":1,"win_rate":0,"timestamp":1551604548,"path_taken":["M","?","?","M","?","E","?","M","T","E","R","?","M","M","R","BOSS","M","M","?","?","?","R","E"],"build_version":"2019-01-23","purchased_purges":1,"victory":false,"max_hp_per_floor":[71,71,71,71,76,76,76,76,76,76,76,76,76,76,76,76,76,76,76,76,76,76,76,76],"card_choices":[{"not_picked":["Barrage","Hologram"],"picked":"Sweeping Beam","floor":1.0},{"not_picked":["Melter","Undo"],"picked":"Conserve Battery","floor":4.0},{"not_picked":["Reinforced Body","Go for the Eyes"],"picked":"Conserve Battery","floor":6.0},{"not_picked":["Undo","Go for the Eyes"],"picked":"Streamline","floor":8.0},{"not_picked":["FTL","Capacitor","Redo"],"picked":"SKIP","floor":10.0},{"not_picked":["Leap","Redo"],"picked":"Cold Snap","floor":13.0},{"not_picked":["Stack","Amplify"],"picked":"Leap","floor":14.0},{"not_picked":["Amplify","Thunder Strike"],"picked":"All For One","floor":16.0},{"not_picked":["Chaos","Turbo"],"picked":"Cold Snap","floor":18.0},{"not_picked":["Barrage","Lockon"],"picked":"Consume","floor":19.0},{"not_picked":["Turbo","Go for the Eyes"],"picked":"Gash","floor":20.0}],"player_experience":814358,"relics_obtained":[{"floor":6.0,"key":"Vajra"},{"floor":9.0,"key":"Juzu Bracelet"},{"floor":10.0,"key":"Du-Vu Doll"},{"floor":20.0,"key":"Red Mask"}],"event_choices":[{"damage_healed":0.0,"max_hp_gain":0.0,"max_hp_loss":0.0,"gold_gain":0.0,"cards_transformed":["Strike_B"],"event_name":"Living Wall","player_choice":"Change","floor":2.0,"gold_loss":0.0,"damage_taken":0.0,"cards_obtained":["Steam"]},{"cards_removed":["Defend_B"],"damage_healed":0.0,"max_hp_gain":0.0,"max_hp_loss":0.0,"gold_gain":0.0,"event_name":"The Cleric","player_choice":"Card Removal","floor":3.0,"gold_loss":75.0,"damage_taken":0.0},{"damage_healed":0.0,"max_hp_gain":5.0,"max_hp_loss":0.0,"gold_gain":0.0,"event_name":"Big Fish","player_choice":"Donut","floor":5.0,"gold_loss":0.0,"damage_taken":0.0},{"damage_healed":0.0,"max_hp_gain":0.0,"max_hp_loss":0.0,"gold_gain":0.0,"event_name":"Golden Idol","player_choice":"Take Damage","floor":7.0,"gold_loss":0.0,"damage_taken":26.0,"relics_obtained":["Golden Idol"]},{"damage_healed":0.0,"max_hp_gain":0.0,"max_hp_loss":0.0,"gold_gain":0.0,"event_name":"Masked Bandits","player_choice":"Fought Bandits","floor":20.0,"gold_loss":0.0,"damage_taken":0.0},{"damage_healed":0.0,"max_hp_gain":0.0,"max_hp_loss":0.0,"gold_gain":0.0,"event_name":"Ghosts","player_choice":"Ignored","floor":21.0,"gold_loss":0.0,"damage_taken":0.0},{"damage_healed":0.0,"max_hp_gain":0.0,"max_hp_loss":0.0,"gold_gain":0.0,"event_name":"The Mausoleum","player_choice":"Opened","floor":22.0,"gold_loss":0.0,"damage_taken":0.0,"relics_obtained":["Shuriken"],"cards_obtained":["Writhe"]}],"is_beta":false,"boss_relics":[{"not_picked":["Runic Pyramid","Busted Crown"],"picked":"Empty Cage"}],"items_purged_floors":[12],"is_endless":false,"potions_floor_spawned":[8,13,14,18],"killed_by":"Book of Stabbing","ascension_level":18}