{"gold_per_floor":[116,131,131,142,115,115,130,130,199,225,237,237,237,256,256,351,351,361,361,379,28,28,58,58,90,90,109,126,140,169,187,187,288,288,307,319,30,49,68,96,59,85,109,134,134,234,4,19,19,19],"floor_reached":51,"playtime":4794,"items_purged":["Strike_G"],"score":926,"play_id":"b4eaa937-c988-4886-9996-84bd061151e7","local_time":"20190217011936","is_ascension_mode":true,"campfire_choices":[{"data":"Survivor","floor":6,"key":"SMITH"},{"data":"Blind","floor":8,"key":"SMITH"},{"data":"Backflip","floor":13,"key":"SMITH"},{"data":"Outmaneuver","floor":15,"key":"SMITH"},{"data":"Blind","floor":24,"key":"SMITH"},{"data":"Adrenaline","floor":32,"key":"SMITH"},{"floor":49,"key":"REST"}],"neow_cost":"NONE","seed_source_timestamp":1137801253579908,"circlet_count":0,"master_deck":["Defend_G","Defend_G","Defend_G","Strike_G","Strike_G","Survivor+1","Neutralize+1","Blind+1","Flying Knee","Backflip","Reflex","Prepared","Blade Dance","Backstab","Backflip+1","Venomology","Outmaneuver+1","Die Die Die+1","Setup+1","Die Die Die+1","Quick Slash+1","Reflex","Underhanded Strike+1","Dramatic Entrance","Blind+1","Underhanded Strike+1","Malaise","Dodge and Roll+1","Acrobatics+1","Endless Agony","Adrenaline+1","Setup","After Image","Accuracy+1","Dash+1","Finisher+1","Footwork+1","Deflect","Backstab","Adrenaline","Chrysalis","Well Laid Plans","Parasite","Backflip+1"],"relics":["Ring of the Snake","Dead Branch","Paper Crane","Potion Belt","Astrolabe","ClockworkSouvenir","Meat on the Bone","Sundial","Pantograph","Strawberry","Philosopher\u0027s Stone","Turnip","Whetstone","Singing Bowl","Ancient Tea Set","Vajra","The Specimen","Bronze Scales"],"potions_floor_usage":[11,16,16,20,25,25,30,30,33,33,36,39,46,48,48,48,50,50,50,50],"damage_taken":[{"damage":0,"enemies":"Cultist","floor":1,"turns":4},{"damage":1,"enemies":"Jaw Worm","floor":2,"turns":4},{"damage":0,"enemies":"2 Louse","floor":4,"turns":3},{"damage":8,"enemies":"Exordium Thugs","floor":5,"turns":7},{"damage":3,"enemies":"Looter","floor":7,"turns":4},{"damage":21,"enemies":"3 Sentries","floor":10,"turns":7},{"damage":0,"enemies":"Lots of Slimes","floor":11,"turns":1},{"damage":0,"enemies":"Large Slime","floor":14,"turns":6},{"damage":12,"enemies":"Hexaghost","floor":16,"turns":9},{"damage":0,"enemies":"Spheric Guardian","floor":18,"turns":3},{"damage":7,"enemies":"Chosen","floor":20,"turns":5},{"damage":16,"enemies":"Slavers","floor":23,"turns":4},{"damage":10,"enemies":"Gremlin Leader","floor":25,"turns":5},{"damage":0,"enemies":"Centurion and Healer","floor":27,"turns":5},{"damage":0,"enemies":"3 Cultists","floor":28,"turns":4},{"damage":28,"enemies":"Snake Plant","floor":29,"turns":6},{"damage":11,"enemies":"Slavers","floor":30,"turns":3},{"damage":2,"enemies":"Chosen and Byrds","floor":31,"turns":4},{"damage":9,"enemies":"Collector","floor":33,"turns":7},{"damage":0,"enemies":"3 Darklings","floor":35,"turns":5},{"damage":12,"enemies":"3 Shapes","floor":36,"turns":2},{"damage":0,"enemies":"Jaw Worm Horde","floor":38,"turns":3},{"damage":1,"enemies":"Maw","floor":39,"turns":8},{"damage":8,"enemies":"Nemesis","floor":40,"turns":6},{"damage":6,"enemies":"Reptomancer","floor":42,"turns":5},{"damage":4,"enemies":"Nemesis","floor":44,"turns":11},{"damage":12,"enemies":"Mind Bloom Boss Battle","floor":46,"turns":4},{"damage":3,"enemies":"Writhing Mass","floor":48,"turns":6},{"damage":40,"enemies":"Awakened One","floor":50,"turns":13}],"seed_played":"3642453349840420091","potions_obtained":[{"floor":2,"key":"AttackPotion"},{"floor":7,"key":"Energy Potion"},{"floor":10,"key":"SkillPotion"},{"floor":16,"key":"Poison Potion"},{"floor":20,"key":"Poison Potion"},{"floor":23,"key":"Swift Potion"},{"floor":33,"key":"Energy Potion"},{"floor":39,"key":"Weak Potion"},{"floor":46,"key":"SpeedPotion"}],"is_trial":false,"path_per_floor":["M","M","?","M","M","R","M","R","T","E","M","?","R","M","R","B",null,"M","?","M","$","?","E","R","E","T","M","M","M","E","M","R","B",null,"M","M","$","M","M","E","$","E","T","E","?","?","$","M","R","B",null],"character_chosen":"THE_SILENT","items_purchased":["ClockworkSouvenir","Dramatic Entrance","Turnip","Backstab","Well Laid Plans","Bronze Scales"],"campfire_rested":1,"item_purchase_floors":[21,21,37,41,47,47],"current_hp_per_floor":[70,69,69,69,61,61,58,58,58,37,37,37,37,37,37,25,70,70,70,63,63,49,33,33,35,35,47,47,31,39,49,49,65,77,77,65,65,65,64,56,56,52,52,48,48,63,63,60,81,56],"gold":19,"neow_bonus":"RANDOM_COLORLESS","is_prod":false,"is_daily":false,"chose_seed":false,"campfire_upgraded":6,"win_rate":0,"timestamp":1550362776,"path_taken":["M","M","?","M","?","R","M","R","T","E","?","?","R","M","R","BOSS","M","?","M","?","?","E","R","E","T","M","M","M","E","M","R","BOSS","M","M","?","M","M","E","$","E","T","E","?","?","$","M","R","BOSS"],"build_version":"2019-01-23","purchased_purges":1,"victory":true,"max_hp_per_floor":[70,70,70,70,70,70,70,70,70,70,70,70,70,70,70,70,70,70,70,70,70,70,70,70,70,70,70,70,70,77,77,77,77,77,77,77,77,77,77,77,77,79,79,79,79,81,81,81,81,81],"card_choices":[{"not_picked":["Poisoned Stab","Sucker Punch"],"picked":"Flying Knee","floor":1},{"not_picked":["Skewer","Flechettes"],"picked":"Backflip","floor":2},{"not_picked":["Infinite Blades","Dagger Throw"],"picked":"Reflex","floor":4},{"not_picked":["Expertise","Blade Dance"],"picked":"Prepared","floor":5},{"not_picked":["Dodge and Roll","Dagger Spray"],"picked":"Blade Dance","floor":7},{"not_picked":["Envenom","Backflip"],"picked":"Backstab","floor":10},{"not_picked":["Prepared","Bane"],"picked":"Backflip","floor":11},{"not_picked":["Catalyst","Reflex"],"picked":"Outmaneuver","floor":14},{"not_picked":["Burst","Glass Knife"],"picked":"Die Die Die","floor":16},{"not_picked":["Deflect","Well Laid Plans"],"picked":"Reflex","floor":18},{"not_picked":["Noxious Fumes+1","Leg Sweep"],"picked":"Underhanded Strike+1","floor":20},{"not_picked":["Deadly Poison","Reflex"],"picked":"Underhanded Strike+1","floor":23},{"not_picked":["Accuracy","Slice"],"picked":"Malaise","floor":25},{"not_picked":["Poisoned Stab+1","Flying Knee+1"],"picked":"Dodge and Roll+1","floor":27},{"not_picked":["Infinite Blades","Bane"],"picked":"Acrobatics+1","floor":28},{"not_picked":["Catalyst","Quick Slash"],"picked":"Endless Agony","floor":29},{"not_picked":["Underhanded Strike","Setup"],"picked":"Adrenaline","floor":30},{"not_picked":["Deadly Poison","Bouncing Flask"],"picked":"Setup","floor":31},{"not_picked":["Doppelganger","Wraith Form v2"],"picked":"After Image","floor":33},{"not_picked":["Leg Sweep+1","Quick Slash+1"],"picked":"Accuracy+1","floor":35},{"not_picked":["Blur","Predator+1"],"picked":"Dash+1","floor":36},{"not_picked":["PiercingWail","Deflect"],"picked":"Finisher+1","floor":38},{"not_picked":["Dagger Spray","Outmaneuver+1"],"picked":"Footwork+1","floor":39},{"not_picked":["Underhanded Strike","Slice"],"picked":"Deflect","floor":40},{"not_picked":["Quick Slash","Infinite Blades","Outmaneuver"],"picked":"Singing Bowl","floor":42},{"not_picked":["Prepared","Acrobatics+1"],"picked":"Adrenaline","floor":44},{"not_picked":["Mayhem","Enlightenment"],"picked":"Chrysalis","floor":45},{"not_picked":["Dash+1","Flying Knee","Slice"],"picked":"Singing Bowl","floor":46},{"not_picked":["Cloak And Dagger","Leg Sweep"],"picked":"Backflip+1","floor":48}],"player_experience":314246,"relics_obtained":[{"floor":9,"key":"Paper Crane"},{"floor":10,"key":"Potion Belt"},{"floor":23,"key":"Meat on the Bone"},{"floor":25,"key":"Sundial"},{"floor":26,"key":"Pantograph"},{"floor":30,"key":"Strawberry"},{"floor":40,"key":"Whetstone"},{"floor":42,"key":"Singing Bowl"},{"floor":43,"key":"Ancient Tea Set"},{"floor":44,"key":"Vajra"},{"floor":46,"key":"The Specimen"}],"event_choices":[{"damage_healed":0,"gold_gain":0,"player_choice":"Gave Potion","damage_taken":0,"relics_obtained":["Dead Branch"],"max_hp_gain":0,"max_hp_loss":0,"event_name":"WeMeetAgain","floor":3,"gold_loss":0},{"damage_healed":0,"gold_gain":0,"cards_transformed":["Strike_G"],"player_choice":"Change","damage_taken":0,"max_hp_gain":0,"max_hp_loss":0,"event_name":"Living Wall","floor":12,"gold_loss":0,"cards_obtained":["Venomology"]},{"damage_healed":0,"gold_gain":0,"player_choice":"Ignored","damage_taken":0,"max_hp_gain":0,"max_hp_loss":0,"event_name":"N\u0027loth","floor":19,"gold_loss":0},{"damage_healed":0,"gold_gain":0,"player_choice":"CARD ","damage_taken":14,"max_hp_gain":0,"max_hp_loss":0,"event_name":"Knowing Skull","floor":22,"potions_obtained":[],"gold_loss":0,"cards_obtained":["Blind"]},{"damage_healed":0,"gold_gain":0,"player_choice":"Memory 1","damage_taken":0,"max_hp_gain":0,"max_hp_loss":0,"event_name":"SensoryStone","floor":45,"gold_loss":0},{"damage_healed":0,"gold_gain":0,"player_choice":"Fight","damage_taken":0,"max_hp_gain":0,"max_hp_loss":0,"event_name":"MindBloom","floor":46,"gold_loss":0}],"is_beta":false,"boss_relics":[{"not_picked":["Fusion Hammer","Velvet Choker"],"picked":"Astrolabe"},{"not_picked":["Pandora\u0027s Box","Calling Bell"],"picked":"Philosopher\u0027s Stone"}],"items_purged_floors":[21],"is_endless":false,"potions_floor_spawned":[2,7,10,16,20,23,29,33,39,40,42,46],"ascension_level":4}