{"path_per_floor":["M","?","$","M","M","R","E","M","T","$","?","?","M","M","R"],"character_chosen":"IRONCLAD","items_purchased":["Metallicize","Shrug It Off"],"gold_per_floor":[114,114,35,53,64,64,99,112,112,15,15,41,59,69,69],"floor_reached":16,"campfire_rested":0,"playtime":1327,"current_hp_per_floor":[80,80,80,70,66,66,35,41,41,41,25,31,38,46,46],"items_purged":["Strike_R"],"gold":69,"play_id":"95fa2b01-b539-45a6-9b24-34b222ece41c","is_prod":false,"is_daily":false,"campfire_rituals":0,"campfire_upgraded":2,"is_hardmode":false,"path_taken":["M","?","$","?","M","R","E","M","T","$","?","?","M","M","R","BOSS"],"build_version":"2018-01-11-PROD2","purchased_purges":1,"victory":false,"master_deck":["Strike_R","Strike_R","Strike_R","Defend_R","Defend_R","Defend_R","Defend_R","Bash","Burning Pact","Metallicize","Heavy Blade","Battle Trance","Shrug It Off","Shrug It Off","Feed","Pommel Strike","Uppercut"],"max_hp_per_floor":[80,80,80,80,80,80,80,80,80,80,80,80,83,86,86],"relics":["Burning Blood","Dodecahedron","Thread and Needle","Odd Mushroom"],"campfire_meditates":0,"card_choices":[{"not_picked":["Perfected Strike","Clash"],"picked":"Burning Pact"},{"not_picked":["Havoc","Anger"],"picked":"Heavy Blade"},{"not_picked":["Twin Strike","Demon Form"],"picked":"Battle Trance"},{"not_picked":["Infernal Blade","Twin Strike"],"picked":"Shrug It Off"},{"not_picked":["True Grit","Clothesline"],"picked":"Feed"},{"not_picked":["Reckless Charge","Second Wind"],"picked":"Pommel Strike"},{"not_picked":["Havoc","Dropkick"],"picked":"Uppercut"}],"player_experience":207102,"potions_floor_usage":[8,12,16],"damage_taken":[{"damage":6,"enemies":"Jaw Worm","floor":1,"turns":3},{"damage":16,"enemies":"Blue Slaver","floor":4,"turns":6},{"damage":10,"enemies":"Small Slimes","floor":5,"turns":4},{"damage":37,"enemies":"Gremlin Nob","floor":7,"turns":5},{"damage":0,"enemies":"3 Louse","floor":8,"turns":1},{"damage":0,"enemies":"The Mushroom Lair","floor":12,"turns":4},{"damage":2,"enemies":"2 Fungi Beasts","floor":13,"turns":4},{"damage":1,"enemies":"Large Slime","floor":14,"turns":7},{"damage":39,"enemies":"Hexaghost","floor":16,"turns":16}],"event_choices":[{"event_name":"Purifier","player_choice":"One Purge","floor":2,"damage_taken":0},{"event_name":"Shining Light","player_choice":"Entered Light","floor":11,"damage_taken":0},{"event_name":"Mushrooms","player_choice":"Fought Mushrooms","floor":12,"damage_taken":0}],"boss_relics":[],"potions_floor_spawned":[7,8,12,13],"seed_played":"-8717786104614594478","killed_by":"Hexaghost","is_trial":false}