{"gold_per_floor":[209,221,296,296,88,88,113,113,167,167,192,36,52,63,63,159,159,174,188,188,188],"floor_reached":21,"playtime":934,"items_purged":["Defend_R"],"score":234,"play_id":"2187d433-563b-4969-a6cd-f01943e3e603","local_time":"20190226165046","is_ascension_mode":true,"campfire_choices":[{"data":"Shrug It Off","floor":6,"key":"SMITH"},{"data":"True Grit","floor":8,"key":"SMITH"},{"data":"Rampage","floor":10,"key":"SMITH"},{"floor":15,"key":"REST"}],"neow_cost":"NONE","seed_source_timestamp":146862594055100,"circlet_count":0,"master_deck":["Strike_R","Strike_R","Strike_R","Strike_R","Strike_R","Defend_R","Defend_R","Defend_R","Bash","Rampage+1","Whirlwind","Shrug It Off+1","Trip","True Grit+1","Pommel Strike","Demon Form","Intimidate","Reaper","Disarm","Bloodletting"],"relics":["Black Blood","Letter Opener","Tiny Chest","Vajra","Shuriken"],"potions_floor_usage":[11,18,21,21,21],"damage_taken":[{"damage":8,"enemies":"2 Louse","floor":1,"turns":2},{"damage":0,"enemies":"Small Slimes","floor":2,"turns":3},{"damage":24,"enemies":"Lagavulin","floor":7,"turns":7},{"damage":10,"enemies":"Gremlin Nob","floor":11,"turns":4},{"damage":3,"enemies":"Jaw Worm","floor":13,"turns":3},{"damage":8,"enemies":"Exordium Wildlife","floor":14,"turns":4},{"damage":24,"enemies":"The Guardian","floor":16,"turns":10},{"damage":29,"enemies":"Spheric Guardian","floor":18,"turns":6},{"damage":28,"enemies":"2 Thieves","floor":19,"turns":5},{"damage":68,"enemies":"Snecko","floor":21,"turns":6}],"seed_played":"-2924494536720629802","potions_obtained":[{"floor":2,"key":"BloodPotion"},{"floor":7,"key":"Block Potion"},{"floor":14,"key":"Block Potion"},{"floor":16,"key":"Regen Potion"},{"floor":19,"key":"FearPotion"}],"is_trial":false,"path_per_floor":["M","M","?","?","$","R","E","R","T","R","E","$","M","M","R","B",null,"M","M","?","M"],"character_chosen":"IRONCLAD","items_purchased":["Shrug It Off","Trip","Demon Form"],"campfire_rested":1,"item_purchase_floors":[5,5,12],"current_hp_per_floor":[78,80,69,74,74,74,56,56,56,56,52,52,55,53,78,60,79,60,42,42,0],"gold":188,"neow_bonus":"HUNDRED_GOLD","is_prod":false,"is_daily":false,"chose_seed":false,"campfire_upgraded":3,"win_rate":0,"timestamp":1551196246,"path_taken":["M","M","?","?","$","R","E","R","T","R","E","?","?","M","R","BOSS","M","M","?","M"],"build_version":"2019-01-23","purchased_purges":1,"victory":false,"max_hp_per_floor":[80,80,80,85,85,85,85,85,85,85,85,85,85,85,85,85,85,85,85,85,85],"card_choices":[{"not_picked":["Iron Wave","Clothesline"],"picked":"Rampage","floor":1},{"not_picked":["Rupture","Cleave"],"picked":"Whirlwind","floor":2},{"not_picked":["Whirlwind","Flex"],"picked":"True Grit","floor":7},{"not_picked":["Immolate","Inflame"],"picked":"Pommel Strike","floor":11},{"not_picked":["Thunderclap","Warcry"],"picked":"Intimidate","floor":13},{"not_picked":["Whirlwind","Body Slam","Hemokinesis"],"picked":"SKIP","floor":14},{"not_picked":["Brutality","Juggernaut"],"picked":"Reaper","floor":16},{"not_picked":["Wild Strike","Dual Wield"],"picked":"Disarm","floor":18},{"not_picked":["Power Through","Blood for Blood+1"],"picked":"Bloodletting","floor":19}],"player_experience":365711,"relics_obtained":[{"floor":7,"key":"Letter Opener"},{"floor":9,"key":"Tiny Chest"},{"floor":11,"key":"Vajra"}],"event_choices":[{"damage_healed":0,"gold_gain":75,"player_choice":"Gather Gold","damage_taken":11,"max_hp_gain":0,"max_hp_loss":0,"event_name":"World of Goop","floor":3,"gold_loss":0},{"damage_healed":0,"gold_gain":0,"player_choice":"Donut","damage_taken":0,"max_hp_gain":5,"max_hp_loss":0,"event_name":"Big Fish","floor":4,"gold_loss":0},{"damage_healed":0,"gold_gain":0,"player_choice":"Opened","damage_taken":0,"relics_obtained":["Shuriken"],"max_hp_gain":0,"max_hp_loss":0,"event_name":"The Mausoleum","floor":20,"gold_loss":0}],"is_beta":false,"boss_relics":[{"not_picked":["Velvet Choker","Black Star"],"picked":"Black Blood"}],"items_purged_floors":[5],"is_endless":false,"potions_floor_spawned":[2,7,14,16,19],"killed_by":"Snecko","ascension_level":5}