{"gold_per_floor":[113,126,143,143,143,143,162,195,195,209,227,227,227,242,242,347,347,367,367,387,24,39,39,39,71,71,88,108,108,125,125],"floor_reached":31,"playtime":4499,"items_purged":[],"score":287,"play_id":"dcb4e53d-6042-4569-ae75-f8489ff1a217","local_time":"20190209225222","is_ascension_mode":true,"campfire_choices":[{"data":"Tempest","floor":6,"key":"SMITH"},{"floor":12,"key":"REST"},{"floor":15,"key":"REST"},{"data":"Redo","floor":23,"key":"SMITH"}],"neow_cost":"NONE","seed_source_timestamp":524459619702329,"circlet_count":0,"master_deck":["Strike_B+1","Strike_B+1","Strike_B+1","Defend_B+1","Defend_B+1","Defend_B+1","Defend_B+1","Zap","Dualcast","Lockon","Tempest+1","Rebound","Go for the Eyes","Cold Snap","Storm","Conserve Battery","Coolheaded","Turbo","Echo Form+1","Leap","Loop","Electrodynamics","Forethought","Redo+1","J.A.X.","Steam","BootSequence","Reboot","Auto Shields"],"relics":["Cracked Core","Strawberry","NlothsMask","Matryoshka","Symbiotic Virus","Philosopher\u0027s Stone","Toolbox","Pen Nib","Meat on the Bone","Orichalcum"],"potions_floor_usage":[11,18,25,28,30],"damage_taken":[{"damage":1,"enemies":"Cultist","floor":1,"turns":3},{"damage":8,"enemies":"2 Louse","floor":2,"turns":2},{"damage":0,"enemies":"Small Slimes","floor":3,"turns":2},{"damage":6,"enemies":"2 Fungi Beasts","floor":7,"turns":3},{"damage":53,"enemies":"3 Sentries","floor":8,"turns":8},{"damage":5,"enemies":"Looter","floor":10,"turns":3},{"damage":8,"enemies":"Exordium Thugs","floor":11,"turns":2},{"damage":14,"enemies":"3 Louse","floor":14,"turns":3},{"damage":9,"enemies":"Slime Boss","floor":16,"turns":7},{"damage":17,"enemies":"2 Thieves","floor":18,"turns":2},{"damage":0,"enemies":"Spheric Guardian","floor":20,"turns":3},{"damage":20,"enemies":"Snake Plant","floor":22,"turns":4},{"damage":24,"enemies":"Slavers","floor":25,"turns":3},{"damage":35,"enemies":"Chosen and Byrds","floor":27,"turns":5},{"damage":19,"enemies":"Snecko","floor":28,"turns":5},{"damage":0,"enemies":"Snake Plant","floor":30,"turns":2},{"damage":30,"enemies":"Shelled Parasite and Fungi","floor":31,"turns":3}],"seed_played":"-5578782642382565553","potions_obtained":[{"floor":1,"key":"FairyPotion"},{"floor":10,"key":"SkillPotion"},{"floor":16,"key":"Swift Potion"},{"floor":20,"key":"LiquidBronze"},{"floor":22,"key":"Swift Potion"},{"floor":27,"key":"EssenceOfSteel"},{"floor":28,"key":"Explosive Potion"}],"is_trial":false,"path_per_floor":["M","M","M","?","?","R","M","E","T","M","M","R","?","M","R","B",null,"M","?","M","$","M","R","?","E","T","M","M","?","M","M"],"character_chosen":"DEFECT","items_purchased":["Electrodynamics","Forethought","Toolbox"],"campfire_rested":2,"item_purchase_floors":[21,21,21],"current_hp_per_floor":[81,73,73,78,78,78,72,19,19,14,6,32,32,18,44,35,87,70,70,70,70,50,50,50,26,26,20,13,13,25,0],"gold":125,"neow_bonus":"RANDOM_COMMON_RELIC","is_prod":false,"is_daily":false,"chose_seed":false,"campfire_upgraded":2,"win_rate":0,"timestamp":1549749142,"path_taken":["M","M","M","?","?","R","?","E","T","M","M","R","?","M","R","BOSS","M","?","M","$","M","R","?","E","T","M","?","?","?","M"],"build_version":"2019-01-23","purchased_purges":0,"victory":false,"max_hp_per_floor":[82,82,82,87,87,87,87,87,87,87,87,87,87,87,87,87,87,87,87,87,87,87,87,87,87,87,87,87,87,87,87],"card_choices":[{"not_picked":["Streamline","Stack"],"picked":"Lockon","floor":1},{"not_picked":["Hello World","Redo"],"picked":"Tempest","floor":2},{"not_picked":["Compile Driver","Turbo"],"picked":"Rebound","floor":3},{"not_picked":["Beam Cell","Darkness"],"picked":"Go for the Eyes","floor":7},{"not_picked":["Hologram","Compile Driver"],"picked":"Cold Snap","floor":8},{"not_picked":["Rebound","Sweeping Beam"],"picked":"Storm","floor":10},{"not_picked":["Creative AI","Gash"],"picked":"Conserve Battery","floor":11},{"not_picked":["Storm","Rebound"],"picked":"Turbo","floor":14},{"not_picked":["Biased Cognition","Reboot"],"picked":"Echo Form","floor":16},{"not_picked":["Chaos","Compile Driver"],"picked":"Leap","floor":18},{"not_picked":["Aggregate","Rebound+1"],"picked":"Loop","floor":20},{"not_picked":["Barrage","Gash"],"picked":"Redo","floor":22},{"not_picked":["Go for the Eyes","Doom and Gloom"],"picked":"Steam","floor":25},{"not_picked":["Coolheaded+1","Storm+1"],"picked":"BootSequence","floor":27},{"not_picked":["Rip and Tear","Rebound+1"],"picked":"Reboot","floor":28},{"not_picked":["Ball Lightning+1","Go for the Eyes+1"],"picked":"Auto Shields","floor":30}],"player_experience":247318,"relics_obtained":[{"floor":8,"key":"Matryoshka"},{"floor":9,"key":"Symbiotic Virus"},{"floor":25,"key":"Pen Nib"},{"floor":26,"key":"Meat on the Bone"},{"floor":26,"key":"Orichalcum"}],"event_choices":[{"damage_healed":0,"gold_gain":0,"player_choice":"Donut","damage_taken":0,"max_hp_gain":5,"max_hp_loss":0,"event_name":"Big Fish","floor":4,"gold_loss":0},{"damage_healed":0,"gold_gain":0,"player_choice":"Trade","damage_taken":0,"relics_obtained":["NlothsMask"],"max_hp_gain":0,"max_hp_loss":0,"event_name":"FaceTrader","floor":5,"gold_loss":0},{"damage_healed":0,"gold_gain":0,"cards_transformed":["Strike_B"],"player_choice":"Change","damage_taken":0,"max_hp_gain":0,"max_hp_loss":0,"event_name":"Living Wall","floor":13,"gold_loss":0,"cards_obtained":["Coolheaded"]},{"damage_healed":0,"gold_gain":0,"player_choice":"Simplicity","damage_taken":0,"max_hp_gain":0,"max_hp_loss":0,"event_name":"Back to Basics","floor":19,"gold_loss":0,"cards_upgraded":["Strike_B","Strike_B","Strike_B","Defend_B","Defend_B","Defend_B","Defend_B"]},{"damage_healed":0,"gold_gain":0,"player_choice":"Obtain J.A.X.","damage_taken":0,"max_hp_gain":0,"max_hp_loss":0,"event_name":"Drug Dealer","floor":24,"gold_loss":0,"cards_obtained":["J.A.X."]},{"damage_healed":0,"gold_gain":0,"player_choice":"Upgraded","damage_taken":0,"max_hp_gain":0,"max_hp_loss":0,"event_name":"Upgrade Shrine","floor":29,"gold_loss":0,"cards_upgraded":["Echo Form"]}],"is_beta":false,"boss_relics":[{"not_picked":["Coffee Dripper","Calling Bell"],"picked":"Philosopher\u0027s Stone"}],"items_purged_floors":[],"is_endless":false,"potions_floor_spawned":[1,10,16,20,22,27,28],"killed_by":"Shelled Parasite and Fungi","ascension_level":2}