{"gold_per_floor":[114,133,58,58,7,34,45,45,70,86,105,121,121,180,180,277,277,290,290,279,294,313,328,328,328,351,11,11,28,43,43,43,145,145,156,156,87,105,115,115,142,142,142,142,24,44,44,56,56,56],"floor_reached":50,"playtime":3258,"items_purged":["Defend_G","Strike_G"],"score":503,"play_id":"815c1d81-9c85-460d-a5fa-5d6e9330c5f8","local_time":"20190223161159","is_ascension_mode":false,"campfire_choices":[{"floor":8,"key":"REST"},{"data":"Apotheosis","floor":13,"key":"SMITH"},{"floor":15,"key":"REST"},{"floor":25,"key":"REST"},{"floor":28,"key":"RECALL"},{"floor":32,"key":"REST"},{"floor":40,"key":"REST"},{"floor":42,"key":"REST"},{"floor":47,"key":"REST"},{"floor":49,"key":"REST"}],"neow_cost":"TEN_PERCENT_HP_LOSS","seed_source_timestamp":53162215438200,"circlet_count":0,"master_deck":["Defend_G","Defend_G","Defend_G","Defend_G","Strike_G+1","Strike_G","Strike_G","Strike_G","Survivor","Neutralize+1","Violence","Apotheosis+1","Distraction","Dagger Spray","Bouncing Flask","Terror","Deadly Poison","Well Laid Plans","Bane","Envenom","Sucker Punch+1","Crippling Poison+1","Tactician","Poisoned Stab+1","Outmaneuver","Cloak And Dagger","Magnetism","Escape Plan","Skewer+1","Escape Plan","After Image","Acrobatics","Madness","Madness","Masterful Stab","Blur+1","Prepared","Tactician"],"relics":["Ring of the Serpent","Potion Belt","Gremlin Horn","Happy Flower","Bag of Preparation","Regal Pillow","Fusion Hammer","Bottled Flame","The Courier","Whetstone"],"potions_floor_usage":[6,14,23,30,33,33,33,39,39,41,46,50],"damage_taken":[{"damage":0,"enemies":"Cultist","floor":1,"turns":3},{"damage":0,"enemies":"Jaw Worm","floor":2,"turns":5},{"damage":13,"enemies":"Lagavulin","floor":6,"turns":6},{"damage":0,"enemies":"Small Slimes","floor":7,"turns":1},{"damage":4,"enemies":"Blue Slaver","floor":10,"turns":4},{"damage":4,"enemies":"Red Slaver","floor":11,"turns":4},{"damage":2,"enemies":"Looter","floor":12,"turns":3},{"damage":0,"enemies":"Gremlin Nob","floor":14,"turns":3},{"damage":8,"enemies":"The Guardian","floor":16,"turns":8},{"damage":17,"enemies":"Spheric Guardian","floor":18,"turns":4},{"damage":12,"enemies":"2 Thieves","floor":20,"turns":5},{"damage":3,"enemies":"Snake Plant","floor":21,"turns":3},{"damage":11,"enemies":"3 Cultists","floor":22,"turns":4},{"damage":2,"enemies":"Chosen and Byrds","floor":23,"turns":4},{"damage":0,"enemies":"Snecko","floor":24,"turns":3},{"damage":14,"enemies":"Shelled Parasite and Fungi","floor":29,"turns":3},{"damage":8,"enemies":"Cultist and Chosen","floor":30,"turns":6},{"damage":51,"enemies":"Automaton","floor":33,"turns":9},{"damage":15,"enemies":"3 Darklings","floor":35,"turns":6},{"damage":4,"enemies":"3 Shapes","floor":38,"turns":4},{"damage":34,"enemies":"Spire Growth","floor":39,"turns":5},{"damage":8,"enemies":"Nemesis","floor":41,"turns":9},{"damage":15,"enemies":"3 Darklings","floor":46,"turns":4},{"damage":23,"enemies":"Jaw Worm Horde","floor":48,"turns":5},{"damage":65,"enemies":"Donu and Deca","floor":50,"turns":7}],"seed_played":"835720639035188878","potions_obtained":[{"floor":6,"key":"Dexterity Potion"},{"floor":7,"key":"AttackPotion"},{"floor":12,"key":"SpeedPotion"},{"floor":16,"key":"Regen Potion"},{"floor":20,"key":"Dexterity Potion"},{"floor":21,"key":"GhostInAJar"},{"floor":22,"key":"Explosive Potion"},{"floor":29,"key":"Energy Potion"},{"floor":35,"key":"Poison Potion"},{"floor":39,"key":"Swift Potion"},{"floor":41,"key":"PowerPotion"},{"floor":46,"key":"LiquidBronze"}],"is_trial":false,"path_per_floor":["M","M","$","?","$","E","M","R","T","M","M","M","R","?","R","B",null,"M","?","M","M","M","M","M","R","T","$","R","M","M","?","R","B",null,"M","?","$","M","M","R","E","R","T","T","$","M","R","M","R","B"],"character_chosen":"THE_SILENT","items_purchased":["Fire Potion","Magnetism","Escape Plan","Masterful Stab","Whetstone"],"campfire_rested":8,"item_purchase_floors":[5,27,27,37,45],"current_hp_per_floor":[63,63,63,30,30,17,17,35,35,31,27,25,25,25,43,35,63,46,63,51,48,37,35,35,53,53,53,53,39,31,31,63,12,63,48,40,40,36,11,44,36,63,63,63,63,48,63,40,63,0],"gold":56,"neow_bonus":"RANDOM_COLORLESS_2","is_prod":false,"is_daily":false,"chose_seed":false,"campfire_upgraded":1,"win_rate":0,"timestamp":1550934719,"path_taken":["M","M","$","?","?","E","M","R","T","M","?","M","R","?","R","BOSS","M","?","M","M","M","M","M","R","T","$","R","?","M","?","R","BOSS","M","?","$","M","M","R","E","R","T","?","$","?","R","M","R","BOSS"],"build_version":"2019-01-23","purchased_purges":2,"victory":false,"max_hp_per_floor":[63,63,63,63,63,63,63,63,63,63,63,63,63,63,63,63,63,63,63,63,63,63,63,63,63,63,63,63,63,63,63,63,63,63,63,63,63,63,63,63,63,63,63,63,63,63,63,63,63,63],"card_choices":[{"not_picked":["Prepared","Blade Dance"],"picked":"Distraction","floor":1},{"not_picked":["Underhanded Strike","Dodge and Roll"],"picked":"Dagger Spray","floor":2},{"not_picked":["Storm of Steel","Infinite Blades"],"picked":"Bouncing Flask","floor":6},{"not_picked":["Quick Slash","Dodge and Roll"],"picked":"Leg Sweep","floor":7},{"not_picked":["Reflex","Dodge and Roll"],"picked":"Terror","floor":10},{"not_picked":["Eviscerate","Sucker Punch"],"picked":"Deadly Poison","floor":11},{"not_picked":["Poisoned Stab","Slice"],"picked":"Well Laid Plans","floor":12},{"not_picked":["Skewer","Prepared"],"picked":"Bane","floor":14},{"not_picked":["Bullet Time","Malaise"],"picked":"Envenom","floor":16},{"not_picked":["Backflip","Dagger Spray"],"picked":"Sucker Punch+1","floor":18},{"not_picked":["Deadly Poison","PiercingWail"],"picked":"Crippling Poison+1","floor":20},{"not_picked":["Terror","Blade Dance"],"picked":"Tactician","floor":21},{"not_picked":["Cloak And Dagger","Blade Dance"],"picked":"Poisoned Stab+1","floor":22},{"not_picked":["All Out Attack","Backflip"],"picked":"Outmaneuver","floor":23},{"not_picked":["PiercingWail","Dodge and Roll"],"picked":"Cloak And Dagger","floor":24},{"not_picked":["Choke+1","Sucker Punch+1"],"picked":"Skewer+1","floor":29},{"not_picked":["Slice","Wraith Form v2"],"picked":"Escape Plan","floor":30},{"not_picked":["Glass Knife","Wraith Form v2"],"picked":"After Image","floor":33},{"not_picked":["Sucker Punch","Heel Hook"],"picked":"Acrobatics","floor":35},{"not_picked":["Deadly Poison","Cloak And Dagger","Blade Dance"],"picked":"SKIP","floor":38},{"not_picked":["All Out Attack+1","PiercingWail"],"picked":"Blur+1","floor":39},{"not_picked":["Dagger Spray","Outmaneuver+1"],"picked":"Prepared","floor":41},{"not_picked":["Sucker Punch+1","Prepared+1"],"picked":"Tactician","floor":46},{"not_picked":["All Out Attack","Underhanded Strike+1","Finisher"],"picked":"SKIP","floor":48}],"player_experience":352010,"relics_obtained":[{"floor":6,"key":"Gremlin Horn"},{"floor":9,"key":"Happy Flower"},{"floor":14,"key":"Bag of Preparation"},{"floor":26,"key":"Regal Pillow"},{"floor":41,"key":"Bottled Flame"},{"floor":44,"key":"The Courier"}],"event_choices":[{"damage_healed":0,"gold_gain":0,"player_choice":"Success","damage_taken":33,"relics_obtained":["Potion Belt"],"max_hp_gain":0,"max_hp_loss":0,"event_name":"Scrap Ooze","floor":4,"gold_loss":0},{"damage_healed":0,"gold_gain":30,"player_choice":"Searched \u00273\u0027 times","damage_taken":0,"max_hp_gain":0,"max_hp_loss":0,"event_name":"Dead Adventurer","floor":14,"gold_loss":0},{"cards_removed":["Leg Sweep"],"damage_healed":17,"gold_gain":0,"player_choice":"Offered Uncommon","damage_taken":0,"max_hp_gain":0,"max_hp_loss":0,"event_name":"Bonfire Elementals","floor":19,"gold_loss":0},{"damage_healed":0,"gold_gain":0,"player_choice":"Ignored","damage_taken":0,"max_hp_gain":0,"max_hp_loss":0,"event_name":"Vampires","floor":31,"gold_loss":0},{"damage_healed":0,"gold_gain":0,"player_choice":"Embrace Madness","damage_taken":8,"max_hp_gain":0,"max_hp_loss":0,"event_name":"Winding Halls","floor":36,"gold_loss":0,"cards_obtained":["Madness","Madness"]}],"is_beta":false,"boss_relics":[{"not_picked":["Velvet Choker","Runic Dome"],"picked":"Ring of the Serpent"},{"not_picked":["Calling Bell","Orrery"],"picked":"Fusion Hammer"}],"items_purged_floors":[3,27],"is_endless":false,"potions_floor_spawned":[6,7,12,16,20,21,22,29,35,39,41,46],"killed_by":"Donu and Deca","ascension_level":0}