{"gold_per_floor":[109,109,284,297,297,297,315,339,339,339,351,351,361,21,21,123,123,138,138,154,79,96,96,111,111,111,136,136,146,146,156,156,156],"floor_reached":33,"playtime":1750,"items_purged":["Strike_R"],"score":257,"play_id":"d35fe0de-0623-4aa8-b52f-325f1442932c","local_time":"20190309050728","is_ascension_mode":false,"campfire_choices":[{"data":"Bash","floor":6.0,"key":"SMITH"},{"data":"Metallicize","floor":10.0,"key":"SMITH"},{"data":"Inflame","floor":12.0,"key":"SMITH"},{"data":"Armaments","floor":15.0,"key":"SMITH"},{"data":"Feed","floor":23.0,"key":"SMITH"},{"data":"Defend_R","floor":25.0,"key":"SMITH"},{"floor":32,"key":"REST"}],"neow_cost":"NONE","seed_source_timestamp":28464838609347,"circlet_count":0,"master_deck":["Strike_R","Strike_R","Strike_R","Strike_R","Defend_R","Defend_R","Defend_R","Defend_R+1","Bash+1","Metallicize+1","Inflame+1","Armaments+1","Infernal Blade+1","Feed+1","Flex+1","Necronomicurse","True Grit+1","Havoc+1","Shockwave+1","Warcry+1","Flex+1","Heavy Blade","Disarm+1"],"special_seed":0,"relics":["Burning Blood","Red Skull","Gambling Chip","Bag of Preparation","Happy Flower","Toxic Egg 2","Philosopher\u0027s Stone","Necronomicon","Omamori","Dream Catcher","Letter Opener"],"potions_floor_usage":[33],"damage_taken":[{"damage":5.0,"enemies":"2 Louse","floor":1.0,"turns":3.0},{"damage":8.0,"enemies":"Jaw Worm","floor":4.0,"turns":4.0},{"damage":6.0,"enemies":"Small Slimes","floor":7.0,"turns":4.0},{"damage":1.0,"enemies":"Looter","floor":11.0,"turns":4.0},{"damage":0.0,"enemies":"Blue Slaver","floor":13.0,"turns":5.0},{"damage":20.0,"enemies":"The Guardian","floor":16.0,"turns":12.0},{"damage":11.0,"enemies":"Shell Parasite","floor":18.0,"turns":3.0},{"damage":0.0,"enemies":"Chosen","floor":20.0,"turns":2.0},{"damage":7.0,"enemies":"Snecko","floor":22.0,"turns":3.0},{"damage":0.0,"enemies":"Cultist and Chosen","floor":24.0,"turns":4.0},{"damage":47.0,"enemies":"Gremlin Leader","floor":27.0,"turns":10.0},{"damage":5.0,"enemies":"Snake Plant","floor":29.0,"turns":2.0},{"damage":0,"enemies":"Snecko","floor":31,"turns":3},{"damage":78,"enemies":"Automaton","floor":33,"turns":8}],"seed_played":"2086694851950209122","potions_obtained":[{"floor":11.0,"key":"Strength Potion"},{"floor":16.0,"key":"SkillPotion"},{"floor":18.0,"key":"Swift Potion"},{"floor":30,"key":"Dexterity Potion"},{"floor":30,"key":"PowerPotion"}],"is_trial":false,"path_per_floor":["M","?","?","M","?","R","M","T","T","R","M","R","M","$","R","B",null,"M","?","M","$","M","R","M","R","T","E","?","M","?","M","R","B"],"character_chosen":"IRONCLAD","items_purchased":["Toxic Egg 2","Infernal Blade+1"],"campfire_rested":1,"item_purchase_floors":[14,14],"current_hp_per_floor":[80,77,77,75,75,75,75,75,75,75,80,80,80,80,80,66,80,79,63,69,69,72,72,82,82,82,41,41,42,42,48,75,0],"gold":156,"neow_bonus":"RANDOM_COMMON_RELIC","is_prod":false,"is_daily":false,"chose_seed":false,"campfire_upgraded":6,"win_rate":0,"timestamp":1552129648,"path_taken":["M","?","?","M","?","R","M","?","T","R","M","R","?","$","R","BOSS","M","?","M","$","M","R","M","R","T","E","?","?","?","?","R","BOSS"],"build_version":"2019-01-23","purchased_purges":1,"victory":false,"max_hp_per_floor":[80,80,80,80,80,80,80,80,80,80,80,80,80,80,80,80,80,84,84,84,84,88,88,92,92,92,92,92,92,92,92,92,92],"card_choices":[{"not_picked":["Wild Strike","Body Slam","Second Wind"],"picked":"SKIP","floor":1.0},{"not_picked":["Warcry","Armaments"],"picked":"Metallicize","floor":7.0},{"not_picked":["Armaments","Iron Wave"],"picked":"Inflame","floor":11.0},{"not_picked":["Combust","Spot Weakness"],"picked":"Armaments","floor":13.0},{"not_picked":["Dark Embrace","Barricade"],"picked":"Feed","floor":16.0},{"not_picked":["Rampage","Power Through+1"],"picked":"Flex+1","floor":18.0},{"not_picked":["Clash+1","Sword Boomerang"],"picked":"True Grit+1","floor":20.0},{"not_picked":["Heavy Blade","Dual Wield+1"],"picked":"Havoc+1","floor":22.0},{"not_picked":["Entrench+1","Heavy Blade+1"],"picked":"Shockwave+1","floor":24.0},{"not_picked":["Clash","Clothesline"],"picked":"Warcry+1","floor":27.0},{"not_picked":["Anger","Rage+1"],"picked":"Flex+1","floor":29},{"not_picked":["Berserk","Body Slam"],"picked":"Heavy Blade","floor":31},{"not_picked":["Carnage","Anger+1"],"picked":"Disarm+1","floor":32}],"player_experience":1007170,"relics_obtained":[{"floor":8.0,"key":"Bag of Preparation"},{"floor":9.0,"key":"Happy Flower"},{"floor":19.0,"key":"Necronomicon"},{"floor":26.0,"key":"Omamori"},{"floor":27.0,"key":"Dream Catcher"}],"event_choices":[{"damage_healed":0.0,"max_hp_gain":0.0,"max_hp_loss":0.0,"gold_gain":0.0,"event_name":"Scrap Ooze","player_choice":"Success","floor":2.0,"gold_loss":0.0,"damage_taken":3.0,"relics_obtained":["Gambling Chip"]},{"damage_healed":0.0,"max_hp_gain":0.0,"max_hp_loss":0.0,"gold_gain":175.0,"event_name":"Liars Game","player_choice":"AGREE","floor":3.0,"gold_loss":0.0,"damage_taken":0.0,"cards_obtained":["Doubt"]},{"cards_removed":["Doubt"],"damage_healed":0.0,"max_hp_gain":0.0,"max_hp_loss":0.0,"gold_gain":0.0,"event_name":"Living Wall","player_choice":"Forget","floor":5.0,"gold_loss":0.0,"damage_taken":0.0},{"damage_healed":0.0,"max_hp_gain":0.0,"max_hp_loss":0.0,"gold_gain":0.0,"event_name":"Cursed Tome","player_choice":"Obtained Book","floor":19.0,"gold_loss":0.0,"damage_taken":16.0},{"damage_healed":0.0,"max_hp_gain":0.0,"max_hp_loss":0.0,"gold_gain":0.0,"event_name":"Addict","player_choice":"Stole Relic","floor":28.0,"gold_loss":0.0,"damage_taken":0.0,"relics_obtained":["Letter Opener"],"cards_obtained":["Shame"]},{"damage_healed":0,"gold_gain":0,"player_choice":"Got Potions","damage_taken":0,"max_hp_gain":0,"max_hp_loss":0,"event_name":"Lab","floor":30,"gold_loss":0}],"is_beta":false,"boss_relics":[{"not_picked":["Runic Dome","Runic Pyramid"],"picked":"Philosopher\u0027s Stone"}],"items_purged_floors":[21],"is_endless":false,"potions_floor_spawned":[11,16,18,22,24],"killed_by":"Automaton","ascension_level":0}