{"gold_per_floor":[115,115,136,152,171,171,195,195,195,195,195,195,120,144,144,265,265,283,20,20,20,45,45,61,61,61,74,107,107,123,136,136,262,262,281,281,614,614,628,646,663,693,718,718,438,453,453,453,453,453],"floor_reached":51,"playtime":3275,"items_purged":["Strike_G","Strike_G","Strike_G+1"],"score":905,"play_id":"27b00500-dd66-4ad5-a6fd-b8e4118d22e1","local_time":"20190222181601","is_ascension_mode":true,"campfire_choices":[{"data":"Noxious Fumes","floor":6.0,"key":"SMITH"},{"data":"Storm of Steel","floor":8.0,"key":"SMITH"},{"data":"Neutralize","floor":10.0,"key":"SMITH"},{"data":"Crippling Poison","floor":15.0,"key":"SMITH"},{"data":"After Image","floor":23.0,"key":"SMITH"},{"floor":25.0,"key":"REST"},{"data":"Catalyst","floor":29.0,"key":"SMITH"},{"floor":32.0,"key":"REST"},{"data":"After Image","floor":44,"key":"SMITH"},{"floor":49,"key":"REST"}],"neow_cost":"NONE","seed_source_timestamp":0,"circlet_count":0,"master_deck":["Defend_G+1","Defend_G+1","Defend_G+1","Defend_G+1","Defend_G+1","Strike_G+1","Strike_G+1","Survivor","Neutralize+1","Storm of Steel+1","Noxious Fumes+1","Backflip","Backflip","Backflip","Backflip","Crippling Poison+1","After Image+1","Footwork+1","Catalyst+1","Deadly Poison","After Image+1","Blur+1","Prepared+1"],"special_seed":0,"relics":["Ring of the Snake","Incense Burner","Pocketwatch","Busted Crown","Kunai","Mango","Eternal Feather","Shuriken","Whetstone","Lantern"],"potions_floor_usage":[42,50,50,50],"damage_taken":[{"damage":1.0,"enemies":"2 Louse","floor":1.0,"turns":4.0},{"damage":4.0,"enemies":"Jaw Worm","floor":3.0,"turns":5.0},{"damage":1.0,"enemies":"Small Slimes","floor":4.0,"turns":5.0},{"damage":18.0,"enemies":"Exordium Thugs","floor":5.0,"turns":5.0},{"damage":1.0,"enemies":"3 Louse","floor":7.0,"turns":4.0},{"damage":1.0,"enemies":"Blue Slaver","floor":14.0,"turns":3.0},{"damage":16.0,"enemies":"Hexaghost","floor":16.0,"turns":11.0},{"damage":9.0,"enemies":"2 Thieves","floor":18.0,"turns":3.0},{"damage":4.0,"enemies":"Shell Parasite","floor":22.0,"turns":6.0},{"damage":0.0,"enemies":"Centurion and Healer","floor":24.0,"turns":6.0},{"damage":5.0,"enemies":"Snake Plant","floor":27.0,"turns":4.0},{"damage":5.0,"enemies":"Book of Stabbing","floor":28.0,"turns":8.0},{"damage":0.0,"enemies":"Shelled Parasite and Fungi","floor":30.0,"turns":3.0},{"damage":23.0,"enemies":"Centurion and Healer","floor":31.0,"turns":6.0},{"damage":11.0,"enemies":"Champ","floor":33.0,"turns":13.0},{"damage":6.0,"enemies":"3 Shapes","floor":35.0,"turns":6.0},{"damage":0.0,"enemies":"Orb Walker","floor":39.0,"turns":5.0},{"damage":2.0,"enemies":"3 Darklings","floor":40.0,"turns":7.0},{"damage":0.0,"enemies":"Maw","floor":41.0,"turns":7.0},{"damage":17,"enemies":"Reptomancer","floor":42,"turns":7},{"damage":0,"enemies":"Jaw Worm Horde","floor":46,"turns":4},{"damage":14,"enemies":"Donu and Deca","floor":50,"turns":12}],"seed_played":"5913281004544146771","potions_obtained":[{"floor":1.0,"key":"Poison Potion"},{"floor":14.0,"key":"EssenceOfSteel"},{"floor":27.0,"key":"SneckoOil"},{"floor":30.0,"key":"LiquidBronze"},{"floor":31.0,"key":"LiquidBronze"},{"floor":39.0,"key":"GamblersBrew"},{"floor":46,"key":"PowerPotion"}],"is_trial":false,"path_per_floor":["M","?","M","M","M","R","M","R","T","R","?","?","$","M","R","B",null,"M","$","?","?","M","R","M","R","T","M","E","R","M","M","R","B",null,"M","?","?","?","M","M","M","E","T","R","$","M","?","?","R","B",null],"character_chosen":"THE_SILENT","items_purchased":["Footwork","Catalyst","Deadly Poison","Lantern"],"campfire_rested":3,"item_purchase_floors":[19,19,19,45],"current_hp_per_floor":[69,65,61,60,42,42,41,41,41,41,41,38,38,37,37,21,54,45,45,45,33,29,29,29,48,48,43,52,52,52,29,52,41,70,64,64,64,64,64,62,62,45,45,57,57,57,57,57,79,65],"gold":453,"neow_bonus":"ONE_RANDOM_RARE_CARD","is_prod":false,"is_daily":false,"chose_seed":false,"campfire_upgraded":7,"win_rate":0,"timestamp":1550877361,"path_taken":["M","?","M","M","M","R","M","R","T","R","?","?","?","M","R","BOSS","M","$","?","?","M","R","M","R","T","?","E","R","M","M","R","BOSS","M","?","?","?","?","M","M","E","T","R","$","M","?","?","R","BOSS"],"build_version":"2019-01-23","purchased_purges":3,"victory":true,"max_hp_per_floor":[70,65,65,65,65,65,65,65,65,65,65,65,65,65,65,65,65,65,65,65,65,65,65,65,65,65,65,79,79,79,79,79,79,79,79,79,79,79,79,79,79,79,79,79,79,79,79,79,79,79],"card_choices":[{"not_picked":["Flying Knee","Dagger Spray"],"picked":"Noxious Fumes","floor":1.0},{"not_picked":["Poisoned Stab","Leg Sweep"],"picked":"Backflip","floor":3.0},{"not_picked":["Underhanded Strike","Distraction"],"picked":"Backflip","floor":4.0},{"not_picked":["Outmaneuver","Cloak And Dagger"],"picked":"Backflip","floor":5.0},{"not_picked":["Quick Slash","Bane"],"picked":"Backflip","floor":7.0},{"not_picked":["Masterful Stab","Dodge and Roll"],"picked":"Crippling Poison","floor":14.0},{"not_picked":["Corpse Explosion","Envenom"],"picked":"After Image","floor":16.0},{"not_picked":["Dodge and Roll"],"picked":"SKIP","floor":18.0},{"not_picked":["Infinite Blades"],"picked":"SKIP","floor":22.0},{"not_picked":["Acrobatics"],"picked":"SKIP","floor":24.0},{"not_picked":["Acrobatics"],"picked":"SKIP","floor":27.0},{"not_picked":["Heel Hook"],"picked":"SKIP","floor":28.0},{"not_picked":["Riddle With Holes"],"picked":"SKIP","floor":30.0},{"not_picked":["Dagger Throw"],"picked":"SKIP","floor":31.0},{"not_picked":[],"picked":"After Image","floor":33.0},{"not_picked":["Choke"],"picked":"SKIP","floor":35.0},{"not_picked":["Choke"],"picked":"SKIP","floor":35.0},{"not_picked":["Outmaneuver"],"picked":"SKIP","floor":39.0},{"not_picked":[],"picked":"Blur+1","floor":40.0},{"not_picked":["Dagger Throw"],"picked":"SKIP","floor":41.0},{"not_picked":["Finisher"],"picked":"SKIP","floor":42},{"not_picked":[],"picked":"Prepared+1","floor":46}],"player_experience":667702,"relics_obtained":[{"floor":9.0,"key":"Incense Burner"},{"floor":26.0,"key":"Kunai"},{"floor":28.0,"key":"Mango"},{"floor":42,"key":"Shuriken"},{"floor":43,"key":"Whetstone"}],"event_choices":[{"damage_healed":0.0,"max_hp_gain":0.0,"max_hp_loss":5.0,"gold_gain":0.0,"event_name":"Golden Idol","player_choice":"Lose Max HP","floor":2.0,"gold_loss":0.0,"damage_taken":0.0,"relics_obtained":["Golden Idol"]},{"damage_healed":0.0,"max_hp_gain":0.0,"max_hp_loss":0.0,"gold_gain":0.0,"event_name":"Shining Light","player_choice":"Ignored","floor":11.0,"gold_loss":0.0,"damage_taken":0.0},{"damage_healed":0.0,"max_hp_gain":0.0,"max_hp_loss":0.0,"gold_gain":0.0,"event_name":"Scrap Ooze","player_choice":"Success","floor":12.0,"gold_loss":0.0,"damage_taken":3.0,"relics_obtained":["Pocketwatch"]},{"damage_healed":0.0,"max_hp_gain":0.0,"max_hp_loss":0.0,"gold_gain":0.0,"event_name":"Back to Basics","player_choice":"Simplicity","floor":20.0,"gold_loss":0.0,"damage_taken":0.0,"cards_upgraded":["Defend_G","Defend_G","Defend_G","Defend_G","Defend_G","Strike_G","Strike_G","Strike_G"]},{"damage_healed":0.0,"max_hp_gain":0.0,"max_hp_loss":0.0,"gold_gain":0.0,"event_name":"Knowing Skull","player_choice":"POTION ","floor":21.0,"potions_obtained":["LiquidBronze"],"gold_loss":0.0,"damage_taken":12.0,"cards_obtained":[]},{"damage_healed":0.0,"max_hp_gain":0.0,"max_hp_loss":0.0,"gold_gain":0.0,"event_name":"Tomb of Lord Red Mask","player_choice":"Ignored","floor":36.0,"gold_loss":0.0,"damage_taken":0.0},{"damage_healed":0.0,"max_hp_gain":0.0,"max_hp_loss":0.0,"gold_gain":333.0,"event_name":"The Moai Head","player_choice":"Gave Idol","floor":37.0,"relics_lost":["Golden Idol"],"gold_loss":0.0,"damage_taken":0.0},{"damage_healed":0.0,"max_hp_gain":0.0,"max_hp_loss":0.0,"gold_gain":0.0,"event_name":"Accursed Blacksmith","player_choice":"Forge","floor":38.0,"gold_loss":0.0,"damage_taken":0.0,"cards_upgraded":["Footwork"]},{"damage_healed":0,"gold_gain":0,"player_choice":"Memory 1","damage_taken":0,"max_hp_gain":0,"max_hp_loss":0,"event_name":"SensoryStone","floor":47,"gold_loss":0},{"damage_healed":0,"gold_gain":0,"player_choice":"Ignored","damage_taken":0,"max_hp_gain":0,"max_hp_loss":0,"event_name":"Mysterious Sphere","floor":48,"gold_loss":0}],"is_beta":false,"boss_relics":[{"not_picked":["HoveringKite","Pandora\u0027s Box"],"picked":"Busted Crown"},{"not_picked":["Fusion Hammer","Sozu"],"picked":"Eternal Feather"}],"items_purged_floors":[13,19,45],"is_endless":false,"potions_floor_spawned":[1,14,27,30,31,39,40,46],"ascension_level":5}