{"gold_per_floor":[360,371,389,335,348,380,380,412,412,424,437,118,118,132,132,235,235,255,39,58,77,88,113,113,113,138,138,138,138,171,181,181,282,282,301,163,163,125,138,138,150,150,150,150,150,161,35,49,49,49],"floor_reached":51,"playtime":8138,"items_purged":["Strike_G","Strike_G","Strike_G","Defend_G"],"score":699,"play_id":"65f3240f-7d50-4899-9c04-a3d882bf972c","local_time":"20190225134429","is_ascension_mode":false,"campfire_choices":[{"data":"Neutralize","floor":7.0,"key":"SMITH"},{"data":"Noxious Fumes","floor":13.0,"key":"SMITH"},{"data":"Leg Sweep","floor":15.0,"key":"SMITH"},{"data":"Tools of the Trade","floor":25.0,"key":"SMITH"},{"data":"Infinite Blades","floor":27.0,"key":"SMITH"},{"floor":29.0,"key":"REST"},{"floor":32.0,"key":"REST"},{"data":"After Image","floor":40.0,"key":"SMITH"},{"data":"Bullet Time","floor":42.0,"key":"SMITH"},{"floor":49,"key":"REST"}],"neow_cost":"TEN_PERCENT_HP_LOSS","seed_source_timestamp":0,"circlet_count":0,"master_deck":["Defend_G","Defend_G","Defend_G","Defend_G","Survivor","Neutralize+1","Leg Sweep+1","Cloak And Dagger","Backflip","Envenom","Poisoned Stab","All Out Attack","Noxious Fumes+1","Catalyst","Leg Sweep","Bullet Time+1","Acrobatics+1","Infinite Blades+1","Backflip","PiercingWail","Tools of the Trade+1","Outmaneuver","Adrenaline","PiercingWail","After Image+1","Blur+1","Accuracy","Infinite Blades","Blade Dance+1","Noxious Fumes","Well Laid Plans","Backflip","Parasite"],"special_seed":0,"relics":["Ring of the Snake","Smiling Mask","Tough Bandages","Darkstone Periapt","Shuriken","Membership Card","Philosopher\u0027s Stone","Gremlin Horn","Juzu Bracelet","Bag of Preparation","Potion Belt","WristBlade","Tiny Chest","Blue Candle"],"potions_floor_usage":[50,50,50,50,50,50,50,50,50,50],"damage_taken":[{"damage":0.0,"enemies":"Small Slimes","floor":1.0,"turns":4.0},{"damage":4.0,"enemies":"Cultist","floor":2.0,"turns":5.0},{"damage":0.0,"enemies":"2 Louse","floor":3.0,"turns":5.0},{"damage":0.0,"enemies":"Blue Slaver","floor":5.0,"turns":5.0},{"damage":22.0,"enemies":"Lagavulin","floor":6.0,"turns":10.0},{"damage":25.0,"enemies":"3 Sentries","floor":8.0,"turns":11.0},{"damage":0.0,"enemies":"Exordium Wildlife","floor":10.0,"turns":7.0},{"damage":0.0,"enemies":"Large Slime","floor":11.0,"turns":5.0},{"damage":0.0,"enemies":"3 Louse","floor":14.0,"turns":3.0},{"damage":1.0,"enemies":"Hexaghost","floor":16.0,"turns":10.0},{"damage":0.0,"enemies":"Spheric Guardian","floor":18.0,"turns":5.0},{"damage":15.0,"enemies":"3 Byrds","floor":20.0,"turns":6.0},{"damage":14.0,"enemies":"3 Cultists","floor":21.0,"turns":7.0},{"damage":15.0,"enemies":"Cultist and Chosen","floor":22.0,"turns":5.0},{"damage":7.0,"enemies":"Book of Stabbing","floor":23.0,"turns":6.0},{"damage":0.0,"enemies":"Colosseum Slavers","floor":28.0,"turns":7.0},{"damage":15.0,"enemies":"Slavers","floor":30.0,"turns":7.0},{"damage":0.0,"enemies":"Snecko","floor":31.0,"turns":5.0},{"damage":21.0,"enemies":"Automaton","floor":33.0,"turns":11.0},{"damage":2.0,"enemies":"Orb Walker","floor":35.0,"turns":6.0},{"damage":5.0,"enemies":"3 Darklings","floor":39.0,"turns":7.0},{"damage":17.0,"enemies":"Transient","floor":41.0,"turns":5.0},{"damage":0.0,"enemies":"Maw","floor":46.0,"turns":6.0},{"damage":2,"enemies":"Writhing Mass","floor":48,"turns":6},{"damage":1,"enemies":"Awakened One","floor":50,"turns":9}],"seed_played":"3514136618236528037","potions_obtained":[{"floor":1.0,"key":"Fire Potion"},{"floor":6.0,"key":"Weak Potion"},{"floor":8.0,"key":"EssenceOfSteel"},{"floor":10.0,"key":"GamblersBrew"},{"floor":21.0,"key":"Poison Potion"},{"floor":22.0,"key":"Regen Potion"},{"floor":30.0,"key":"SpeedPotion"},{"floor":35.0,"key":"Ancient Potion"},{"floor":39.0,"key":"EntropicBrew"},{"floor":46.0,"key":"Swift Potion"}],"is_trial":false,"path_per_floor":["M","M","M","?","M","E","R","E","T","M","M","$","R","M","R","B",null,"M","$","M","M","M","E","?","R","T","R","?","R","E","M","R","B",null,"M","$","?","$","M","R","M","R","T","?","?","M","$","M","R","B",null],"character_chosen":"THE_SILENT","items_purchased":["Membership Card","Noxious Fumes","Catalyst","Infinite Blades","Gremlin Horn","Accuracy","Strength Potion","Tiny Chest","Infinite Blades","Well Laid Plans","PowerPotion","Backflip"],"campfire_rested":3,"item_purchase_floors":[12,12,12,19,19,36,36,36,38,47,47,47],"current_hp_per_floor":[63,59,59,59,59,37,37,12,12,12,12,12,12,12,12,11,63,63,63,48,34,19,24,24,24,24,24,24,42,27,27,45,24,63,61,61,61,61,56,56,39,39,39,39,39,39,39,43,63,69],"gold":49,"neow_bonus":"TWO_FIFTY_GOLD","is_prod":false,"is_daily":false,"chose_seed":false,"campfire_upgraded":7,"win_rate":0,"timestamp":1551095069,"path_taken":["M","M","M","?","?","E","R","E","T","M","M","$","R","M","R","BOSS","M","$","M","M","M","E","?","R","T","R","?","R","E","M","R","BOSS","M","$","?","$","M","R","M","R","T","?","?","M","$","M","R","BOSS"],"build_version":"2019-01-23","purchased_purges":4,"victory":true,"max_hp_per_floor":[63,63,63,63,63,63,63,63,63,63,63,63,63,63,63,63,63,63,63,63,63,63,63,63,63,63,63,63,63,63,63,63,63,63,63,63,63,63,63,63,63,63,63,63,63,63,63,69,69,69],"card_choices":[{"not_picked":["Concentrate","Deflect"],"picked":"Leg Sweep","floor":1.0},{"not_picked":["Expertise","Prepared","Leg Sweep"],"picked":"SKIP","floor":2.0},{"not_picked":["Distraction","Escape Plan"],"picked":"Flying Knee","floor":3.0},{"not_picked":["Eviscerate","Outmaneuver"],"picked":"Cloak And Dagger","floor":5.0},{"not_picked":["Blur","Expertise"],"picked":"Backflip","floor":6.0},{"not_picked":["Finisher","Underhanded Strike"],"picked":"Envenom","floor":8.0},{"not_picked":["Dodge and Roll","Sucker Punch"],"picked":"Poisoned Stab","floor":10.0},{"not_picked":["Dagger Spray","Deadly Poison"],"picked":"All Out Attack","floor":11.0},{"not_picked":["Bane","Poisoned Stab"],"picked":"Leg Sweep","floor":14.0},{"not_picked":["Burst","Venomology"],"picked":"Bullet Time","floor":16.0},{"not_picked":["Leg Sweep","Blade Dance"],"picked":"Acrobatics+1","floor":18.0},{"not_picked":["Dagger Spray","Outmaneuver","Bane"],"picked":"SKIP","floor":20.0},{"not_picked":["Dagger Throw+1","Blade Dance","Sucker Punch+1"],"picked":"SKIP","floor":21.0},{"not_picked":["Bouncing Flask","Acrobatics"],"picked":"Backflip","floor":22.0},{"not_picked":["Bouncing Flask","Catalyst"],"picked":"PiercingWail","floor":23.0},{"not_picked":["Predator","Poisoned Stab+1"],"picked":"Adrenaline","floor":30.0},{"not_picked":["Escape Plan","Setup"],"picked":"PiercingWail","floor":31.0},{"not_picked":["Venomology","Adrenaline"],"picked":"After Image","floor":33.0},{"not_picked":["Dagger Spray+1","Deflect+1"],"picked":"Blur+1","floor":35.0},{"not_picked":["Outmaneuver","Catalyst"],"picked":"Blade Dance+1","floor":39.0},{"not_picked":["Deadly Poison","PiercingWail+1","Dagger Spray+1"],"picked":"SKIP","floor":41.0},{"not_picked":["Cloak And Dagger","Acrobatics"],"picked":"Noxious Fumes","floor":46.0},{"not_picked":["Noxious Fumes","Infinite Blades","Choke+1"],"picked":"SKIP","floor":48}],"player_experience":517018,"relics_obtained":[{"floor":6.0,"key":"Tough Bandages"},{"floor":8.0,"key":"Darkstone Periapt"},{"floor":9.0,"key":"Shuriken"},{"floor":23.0,"key":"Juzu Bracelet"},{"floor":26.0,"key":"Bag of Preparation"},{"floor":30.0,"key":"Potion Belt"},{"floor":43.0,"key":"Blue Candle"}],"event_choices":[{"damage_healed":0.0,"max_hp_gain":0.0,"max_hp_loss":0.0,"gold_gain":0.0,"event_name":"WeMeetAgain","player_choice":"Paid Gold","floor":4.0,"gold_loss":54.0,"damage_taken":0.0,"relics_obtained":["Smiling Mask"]},{"damage_healed":0.0,"max_hp_gain":0.0,"max_hp_loss":0.0,"gold_gain":0.0,"cards_transformed":["Strike_G","Strike_G"],"event_name":"Drug Dealer","player_choice":"Became Test Subject","floor":24.0,"gold_loss":0.0,"damage_taken":0.0,"cards_obtained":["Tools of the Trade","Outmaneuver"]},{"damage_healed":0.0,"max_hp_gain":0.0,"max_hp_loss":0.0,"gold_gain":0.0,"event_name":"Colosseum","player_choice":"Fight","floor":28.0,"gold_loss":0.0,"damage_taken":0.0},{"damage_healed":0.0,"max_hp_gain":0.0,"max_hp_loss":0.0,"gold_gain":0.0,"event_name":"Colosseum","player_choice":"Fled From Nobs","floor":28.0,"gold_loss":0.0,"damage_taken":0.0},{"damage_healed":0.0,"max_hp_gain":0.0,"max_hp_loss":0.0,"gold_gain":0.0,"event_name":"Mysterious Sphere","player_choice":"Ignored","floor":37.0,"gold_loss":0.0,"damage_taken":0.0},{"cards_removed":["Flying Knee"],"damage_healed":0.0,"max_hp_gain":0.0,"max_hp_loss":0.0,"gold_gain":0.0,"event_name":"Falling","player_choice":"Removed Attack","floor":44.0,"gold_loss":0.0,"damage_taken":0.0},{"damage_healed":0.0,"max_hp_gain":0.0,"max_hp_loss":0.0,"gold_gain":0.0,"event_name":"FaceTrader","player_choice":"Leave","floor":45.0,"gold_loss":0.0,"damage_taken":0.0}],"is_beta":false,"boss_relics":[{"not_picked":["Tiny House","White Beast Statue"],"picked":"Philosopher\u0027s Stone"},{"not_picked":["Ring of the Serpent","Runic Dome"],"picked":"WristBlade"}],"items_purged_floors":[12,19,36,47],"is_endless":false,"potions_floor_spawned":[1,6,8,10,21,22,28,30,35,39,46],"ascension_level":0}