{"gold_per_floor":[110,110,122,16,16,41,41,72,152,168,200,216,216,242,254,266],"floor_reached":16,"playtime":899,"items_purged":[],"score":275,"play_id":"e92331f3-1583-4731-939c-52eac91af4fb","local_time":"20190303163514","is_ascension_mode":true,"campfire_choices":[{"data":"Quick Slash","floor":7,"key":"SMITH"},{"data":"Bullet Time","floor":13,"key":"SMITH"},{"data":"Well Laid Plans","floor":15,"key":"SMITH"}],"neow_cost":"NONE","seed_source_timestamp":76151765836944,"circlet_count":0,"master_deck":["AscendersBane","Defend_G+1","Defend_G","Defend_G","Defend_G+1","Defend_G","Strike_G","Strike_G","Strike_G","Strike_G","Survivor","Neutralize","Backflip","Riddle With Holes","Well Laid Plans+1","Quick Slash+1","Bullet Time+1","Wraith Form v2","Dodge and Roll","Finisher","Acrobatics","Flying Knee","Leg Sweep"],"relics":["Ring of the Snake","NeowsBlessing","War Paint","Ninja Scroll","Potion Belt","Bottled Tornado","The Specimen","MawBank"],"potions_floor_usage":[14,16],"damage_taken":[{"damage":0,"enemies":"Small Slimes","floor":1,"turns":1},{"damage":0,"enemies":"Cultist","floor":3,"turns":1},{"damage":0,"enemies":"Lagavulin","floor":6,"turns":1},{"damage":11,"enemies":"Gremlin Nob","floor":8,"turns":5},{"damage":0,"enemies":"2 Louse","floor":10,"turns":2},{"damage":4,"enemies":"3 Sentries","floor":11,"turns":8},{"damage":2,"enemies":"Gremlin Gang","floor":12,"turns":6},{"damage":24,"enemies":"Lagavulin","floor":14,"turns":7},{"damage":22,"enemies":"Slime Boss","floor":16,"turns":8}],"seed_played":"1513490556022681197","potions_obtained":[{"floor":1,"key":"EssenceOfSteel"},{"floor":10,"key":"Poison Potion"},{"floor":14,"key":"Swift Potion"}],"is_trial":false,"path_per_floor":["M","?","M","$","?","E","R","E","T","M","E","M","R","E","R","B"],"character_chosen":"THE_SILENT","items_purchased":["Well Laid Plans","Quick Slash"],"campfire_rested":0,"item_purchase_floors":[4,4],"current_hp_per_floor":[59,59,59,59,59,59,59,48,48,48,44,42,42,18,18,0],"gold":266,"neow_bonus":"THREE_ENEMY_KILL","is_prod":false,"is_daily":false,"chose_seed":false,"campfire_upgraded":3,"win_rate":0,"timestamp":1551648914,"path_taken":["M","?","?","$","?","E","R","E","T","?","E","M","R","E","R","BOSS"],"build_version":"2019-01-23","purchased_purges":0,"victory":false,"max_hp_per_floor":[66,66,66,66,66,66,66,66,66,66,66,66,66,66,66,66],"card_choices":[{"not_picked":["Acrobatics","Flying Knee"],"picked":"Backflip","floor":1},{"not_picked":["Prepared","Deflect"],"picked":"Riddle With Holes","floor":3},{"not_picked":["Prepared","PiercingWail"],"picked":"Wraith Form v2","floor":6},{"not_picked":["Prepared","Bane"],"picked":"Dodge and Roll","floor":8},{"not_picked":["Heel Hook","Dagger Throw"],"picked":"Finisher","floor":10},{"not_picked":["Distraction","Prepared"],"picked":"Acrobatics","floor":11},{"not_picked":["Slice","Prepared"],"picked":"Flying Knee","floor":12},{"not_picked":["Choke","Finisher"],"picked":"Leg Sweep","floor":14}],"player_experience":810893,"relics_obtained":[{"floor":6,"key":"Ninja Scroll"},{"floor":8,"key":"Potion Belt"},{"floor":9,"key":"Bottled Tornado"},{"floor":11,"key":"The Specimen"},{"floor":14,"key":"MawBank"}],"event_choices":[{"damage_healed":0,"gold_gain":0,"player_choice":"Gave Potion","damage_taken":0,"relics_obtained":["War Paint"],"max_hp_gain":0,"max_hp_loss":0,"event_name":"WeMeetAgain","floor":2,"gold_loss":0},{"damage_healed":0,"gold_gain":0,"cards_transformed":["Strike_G"],"player_choice":"Transformed","damage_taken":0,"max_hp_gain":0,"max_hp_loss":0,"event_name":"Transmorgrifier","floor":5,"gold_loss":0,"cards_obtained":["Bullet Time"]}],"is_beta":false,"boss_relics":[],"items_purged_floors":[],"is_endless":false,"potions_floor_spawned":[1,10,14],"killed_by":"Slime Boss","ascension_level":16}