{"gold_per_floor":[115,129,204,204,222,222,238,238,238,248,283,283,310,235,235,335,335,351,364,279,279,298,298,317,344,369,369,369,385,75,90,90,185,185,200,200,160,160,172,172],"floor_reached":40,"playtime":4761,"items_purged":["Calculated Gamble","Defend_G"],"score":463,"play_id":"3339d73b-44e5-47da-b174-149dad5f122a","local_time":"20180715144636","is_ascension_mode":true,"campfire_choices":[{"data":"Neutralize","floor":6.0,"key":"SMITH"},{"data":"Infinite Blades","floor":8.0,"key":"SMITH"},{"data":"Noxious Fumes","floor":15.0,"key":"SMITH"},{"data":"RitualDagger","floor":23.0,"key":"SMITH"},{"floor":27.0,"key":"REST"},{"floor":32.0,"key":"REST"}],"neow_cost":"NONE","seed_source_timestamp":0,"circlet_count":0,"master_deck":["Defend_G+1","Defend_G","Defend_G","Defend_G","Strike_G+1","Strike_G+1","Survivor","Neutralize+1","Quick Slash","Leg Sweep","Dodge and Roll","Infinite Blades+1","Noxious Fumes+1","Poisoned Stab","Bouncing Flask","Die Die Die+1","Leg Sweep","RitualDagger+1","All Out Attack+1","Dodge and Roll","Dodge and Roll","Sadistic Nature","Envenom"],"special_seed":0,"relics":["Ring of the Snake","NeowsBlessing","Girya","Thread and Needle","Potion Belt","Empty Cage","Lantern","Whetstone","Bronze Scales","Regal Pillow","Runic Pyramid"],"potions_floor_usage":[40,40,40],"damage_taken":[{"damage":0.0,"enemies":"2 Louse","floor":1.0,"turns":1.0},{"damage":0.0,"enemies":"Jaw Worm","floor":2.0,"turns":1.0},{"damage":0.0,"enemies":"Small Slimes","floor":5.0,"turns":1.0},{"damage":1.0,"enemies":"Blue Slaver","floor":7.0,"turns":4.0},{"damage":0.0,"enemies":"Large Slime","floor":10.0,"turns":5.0},{"damage":3.0,"enemies":"Lagavulin","floor":11.0,"turns":8.0},{"damage":0.0,"enemies":"3 Sentries","floor":13.0,"turns":7.0},{"damage":4.0,"enemies":"Slime Boss","floor":16.0,"turns":9.0},{"damage":8.0,"enemies":"3 Byrds","floor":18.0,"turns":7.0},{"damage":10.0,"enemies":"Shell Parasite","floor":19.0,"turns":5.0},{"damage":0.0,"enemies":"Centurion and Healer","floor":22.0,"turns":9.0},{"damage":11.0,"enemies":"Sentry and Sphere","floor":24.0,"turns":8.0},{"damage":27.0,"enemies":"Slavers","floor":25.0,"turns":8.0},{"damage":1.0,"enemies":"Snake Plant","floor":29.0,"turns":4.0},{"damage":13.0,"enemies":"Cultist and Chosen","floor":31.0,"turns":5.0},{"damage":33.0,"enemies":"Champ","floor":33.0,"turns":12.0},{"damage":6,"enemies":"3 Shapes","floor":35,"turns":5},{"damage":0,"enemies":"Orb Walker","floor":39,"turns":5},{"damage":94,"enemies":"Giant Head","floor":40,"turns":11}],"seed_played":"-2277947078665905456","potions_obtained":[{"floor":2.0,"key":"GhostInAJar"},{"floor":7.0,"key":"Energy Potion"},{"floor":10.0,"key":"GhostInAJar"},{"floor":13.0,"key":"Explosive Potion"},{"floor":18.0,"key":"Energy Potion"},{"floor":25.0,"key":"AttackPotion"},{"floor":29.0,"key":"SkillPotion"},{"floor":31.0,"key":"Poison Potion"},{"floor":37,"key":"LiquidBronze"},{"floor":37,"key":"Explosive Potion"},{"floor":37,"key":"SneckoOil"}],"is_trial":false,"path_per_floor":["M","M","?","?","M","R","M","R","T","M","E","?","E","$","R","B",null,"M","M","?","?","M","R","M","E","T","R","?","M","$","M","R","B",null,"M","?","?","?","M"],"character_chosen":"THE_SILENT","items_purchased":["Sadistic Nature"],"campfire_rested":2,"item_purchase_floors":[30],"current_hp_per_floor":[70,70,59,45,45,45,44,44,44,44,41,41,41,41,41,37,70,62,52,52,46,46,46,35,8,8,29,29,28,28,15,51,18,70,64,64,64,64,64,0],"gold":172,"neow_bonus":"THREE_ENEMY_KILL","is_prod":false,"is_daily":false,"chose_seed":false,"campfire_upgraded":4,"win_rate":0.0,"timestamp":1531691196,"path_taken":["M","M","?","?","M","R","M","R","T","M","E","?","E","$","R","BOSS","M","?","?","?","M","R","M","E","T","R","?","M","$","M","R","BOSS","M","?","?","?","M","E"],"build_version":"2018-07-12","purchased_purges":2,"victory":false,"max_hp_per_floor":[70,70,70,70,70,70,70,70,70,70,70,70,70,70,70,70,70,70,70,70,70,70,70,70,70,70,70,70,70,70,70,70,70,70,70,70,70,70,70,70],"card_choices":[{"not_picked":["Slice","Dagger Spray"],"picked":"Quick Slash","floor":1.0},{"not_picked":["PiercingWail","Eviscerate"],"picked":"Leg Sweep","floor":2.0},{"not_picked":["Deflect","Underhanded Strike"],"picked":"Dodge and Roll","floor":5.0},{"not_picked":["Riddle With Holes","Malaise"],"picked":"Infinite Blades","floor":7.0},{"not_picked":["Poisoned Stab","Deflect"],"picked":"Noxious Fumes","floor":10.0},{"not_picked":["Burst","Quick Slash"],"picked":"Poisoned Stab","floor":11.0},{"not_picked":["Outmaneuver","Poisoned Stab"],"picked":"Bouncing Flask","floor":13.0},{"not_picked":["Doppelganger","Bullet Time"],"picked":"Die Die Die","floor":16.0},{"not_picked":["PiercingWail","Sucker Punch","Expertise"],"picked":"SKIP","floor":18.0},{"not_picked":["Bouncing Flask","Calculated Gamble"],"picked":"Leg Sweep","floor":19.0},{"not_picked":["Sucker Punch","Dagger Throw","Acrobatics"],"picked":"SKIP","floor":22.0},{"not_picked":["Eviscerate","Masterful Stab+1"],"picked":"All Out Attack+1","floor":24.0},{"not_picked":["Crippling Poison","Sucker Punch"],"picked":"Dodge and Roll","floor":25.0},{"not_picked":["Dagger Spray","Acrobatics"],"picked":"Dodge and Roll","floor":29.0},{"not_picked":["Sucker Punch","A Thousand Cuts","Endless Agony"],"picked":"SKIP","floor":31.0},{"not_picked":["Night Terror","Glass Knife"],"picked":"Envenom","floor":33.0},{"not_picked":["Heel Hook","Outmaneuver"],"picked":"Deadly Poison+1","floor":35},{"not_picked":["Infinite Blades+1","PiercingWail","Reflex"],"picked":"SKIP","floor":39}],"player_experience":63274,"relics_obtained":[{"floor":9.0,"key":"Girya"},{"floor":11.0,"key":"Thread and Needle"},{"floor":13.0,"key":"Potion Belt"},{"floor":25.0,"key":"Whetstone"},{"floor":26.0,"key":"Bronze Scales"}],"event_choices":[{"event_name":"World of Goop","player_choice":"Gather Gold","floor":3.0,"damage_taken":0.0},{"event_name":"Shining Light","player_choice":"Entered Light","floor":4.0,"damage_taken":0.0},{"event_name":"Transmorgrifier","player_choice":"Transform","floor":12.0,"damage_taken":0.0},{"event_name":"Addict","player_choice":"Obtained Relic","floor":20.0,"damage_taken":0.0},{"event_name":"Nest","player_choice":"Joined the Cult","floor":21.0,"damage_taken":0.0},{"event_name":"Wheel of Change","player_choice":"Relic","floor":28.0,"damage_taken":0.0},{"event_name":"Tomb of Lord Red Mask","player_choice":"Ignored","floor":36,"damage_taken":0},{"event_name":"The Woman in Blue","player_choice":"Bought 3 Potions","floor":37,"damage_taken":0},{"event_name":"Falling","player_choice":"Removed Skill","floor":38,"damage_taken":0}],"boss_relics":[{"not_picked":["Astrolabe","Orrery"],"picked":"Empty Cage"},{"not_picked":["Snecko Eye","Runic Dome"],"picked":"Runic Pyramid"}],"items_purged_floors":[14,30],"is_endless":false,"potions_floor_spawned":[2,7,10,13,18,25,29,31],"killed_by":"Giant Head","ascension_level":1}