{"path_per_floor":["M","M","?","?","M","?","E","R","T","M","R","M","M","M","R","B",null,"M","M","$","M","?","R","M","M","T","R","M","M","?","M","R"],"character_chosen":"THE_SILENT","items_purchased":["Peace Pipe","Dramatic Entrance"],"gold_per_floor":[111,122,122,222,238,238,264,264,340,351,351,365,378,392,392,487,487,507,524,66,83,8,8,23,43,43,43,56,69,69,87,87],"floor_reached":33,"campfire_rested":1,"playtime":3608,"current_hp_per_floor":[63,63,63,63,63,51,40,40,40,39,39,39,39,39,39,19,63,57,51,51,43,43,43,32,19,19,19,18,17,17,12,30],"items_purged":["Defend_G"],"gold":87,"play_id":"c991a26e-ee5e-43ea-8bf4-bc6cddff9760","is_prod":false,"is_daily":false,"campfire_rituals":0,"campfire_upgraded":3,"is_hardmode":false,"path_taken":["M","M","?","?","?","?","E","R","T","M","R","M","M","M","R","BOSS","M","M","$","M","?","R","M","?","T","R","M","M","?","M","R","BOSS"],"build_version":"2018-01-11-PROD2","purchased_purges":1,"victory":false,"master_deck":["Defend_G","Defend_G","Strike_G","Strike_G","Survivor","Neutralize","Dagger Throw","Quick Slash","Slice","Dagger Throw","Prepared","Flying Knee","After Image","Backflip","Escape Plan","Dramatic Entrance","Dagger Throw","Acrobatics","Quick Slash","Well Laid Plans","All Out Attack","Noxious Fumes"],"max_hp_per_floor":[63,63,63,63,63,63,63,63,63,63,63,63,63,63,63,63,63,63,63,63,63,63,63,63,63,63,63,63,63,63,63,63],"relics":["Ring of the Snake","Letter Opener","Vajra","Ornamental Fan","Question Card","Peace Pipe","Darkstone Periapt"],"campfire_meditates":0,"card_choices":[{"not_picked":["Backflip","Deadly Poison"],"picked":"Dagger Throw"},{"not_picked":["Outmaneuver","Corpse Explosion"],"picked":"Quick Slash"},{"not_picked":["Distraction","Dagger Spray"],"picked":"Slice"},{"not_picked":["PiercingWail","Endless Agony"],"picked":"Dagger Throw"},{"not_picked":["Poisoned Stab","Riddle With Holes"],"picked":"Prepared"},{"not_picked":["Poisoned Stab","Envenom"],"picked":"Flying Knee"},{"not_picked":["Bullet Time","Corpse Explosion"],"picked":"After Image"},{"not_picked":["Calculated Gamble","Distraction","Catalyst"],"picked":"Backflip"},{"not_picked":["Bane","Dash","Deflect"],"picked":"Escape Plan"},{"not_picked":["Distraction","Poisoned Stab","Deflect"],"picked":"Dagger Throw"},{"not_picked":["Dodge and Roll","Deadly Poison","Flying Knee"],"picked":"Acrobatics"},{"not_picked":["Slice","Prepared","Skewer"],"picked":"Quick Slash"},{"not_picked":["Dagger Throw","Skewer","Infinite Blades"],"picked":"Well Laid Plans"},{"not_picked":["PiercingWail","Envenom","Acrobatics"],"picked":"All Out Attack"},{"not_picked":["Dagger Spray","Deadly Poison","Dodge and Roll"],"picked":"Noxious Fumes"}],"player_experience":20611,"potions_floor_usage":[16,19,19,24,24,31],"damage_taken":[{"damage":0,"enemies":"2 Louse","floor":1,"turns":3},{"damage":0,"enemies":"Blue Slaver","floor":2,"turns":4},{"damage":0,"enemies":"Jaw Worm","floor":5,"turns":3},{"damage":11,"enemies":"3 Sentries","floor":7,"turns":8},{"damage":1,"enemies":"Lots of Slimes","floor":10,"turns":3},{"damage":0,"enemies":"Exordium Wildlife","floor":12,"turns":2},{"damage":0,"enemies":"Red Slaver","floor":13,"turns":3},{"damage":0,"enemies":"Looter","floor":14,"turns":2},{"damage":20,"enemies":"Slime Boss","floor":16,"turns":8},{"damage":6,"enemies":"Spheric Guardian","floor":18,"turns":4},{"damage":6,"enemies":"2 Thieves","floor":19,"turns":3},{"damage":8,"enemies":"3 Cultists","floor":21,"turns":5},{"damage":23,"enemies":"Snecko","floor":24,"turns":6},{"damage":13,"enemies":"Centurion and Healer","floor":25,"turns":5},{"damage":1,"enemies":"Sentry and Sphere","floor":28,"turns":4},{"damage":1,"enemies":"Snecko","floor":29,"turns":4},{"damage":5,"enemies":"Snake Plant","floor":31,"turns":5},{"damage":34,"enemies":"Collector","floor":33,"turns":3}],"event_choices":[{"event_name":"Accursed Blacksmith","player_choice":"Rummage","floor":3,"damage_taken":0},{"event_name":"Wheel of Change","player_choice":"Gold","floor":4,"damage_taken":0},{"event_name":"Shining Light","player_choice":"Entered Light","floor":6,"damage_taken":0},{"event_name":"Beggar","player_choice":"Gave Gold","floor":22,"damage_taken":0},{"event_name":"Drug Dealer","player_choice":"Ignored","floor":30,"damage_taken":0}],"boss_relics":[{"not_picked":["Calling Bell","Orrery"],"picked":"Question Card"}],"potions_floor_spawned":[2,10,13,14,18,19,21,29],"seed_played":"7621643248078323019","killed_by":"Collector","is_trial":false}