{"gold_per_floor":[19,19,36,49,65,65,93,93,116,116,116],"floor_reached":11,"playtime":634,"items_purged":[],"score":91,"play_id":"4cea8a89-bad3-4ce1-994d-c94bf7137557","local_time":"20190220221554","is_ascension_mode":true,"campfire_choices":[{"data":"Deflect","floor":6,"key":"SMITH"}],"neow_cost":"NO_GOLD","seed_source_timestamp":316285535492200,"circlet_count":0,"master_deck":["Defend_G","Defend_G","Defend_G","Strike_G","Strike_G","Strike_G","Strike_G","Survivor","Neutralize","Expertise","Endless Agony","Deflect+1","Acrobatics","Dagger Throw"],"relics":["Ring of the Snake","Happy Flower","Golden Idol","Ancient Tea Set"],"potions_floor_usage":[7],"damage_taken":[{"damage":0,"enemies":"Cultist","floor":1,"turns":4},{"damage":0,"enemies":"Jaw Worm","floor":3,"turns":4},{"damage":4,"enemies":"Small Slimes","floor":4,"turns":4},{"damage":5,"enemies":"3 Louse","floor":5,"turns":6},{"damage":19,"enemies":"3 Sentries","floor":7,"turns":13},{"damage":36,"enemies":"Lagavulin","floor":11,"turns":8}],"seed_played":"7394273770071842845","potions_obtained":[{"floor":4,"key":"PowerPotion"},{"floor":5,"key":"Explosive Potion"}],"is_trial":false,"path_per_floor":["M","?","M","M","M","R","E","?","T","?","E"],"character_chosen":"THE_SILENT","items_purchased":[],"campfire_rested":0,"item_purchase_floors":[],"current_hp_per_floor":[70,70,70,66,61,61,42,42,42,35,0],"gold":116,"neow_bonus":"REMOVE_TWO","is_prod":false,"is_daily":false,"chose_seed":false,"campfire_upgraded":1,"win_rate":0,"timestamp":1550697354,"path_taken":["M","?","M","?","M","R","E","?","T","?","E"],"build_version":"2019-01-23","purchased_purges":0,"victory":false,"max_hp_per_floor":[70,70,70,70,70,70,70,70,70,70,70],"card_choices":[{"not_picked":["PiercingWail","Caltrops"],"picked":"Expertise","floor":1},{"not_picked":["Slice","Setup"],"picked":"Endless Agony","floor":3},{"not_picked":["Dagger Spray","Bane"],"picked":"Deflect","floor":4},{"not_picked":["Poisoned Stab","Slice"],"picked":"Acrobatics","floor":5},{"not_picked":["Quick Slash","Wraith Form v2"],"picked":"Dagger Throw","floor":7}],"player_experience":335323,"relics_obtained":[{"floor":7,"key":"Happy Flower"},{"floor":9,"key":"Ancient Tea Set"}],"event_choices":[{"cards_removed":["Defend_G"],"damage_healed":0,"gold_gain":0,"player_choice":"Purged","damage_taken":0,"max_hp_gain":0,"max_hp_loss":0,"event_name":"Purifier","floor":2,"gold_loss":0},{"damage_healed":0,"gold_gain":0,"player_choice":"Take Wound","damage_taken":0,"relics_obtained":["Golden Idol"],"max_hp_gain":0,"max_hp_loss":0,"event_name":"Golden Idol","floor":8,"gold_loss":0,"cards_obtained":["Injury"]},{"cards_removed":["Injury"],"damage_healed":0,"gold_gain":0,"player_choice":"Card Removal","damage_taken":7,"max_hp_gain":0,"max_hp_loss":0,"event_name":"Golden Wing","floor":10,"gold_loss":0}],"is_beta":false,"boss_relics":[],"items_purged_floors":[],"is_endless":false,"potions_floor_spawned":[4,5],"killed_by":"Lagavulin","ascension_level":5}