{"path_per_floor":["M","M","M","?","?","R","M","R","T","R","M","$","R","M","R","B",null,"M","M","?","M"],"character_chosen":"THE_SILENT","items_purchased":[],"gold_per_floor":[109,129,148,148,148,148,164,164,164,164,174,99,99,116,116,211,211,211,136,61,61],"floor_reached":22,"campfire_rested":0,"playtime":2497,"current_hp_per_floor":[61,55,47,40,26,26,26,26,26,26,23,23,33,33,40,9,87,80,58,58,1],"items_purged":["Doubt"],"gold":61,"play_id":"61175f8c-f864-4507-90f9-be2aafee3b87","is_prod":false,"is_daily":false,"campfire_rituals":0,"campfire_upgraded":0,"is_hardmode":false,"path_taken":["M","M","M","?","?","R","M","R","T","R","?","$","R","?","R","BOSS","M","?","?","M","M"],"build_version":"2018-01-11-PROD2","purchased_purges":1,"victory":false,"master_deck":["Defend_G","Defend_G","Defend_G","Defend_G","Defend_G","Strike_G","Strike_G","Strike_G","Strike_G","Strike_G","Survivor","Neutralize","Injury","Cloak And Dagger","Backflip","Escape Plan","Well Laid Plans","Outmaneuver","Noxious Fumes","Calculated Gamble","Storm of Steel","Cloak And Dagger"],"max_hp_per_floor":[70,70,70,70,70,70,70,70,70,70,70,70,80,80,87,87,87,89,91,91,91],"relics":["Calling Bell","Shovel","Prayer Wheel","Mummified Hand","Singing Bowl","Bottled Flame","Ancient Tea Set","Orichalcum","Pear","Strawberry","Ectoplasm"],"campfire_meditates":0,"card_choices":[{"not_picked":["Skewer","Poisoned Stab"],"picked":"Cloak And Dagger"},{"not_picked":["Well Laid Plans","Escape Plan"],"picked":"Backflip"},{"not_picked":["Masterful Stab","Wraith Form"],"picked":"Escape Plan"},{"not_picked":["Heel Hook","All Out Attack"],"picked":"Well Laid Plans"},{"not_picked":["Skewer","Terror"],"picked":"Outmaneuver"},{"not_picked":["Prepared","Accuracy"],"picked":"Noxious Fumes"},{"not_picked":["Eviscerate","Poisoned Stab"],"picked":"Calculated Gamble"},{"not_picked":["Doppelganger","Night Terror"],"picked":"Storm of Steel"},{"not_picked":["Acrobatics","Outmaneuver"],"picked":"Cloak And Dagger"}],"player_experience":172387,"potions_floor_usage":[7,14,16],"damage_taken":[{"damage":9,"enemies":"Small Slimes","floor":1,"turns":5},{"damage":6,"enemies":"Blue Slaver","floor":2,"turns":8},{"damage":8,"enemies":"Cultist","floor":3,"turns":7},{"damage":0,"enemies":"Large Slime","floor":7,"turns":7},{"damage":3,"enemies":"3 Louse","floor":11,"turns":6},{"damage":0,"enemies":"Lots of Slimes","floor":14,"turns":1},{"damage":31,"enemies":"The Guardian","floor":16,"turns":16},{"damage":9,"enemies":"3 Byrds","floor":18,"turns":6},{"damage":24,"enemies":"2 Thieves","floor":19,"turns":4},{"damage":57,"enemies":"3 Cultists","floor":21,"turns":8},{"damage":16,"enemies":"Snecko","floor":22,"turns":5}],"event_choices":[{"event_name":"Wheel of Change","player_choice":"Damage","floor":4,"damage_taken":0},{"event_name":"Shining Light","player_choice":"Entered Light","floor":5,"damage_taken":0},{"event_name":"Beggar","player_choice":"Gave Gold","floor":20,"damage_taken":0}],"boss_relics":[{"not_picked":["Question Card","Eternal Feather"],"picked":"Ectoplasm"}],"potions_floor_spawned":[1,3,11,18],"seed_played":"-8559236113498032611","killed_by":"Snecko","is_trial":false}