{"path_per_floor":["M","M","M","M","?","R","M","R","T","M","E","R","E","T","R","B",null,"M","M","?","$","M","R","?","R","T","E","M","R","M","E","R","B",null,"M","$","?","M","$","E","M","R","T","R","E","R","?","M","R","B"],"character_chosen":"IRONCLAD","items_purchased":["Barricade","Impervious","Shrug It Off","Toolbox","Mummified Hand"],"gold_per_floor":[114,130,146,162,162,162,180,180,228,242,274,274,305,357,357,453,453,471,487,487,177,191,191,106,106,406,437,450,450,461,496,496,595,595,612,289,335,348,55,81,91,91,91,91,119,119,119,129,129,129],"floor_reached":51,"campfire_rested":2,"playtime":3478,"current_hp_per_floor":[79,84,80,78,78,78,79,79,79,81,53,53,49,49,49,49,88,85,83,83,83,88,88,88,88,88,88,70,70,67,39,65,19,88,88,88,88,88,88,88,76,84,84,88,88,88,78,70,88,74],"items_purged":["Strike_R","Wild Strike","Strike_R"],"gold":129,"play_id":"a1f4b8b8-fc7a-46db-b6fb-f55673901c4f","is_prod":false,"is_daily":false,"is_ascension_mode":false,"campfire_upgraded":10,"path_taken":["M","M","M","M","?","R","M","R","T","M","E","R","E","?","R","BOSS","M","M","?","$","M","R","?","R","T","E","M","R","M","E","R","BOSS","M","$","?","M","$","E","M","R","T","R","E","R","?","M","R","BOSS"],"build_version":"2018-01-25-PROD3","purchased_purges":3,"victory":true,"master_deck":["Strike_R+1","Strike_R+1","Defend_R+1","Defend_R+1","Defend_R+1","Defend_R+1","Bash+1","Spot Weakness+1","Heavy Blade+1","Clothesline+1","Intimidate+1","Shrug It Off+1","Juggernaut","Barricade+1","Impervious","Headbutt+1","Dual Wield+1","Body Slam+1","Sentinel+1","Impervious","Shrug It Off+1","Iron Wave+1","Whirlwind","Body Slam+1","Flame Barrier+1","Madness","Madness","True Grit+1"],"max_hp_per_floor":[88,88,88,88,88,88,88,88,88,88,88,88,88,88,88,88,88,88,88,88,88,88,88,88,88,88,88,88,88,88,88,88,88,88,88,88,88,88,88,88,88,88,88,88,88,88,88,88,88,88],"relics":["Burning Blood","Molten Egg","Mercury Hourglass","Dodecahedron","Toxic Egg","Sozu","Anchor","Old Coin","The Courier","Lantern","Eternal Feather","Toolbox","Charon\u0027s Ashes","Mummified Hand","Prayer Wheel","Shuriken","Pen Nib"],"card_choices":[{"not_picked":["Evolve","Thunderclap"],"picked":"Spot Weakness"},{"not_picked":["Body Slam","Ghostly Armor"],"picked":"Wild Strike"},{"not_picked":["Havoc","Entrench"],"picked":"Heavy Blade"},{"not_picked":["Dark Embrace","Dual Wield"],"picked":"Clothesline"},{"not_picked":["Clash","Carnage"],"picked":"Intimidate"},{"not_picked":["Feel No Pain","Body Slam"],"picked":"Shrug It Off"},{"not_picked":["Dark Embrace","Berserk"],"picked":"Juggernaut"},{"not_picked":["Infernal Blade","Sentinel"],"picked":"Headbutt"},{"not_picked":["Rage","Second Wind"],"picked":"Dual Wield"},{"not_picked":["Iron Wave","Armaments"],"picked":"Body Slam"},{"not_picked":["Heavy Blade","Second Wind"],"picked":"Sentinel"},{"not_picked":["Exhume","Berserk"],"picked":"Impervious"},{"not_picked":["Spot Weakness","Heavy Blade"],"picked":"Iron Wave"},{"not_picked":["Shockwave","Body Slam"],"picked":"Whirlwind"},{"not_picked":["Immolate","Warcry"],"picked":"Body Slam"},{"not_picked":["Carnage","Ghostly Armor"],"picked":"Flame Barrier"},{"not_picked":["Clothesline","Wild Strike"],"picked":"True Grit"}],"player_experience":232334,"potions_floor_usage":[4,4],"damage_taken":[{"damage":15,"enemies":"Jaw Worm","floor":1,"turns":4},{"damage":1,"enemies":"Cultist","floor":2,"turns":3},{"damage":10,"enemies":"Small Slimes","floor":3,"turns":3},{"damage":8,"enemies":"Exordium Wildlife","floor":4,"turns":2},{"damage":5,"enemies":"2 Fungi Beasts","floor":7,"turns":3},{"damage":4,"enemies":"Looter","floor":10,"turns":3},{"damage":34,"enemies":"3 Sentries","floor":11,"turns":5},{"damage":10,"enemies":"Gremlin Nob","floor":13,"turns":3},{"damage":6,"enemies":"Slime Boss","floor":16,"turns":7},{"damage":9,"enemies":"Spheric Guardian","floor":18,"turns":4},{"damage":8,"enemies":"Chosen","floor":19,"turns":5},{"damage":0,"enemies":"Snecko","floor":22,"turns":3},{"damage":0,"enemies":"Book of Stabbing","floor":27,"turns":5},{"damage":24,"enemies":"Centurion and Healer","floor":28,"turns":4},{"damage":9,"enemies":"3 Cultists","floor":30,"turns":6},{"damage":34,"enemies":"Gremlin Leader","floor":31,"turns":7},{"damage":52,"enemies":"Collector","floor":33,"turns":10},{"damage":0,"enemies":"3 Darklings","floor":35,"turns":5},{"damage":0,"enemies":"Mysterious Sphere","floor":37,"turns":6},{"damage":0,"enemies":"Orb Walker","floor":38,"turns":3},{"damage":0,"enemies":"Giant Head","floor":40,"turns":5},{"damage":18,"enemies":"Maw","floor":41,"turns":9},{"damage":0,"enemies":"2 Orb Walkers","floor":45,"turns":3},{"damage":14,"enemies":"Sphere and 2 Shapes","floor":48,"turns":4},{"damage":20,"enemies":"Donu and Deca","floor":50,"turns":8}],"event_choices":[{"event_name":"Bonfire Elementals","player_choice":"BASIC","floor":5,"damage_taken":0},{"event_name":"Back to Basics","player_choice":"Simplicity","floor":20,"damage_taken":0},{"event_name":"Addict","player_choice":"Obtained Relic","floor":24,"damage_taken":0},{"event_name":"Mysterious Sphere","player_choice":"Fight","floor":37,"damage_taken":0},{"event_name":"Winding Halls","player_choice":"Embrace Madness","floor":47,"damage_taken":0}],"boss_relics":[{"not_picked":["Ectoplasm","White Beast Statue"],"picked":"Sozu"},{"not_picked":["Question Card","Black Star"],"picked":"Eternal Feather"}],"potions_floor_spawned":[2,3,10,11,16,27,30,31,33,35,40,48],"seed_played":"4473051183311185097","ascension_level":0,"is_trial":false}