{"gold_per_floor":[118,135,145,158,171,171,183,183,207,132,145,157,175,190,190,289,289,303,315,315],"floor_reached":20,"playtime":2203,"items_purged":["Strike_R"],"score":174,"play_id":"39ddb7a9-fc44-45ee-9a74-ece15aab7d95","local_time":"20180923031601","is_ascension_mode":false,"campfire_choices":[{"data":"Warcry","floor":6,"key":"SMITH"},{"data":"Inflame","floor":8,"key":"SMITH"},{"data":"Cleave","floor":15,"key":"SMITH"}],"neow_cost":"","seed_source_timestamp":37814875176548,"circlet_count":0,"master_deck":["Strike_R","Strike_R","Strike_R","Strike_R","Defend_R","Defend_R","Defend_R","Defend_R","Bash","Shrug It Off","Cleave+1","Warcry+1","Inflame+1","Headbutt","Shockwave","Demon Form","Heavy Blade","Spot Weakness","Headbutt","Bludgeon"],"relics":["Burning Blood","Regal Pillow","Orrery"],"potions_floor_usage":[12,18,18,19],"damage_taken":[{"damage":11,"enemies":"Jaw Worm","floor":1,"turns":5},{"damage":0,"enemies":"Small Slimes","floor":2,"turns":3},{"damage":1,"enemies":"2 Louse","floor":3,"turns":2},{"damage":9,"enemies":"Red Slaver","floor":4,"turns":6},{"damage":9,"enemies":"Blue Slaver","floor":5,"turns":5},{"damage":7,"enemies":"3 Louse","floor":7,"turns":4},{"damage":2,"enemies":"Looter","floor":11,"turns":3},{"damage":2,"enemies":"Exordium Thugs","floor":12,"turns":4},{"damage":7,"enemies":"Red Slaver","floor":13,"turns":4},{"damage":0,"enemies":"3 Louse","floor":14,"turns":3},{"damage":67,"enemies":"The Guardian","floor":16,"turns":14},{"damage":36,"enemies":"3 Byrds","floor":18,"turns":6},{"damage":45,"enemies":"2 Thieves","floor":19,"turns":4},{"damage":15,"enemies":"Masked Bandits","floor":20,"turns":2}],"seed_played":"4768565252094497645","potions_obtained":[{"floor":1,"key":"Poison Potion"},{"floor":4,"key":"Fire Potion"},{"floor":5,"key":"Strength Potion"},{"floor":7,"key":"Strength Potion"},{"floor":16,"key":"Energy Potion"},{"floor":19,"key":"SpeedPotion"}],"is_trial":false,"path_per_floor":["M","M","M","M","M","R","M","R","T","$","M","M","M","M","R","B",null,"M","M"],"character_chosen":"IRONCLAD","items_purchased":[],"campfire_rested":0,"item_purchase_floors":[],"current_hp_per_floor":[75,80,80,77,74,74,73,73,73,73,77,80,79,80,80,19,80,50,11,0],"gold":315,"neow_bonus":"","is_prod":false,"is_daily":false,"chose_seed":false,"campfire_upgraded":3,"win_rate":0.0,"timestamp":1537661761,"path_taken":["M","M","M","M","M","R","M","R","T","$","M","M","M","M","R","BOSS","M","M","?"],"build_version":"2018-09-20","purchased_purges":1,"victory":false,"max_hp_per_floor":[80,80,80,80,80,80,80,80,80,80,80,80,80,80,80,80,80,80,80,80],"card_choices":[{"not_picked":["Flame Barrier","Iron Wave"],"picked":"Shrug It Off","floor":1},{"not_picked":["Ghostly Armor","Infernal Blade"],"picked":"Cleave","floor":2},{"not_picked":["Anger","Whirlwind","Intimidate"],"picked":"SKIP","floor":3},{"not_picked":["Pommel Strike","Thunderclap"],"picked":"Warcry","floor":4},{"not_picked":["Warcry","Shrug It Off","Clothesline"],"picked":"SKIP","floor":5},{"not_picked":["Cleave","Heavy Blade"],"picked":"Inflame","floor":7},{"not_picked":["Infernal Blade","Sword Boomerang","Clothesline"],"picked":"SKIP","floor":11},{"not_picked":["Infernal Blade","Reckless Charge","Impervious"],"picked":"SKIP","floor":12},{"not_picked":["Dropkick","Intimidate"],"picked":"Headbutt","floor":13},{"not_picked":["Clash","Iron Wave"],"picked":"Shockwave","floor":14},{"not_picked":["Juggernaut","Brutality"],"picked":"Demon Form","floor":16},{"not_picked":["Pommel Strike","Uppercut"],"picked":"Heavy Blade","floor":17},{"not_picked":["Fire Breathing","Pommel Strike"],"picked":"Spot Weakness","floor":17},{"not_picked":["Sever Soul+1","Second Wind"],"picked":"Headbutt","floor":18},{"not_picked":["Pommel Strike","Anger+1"],"picked":"Bludgeon","floor":19}],"player_experience":42119,"relics_obtained":[{"floor":9,"key":"Regal Pillow"}],"event_choices":[{"event_name":"Masked Bandits","player_choice":"Fought Bandits","floor":20,"damage_taken":0}],"is_beta":false,"boss_relics":[{"not_picked":["Black Star","Runic Cube"],"picked":"Orrery"}],"items_purged_floors":[10],"is_endless":false,"potions_floor_spawned":[1,4,5,7,16,19],"killed_by":"Masked Bandits","ascension_level":0}