{"path_per_floor":["M","M","M","?","M","R","E","R","T","?","E","?","M","M","R","B",null,"M","?","M","?","M","R","E","?","T","$","E","$","R","M","R","B",null,"M","?","?","M","M","R"],"character_chosen":"THE_SILENT","items_purchased":["Kunai","Block Potion"],"gold_per_floor":[112,124,135,135,152,152,183,183,183,153,187,187,205,218,218,316,316,335,235,251,251,268,268,301,301,351,19,53,4,4,19,19,124,154,173,173,173,193,206,206,206],"floor_reached":41,"campfire_rested":4,"playtime":3065,"current_hp_per_floor":[61,55,51,44,43,43,32,32,32,32,25,11,11,5,26,23,58,42,42,37,24,14,36,18,18,18,18,3,3,40,33,70,55,75,72,72,62,58,37,37,0],"items_purged":["Strike_G"],"gold":206,"score":662,"play_id":"5b09b890-6ed4-4bd0-83e2-923c731ae260","local_time":"20180416210922","is_prod":false,"is_daily":false,"chose_seed":false,"is_ascension_mode":true,"campfire_upgraded":3,"timestamp":1523905762,"path_taken":["M","M","M","?","M","R","E","R","T","?","E","?","M","M","R","BOSS","M","?","M","?","?","R","E","?","T","$","E","$","R","M","R","BOSS","M","?","?","M","M","R","E"],"build_version":"2018-04-12","seed_source_timestamp":391403204292621,"purchased_purges":1,"victory":false,"master_deck":["Defend_G+1","Defend_G","Defend_G","Defend_G","Defend_G+1","Strike_G+1","Strike_G","Strike_G+1","Survivor","Neutralize","AscendersBane","PiercingWail+1","Flying Knee","Sucker Punch+1","Leg Sweep+1","Cloak And Dagger+1","Cloak And Dagger+1","Caltrops","Infinite Blades+1","A Thousand Cuts","Dagger Spray+1","J.A.X.+1","Noxious Fumes+1","Slice","Malaise+1","Terror+1","Madness+1","Transmutation+1","Flash of Steel","Dash+1"],"max_hp_per_floor":[70,70,70,70,70,70,70,70,70,70,70,70,70,70,70,70,70,70,70,70,75,75,75,75,75,75,75,75,75,75,75,75,75,80,80,80,80,80,80,80,80],"relics":["Ring of the Snake","Toxic Egg 2","Ornamental Fan","Whetstone","Runic Dome","Regal Pillow","Vajra","Kunai","Snake Skull","Tiny House"],"card_choices":[{"not_picked":["Calculated Gamble","Dodge and Roll"],"picked":"PiercingWail","floor":1},{"not_picked":["Blur","Slice"],"picked":"Flying Knee","floor":2},{"not_picked":["Quick Slash","Dagger Throw"],"picked":"Sucker Punch","floor":3},{"not_picked":["Deflect","Prepared"],"picked":"Leg Sweep","floor":5},{"not_picked":["Storm of Steel","Flying Knee"],"picked":"Cloak And Dagger","floor":7},{"not_picked":["Dodge and Roll","Bouncing Flask"],"picked":"Cloak And Dagger","floor":11},{"not_picked":["Dodge and Roll","Reflex"],"picked":"Caltrops","floor":13},{"not_picked":["Cloak And Dagger","Deadly Poison"],"picked":"Infinite Blades","floor":14},{"not_picked":["Bullet Time","Phantasmal Killer"],"picked":"A Thousand Cuts","floor":16},{"not_picked":["Heel Hook","Outmaneuver"],"picked":"Dagger Spray","floor":18},{"not_picked":["Flying Knee","Heel Hook"],"picked":"Noxious Fumes","floor":22},{"not_picked":["Acrobatics","Quick Slash"],"picked":"Slice","floor":28},{"not_picked":["Dagger Throw","Doppelganger"],"picked":"Malaise","floor":31},{"not_picked":["PiercingWail","Acrobatics"],"picked":"Terror","floor":34},{"not_picked":["Panache","Good Instincts"],"picked":"Madness","floor":37},{"not_picked":["Secret Weapon","Panache"],"picked":"Transmutation","floor":37},{"not_picked":["Good Instincts","Jack Of All Trades"],"picked":"Flash of Steel","floor":37},{"not_picked":["Well Laid Plans","Night Terror"],"picked":"Dash","floor":39}],"player_experience":327388,"potions_floor_usage":[7,11,11,16,16,24,24,33,41],"damage_taken":[{"damage":2,"enemies":"Jaw Worm","floor":1,"turns":5},{"damage":6,"enemies":"Cultist","floor":2,"turns":6},{"damage":4,"enemies":"Small Slimes","floor":3,"turns":5},{"damage":1,"enemies":"3 Louse","floor":5,"turns":5},{"damage":11,"enemies":"3 Sentries","floor":7,"turns":12},{"damage":7,"enemies":"Lagavulin","floor":11,"turns":10},{"damage":0,"enemies":"Blue Slaver","floor":13,"turns":4},{"damage":6,"enemies":"Exordium Thugs","floor":14,"turns":5},{"damage":3,"enemies":"Slime Boss","floor":16,"turns":13},{"damage":16,"enemies":"Spheric Guardian","floor":18,"turns":6},{"damage":5,"enemies":"Shell Parasite","floor":20,"turns":6},{"damage":10,"enemies":"3 Cultists","floor":22,"turns":5},{"damage":33,"enemies":"Gremlin Leader","floor":24,"turns":6},{"damage":15,"enemies":"Book of Stabbing","floor":28,"turns":6},{"damage":7,"enemies":"Snecko","floor":31,"turns":5},{"damage":30,"enemies":"Champ","floor":33,"turns":13},{"damage":3,"enemies":"Orb Walker","floor":35,"turns":4},{"damage":10,"enemies":"3 Shapes","floor":38,"turns":8},{"damage":21,"enemies":"3 Darklings","floor":39,"turns":4},{"damage":41,"enemies":"Giant Head","floor":41,"turns":9}],"event_choices":[{"event_name":"Golden Wing","player_choice":"Card Removal","floor":4,"damage_taken":0},{"event_name":"The Woman in Blue","player_choice":"Bought 2 Potions","floor":10,"damage_taken":0},{"event_name":"Shining Light","player_choice":"Entered Light","floor":12,"damage_taken":0},{"event_name":"Drug Dealer","player_choice":"Got JAXXED","floor":19,"damage_taken":0},{"event_name":"Forgotten Altar","player_choice":"Shed Blood","floor":21,"damage_taken":0},{"event_name":"Vampires","player_choice":"Ignored","floor":25,"damage_taken":0},{"event_name":"Tomb of Lord Red Mask","player_choice":"Ignored","floor":36,"damage_taken":0},{"event_name":"SensoryStone","player_choice":"Memory 3","floor":37,"damage_taken":0}],"boss_relics":[{"not_picked":["Lizard Tail","Snecko Eye"],"picked":"Runic Dome"},{"not_picked":["White Beast Statue","Pandora\u0027s Box"],"picked":"Tiny House"}],"potions_floor_spawned":[1,3,7,13,16,18,28,39],"seed_played":"-4533428865380328567","killed_by":"Giant Head","ascension_level":10,"is_trial":false}