{"gold_per_floor":[114,127,74,174,185,214,214,231,231,247,266,266,250,284,284,383,383],"floor_reached":17,"playtime":1965,"items_purged":[],"score":169,"play_id":"7d89988d-edb6-410c-bd8a-57335564e79a","local_time":"20180926021359","is_ascension_mode":false,"campfire_choices":[{"data":"Noxious Fumes","floor":7,"key":"SMITH"},{"floor":12,"key":"REST"},{"floor":15,"key":"REST"}],"neow_cost":"","seed_source_timestamp":56675633378159,"circlet_count":0,"master_deck":["Defend_G+1","Defend_G+1","Defend_G","Defend_G","Defend_G","Strike_G","Strike_G","Strike_G","Strike_G","Strike_G","Survivor","Neutralize","Flying Knee","Blur","Bane","Tools of the Trade","Calculated Gamble+1","Reflex+1","Well Laid Plans+1"],"relics":["Ring of the Snake","Happy Flower","War Paint","Bottled Tornado","Astrolabe"],"potions_floor_usage":[6],"damage_taken":[{"damage":14,"enemies":"Jaw Worm","floor":1,"turns":6},{"damage":0,"enemies":"Cultist","floor":2,"turns":4},{"damage":2,"enemies":"Small Slimes","floor":5,"turns":4},{"damage":19,"enemies":"3 Sentries","floor":6,"turns":10},{"damage":6,"enemies":"Red Slaver","floor":8,"turns":7},{"damage":5,"enemies":"3 Louse","floor":10,"turns":4},{"damage":5,"enemies":"Lots of Slimes","floor":11,"turns":4},{"damage":3,"enemies":"Exordium Thugs","floor":13,"turns":6},{"damage":3,"enemies":"Lagavulin","floor":14,"turns":10},{"damage":8,"enemies":"The Guardian","floor":16,"turns":12}],"seed_played":"2923900086112649536","potions_obtained":[{"floor":1,"key":"GhostInAJar"},{"floor":2,"key":"GamblersBrew"},{"floor":11,"key":"EntropicBrew"},{"floor":14,"key":"GhostInAJar"}],"is_trial":false,"path_per_floor":["M","M","$","?","M","E","R","M","T","M","M","R","M","E","R","B"],"character_chosen":"THE_SILENT","items_purchased":["Acrobatics"],"campfire_rested":2,"item_purchase_floors":[3],"current_hp_per_floor":[56,56,56,56,54,35,35,29,29,24,19,40,37,34,55,47,47],"gold":383,"neow_bonus":"","is_prod":false,"is_daily":false,"chose_seed":false,"campfire_upgraded":1,"win_rate":0.0,"timestamp":1537917239,"path_taken":["M","M","$","?","M","E","R","M","T","M","M","R","?","E","R","BOSS"],"build_version":"2018-09-20","purchased_purges":0,"victory":false,"max_hp_per_floor":[70,70,70,70,70,70,70,70,70,70,70,70,70,70,70,70,70],"card_choices":[{"not_picked":["Tactician","Finisher","Endless Agony"],"picked":"SKIP","floor":1},{"not_picked":["Prepared","Dagger Throw"],"picked":"Noxious Fumes","floor":2},{"not_picked":["Dagger Throw","Eviscerate","Predator"],"picked":"SKIP","floor":5},{"not_picked":["PiercingWail","Quick Slash","Masterful Stab"],"picked":"SKIP","floor":6},{"not_picked":["Terror","Infinite Blades"],"picked":"Flying Knee","floor":8},{"not_picked":["Outmaneuver","Leg Sweep"],"picked":"Footwork","floor":10},{"not_picked":["Dash","Backstab","Bane"],"picked":"SKIP","floor":11},{"not_picked":["Quick Slash","Leg Sweep"],"picked":"Blur","floor":13},{"not_picked":["Masterful Stab","Underhanded Strike"],"picked":"Bane","floor":14},{"not_picked":["Unload","Wraith Form v2"],"picked":"Tools of the Trade","floor":16}],"player_experience":94266,"relics_obtained":[{"floor":6,"key":"Happy Flower"},{"floor":9,"key":"War Paint"},{"floor":14,"key":"Bottled Tornado"}],"event_choices":[{"event_name":"Golden Shrine","player_choice":"Pray","floor":4,"damage_taken":0}],"is_beta":false,"boss_relics":[{"not_picked":["Runic Dome","Snecko Eye"],"picked":"Astrolabe"}],"items_purged_floors":[],"is_endless":false,"potions_floor_spawned":[1,2,11,14],"ascension_level":0}