{"gold_per_floor":[118,138,151,102,116,147,147,178,178,192,192,209,239,258,258,330,330,341,356,356,367,13,13,38,38,38,70,70,82,115,115,115,115],"floor_reached":33,"playtime":2124,"items_purged":["Strike_B"],"score":711,"play_id":"9e94fb3c-c3fc-40c9-82f0-f8e923ac2e17","local_time":"20190302155349","is_ascension_mode":true,"campfire_choices":[{"floor":7,"key":"REST"},{"floor":11,"key":"REST"},{"floor":15,"key":"REST"},{"floor":23,"key":"REST"},{"floor":25,"key":"REST"},{"data":"Defragment","floor":28,"key":"SMITH"},{"data":"Zap","floor":32,"key":"SMITH"}],"neow_cost":"NONE","seed_source_timestamp":1354083175628595,"circlet_count":0,"master_deck":["AscendersBane","Defend_B","Defend_B","Defend_B+1","Defend_B","Zap+1","Dualcast","Gash","Leap","Genetic Algorithm","Sweeping Beam+1","All For One","BootSequence+1","Melter","Cold Snap","Gash","All For One+1","Doom and Gloom+1","Steam","Cold Snap","Defragment+1","Conserve Battery","Electrodynamics","Gash","Hologram+1","Compile Driver","Bite","Bite","Bite","Bite","Bite"],"relics":["Runic Pyramid","DataDisk","Gremlin Horn","Shuriken","Black Star","Whetstone","Meat on the Bone","Toxic Egg 2","Question Card","Regal Pillow","War Paint","Boot","Mango"],"potions_floor_usage":[8,10,13,16,21,24,30,30],"damage_taken":[{"damage":7,"enemies":"Jaw Worm","floor":1,"turns":5},{"damage":0,"enemies":"2 Louse","floor":2,"turns":2},{"damage":10,"enemies":"Small Slimes","floor":3,"turns":3},{"damage":4,"enemies":"Looter","floor":5,"turns":5},{"damage":36,"enemies":"3 Sentries","floor":6,"turns":9},{"damage":8,"enemies":"Gremlin Nob","floor":8,"turns":3},{"damage":24,"enemies":"Lots of Slimes","floor":10,"turns":3},{"damage":8,"enemies":"Large Slime","floor":12,"turns":6},{"damage":7,"enemies":"3 Sentries","floor":13,"turns":7},{"damage":0,"enemies":"Blue Slaver","floor":14,"turns":5},{"damage":1,"enemies":"Slime Boss","floor":16,"turns":8},{"damage":32,"enemies":"Shell Parasite","floor":18,"turns":5},{"damage":12,"enemies":"2 Thieves","floor":19,"turns":3},{"damage":0,"enemies":"Cultist and Chosen","floor":21,"turns":7},{"damage":44,"enemies":"Book of Stabbing","floor":24,"turns":6},{"damage":0,"enemies":"Gremlin Leader","floor":27,"turns":6},{"damage":25,"enemies":"Snake Plant","floor":29,"turns":6},{"damage":8,"enemies":"Book of Stabbing","floor":30,"turns":5},{"damage":63,"enemies":"Collector","floor":33,"turns":8}],"seed_played":"8976671769472890133","potions_obtained":[{"floor":6,"key":"Fire Potion"},{"floor":8,"key":"Regen Potion"},{"floor":12,"key":"Explosive Potion"},{"floor":13,"key":"FearPotion"},{"floor":16,"key":"SneckoOil"},{"floor":19,"key":"Dexterity Potion"},{"floor":21,"key":"Strength Potion"},{"floor":29,"key":"Fire Potion"}],"is_trial":false,"path_per_floor":["M","M","M","?","M","E","R","E","T","M","R","M","E","M","R","B",null,"M","M","?","M","$","R","E","R","T","E","R","M","E","?","R","B"],"character_chosen":"DEFECT","items_purchased":["Defragment","Conserve Battery","Whetstone"],"campfire_rested":5,"item_purchase_floors":[22,22,22],"current_hp_per_floor":[57,57,47,47,43,7,28,20,20,5,26,18,11,13,34,35,62,32,22,22,24,24,45,3,24,24,38,38,27,47,47,47,0],"gold":115,"neow_bonus":"BOSS_RELIC","is_prod":false,"is_daily":false,"chose_seed":false,"campfire_upgraded":2,"win_rate":0,"timestamp":1551563629,"path_taken":["M","M","M","?","M","E","R","E","T","M","R","M","E","M","R","BOSS","M","M","?","M","$","R","E","R","T","E","R","M","E","?","R","BOSS"],"build_version":"2019-01-23","purchased_purges":1,"victory":false,"max_hp_per_floor":[71,71,71,71,71,71,71,71,71,71,71,71,71,71,71,71,71,71,71,71,71,71,71,71,71,71,71,71,71,85,85,85,85],"card_choices":[{"not_picked":["Sweeping Beam","Coolheaded"],"picked":"Gash","floor":1},{"not_picked":["Hologram","Tempest"],"picked":"Leap","floor":2},{"not_picked":["Recycle","Hologram"],"picked":"Genetic Algorithm","floor":3},{"not_picked":["Steam","Turbo"],"picked":"Sweeping Beam","floor":5},{"not_picked":["Go for the Eyes","Doom and Gloom"],"picked":"All For One","floor":6},{"not_picked":["Rebound","Scrape","Leap"],"picked":"SKIP","floor":8},{"not_picked":["Redo","Steam"],"picked":"BootSequence","floor":10},{"not_picked":["Barrage","Streamline"],"picked":"Melter","floor":12},{"not_picked":["Beam Cell","Darkness"],"picked":"Cold Snap","floor":13},{"not_picked":["Heatsinks","Cold Snap"],"picked":"Gash","floor":14},{"not_picked":["Machine Learning","Reboot"],"picked":"All For One","floor":16},{"not_picked":["Streamline","Turbo"],"picked":"Doom and Gloom+1","floor":18},{"not_picked":["Undo","Beam Cell"],"picked":"Steam","floor":19},{"not_picked":["Reinforced Body","Turbo"],"picked":"Cold Snap","floor":21},{"not_picked":["Reprogram","Hello World"],"picked":"Electrodynamics","floor":24},{"not_picked":["Leap+1","Defragment","Rebound+1"],"picked":"Gash","floor":27},{"not_picked":["Turbo+1","Rebound+1","Reinforced Body+1"],"picked":"Hologram+1","floor":29},{"not_picked":["Streamline","Beam Cell","Turbo+1"],"picked":"Compile Driver","floor":30}],"player_experience":553657,"relics_obtained":[{"floor":6,"key":"DataDisk"},{"floor":8,"key":"Gremlin Horn"},{"floor":9,"key":"Shuriken"},{"floor":13,"key":"Blood Vial"},{"floor":24,"key":"Meat on the Bone"},{"floor":24,"key":"Toxic Egg 2"},{"floor":26,"key":"Question Card"},{"floor":27,"key":"Regal Pillow"},{"floor":27,"key":"War Paint"},{"floor":30,"key":"Boot"},{"floor":30,"key":"Mango"}],"event_choices":[{"damage_healed":0,"gold_gain":0,"player_choice":"Left Gold","damage_taken":0,"max_hp_gain":0,"max_hp_loss":0,"event_name":"World of Goop","floor":4,"gold_loss":49},{"damage_healed":0,"gold_gain":0,"player_choice":"Ignored","damage_taken":0,"max_hp_gain":0,"max_hp_loss":0,"event_name":"Ghosts","floor":20,"gold_loss":0},{"damage_healed":0,"gold_gain":0,"player_choice":"Became a vampire (Vial)","damage_taken":0,"max_hp_gain":0,"max_hp_loss":0,"event_name":"Vampires","floor":31,"relics_lost":["Blood Vial"],"gold_loss":0,"cards_obtained":["Bite","Bite","Bite","Bite","Bite"]}],"is_beta":false,"boss_relics":[{"not_picked":["White Beast Statue","Inserter"],"picked":"Black Star"}],"items_purged_floors":[22],"is_endless":false,"potions_floor_spawned":[6,8,12,13,16,19,21,29],"killed_by":"Collector","ascension_level":19}