{"gold_per_floor":[114,126,143,68,143,178,178,34,34,53,84,84,103,113,113,218,218,183,283,294,393,408,408,442,442,442,457,457],"floor_reached":28,"playtime":1603,"items_purged":["Strike_B"],"score":288,"play_id":"16e3ad76-0098-4429-bd8a-e855cda1dd9e","local_time":"20180923233119","is_ascension_mode":true,"campfire_choices":[{"data":"Leap","floor":7,"key":"SMITH"},{"data":"Gash","floor":15,"key":"SMITH"},{"data":"Auto Shields","floor":23,"key":"SMITH"},{"data":"Self Repair","floor":25,"key":"SMITH"}],"neow_cost":"NONE","seed_source_timestamp":24249888553920,"circlet_count":0,"master_deck":["Strike_B","Strike_B","Strike_B","Defend_B","Defend_B","Defend_B","Defend_B","Zap","Dualcast","Go for the Eyes","Ball Lightning","Leap+1","Steam","Gash+1","Steam","Self Repair+1","Auto Shields+1","Reinforced Body","Hologram","Echo Form","Capacitor","Glacier","Gash","Cold Snap"],"relics":["Coffee Dripper","Bottled Lightning","Gremlin Horn","Bottled Flame","Pear","Cursed Key","Singing Bowl"],"potions_floor_usage":[11,11,16,24,27],"damage_taken":[{"damage":2,"enemies":"Jaw Worm","floor":1,"turns":5},{"damage":0,"enemies":"Small Slimes","floor":2,"turns":3},{"damage":0,"enemies":"Cultist","floor":3,"turns":4},{"damage":22,"enemies":"3 Sentries","floor":6,"turns":7},{"damage":0,"enemies":"Looter","floor":10,"turns":3},{"damage":20,"enemies":"Lagavulin","floor":11,"turns":7},{"damage":3,"enemies":"Lots of Slimes","floor":13,"turns":3},{"damage":6,"enemies":"Large Slime","floor":14,"turns":8},{"damage":33,"enemies":"Hexaghost","floor":16,"turns":15},{"damage":20,"enemies":"2 Thieves","floor":18,"turns":5},{"damage":22,"enemies":"3 Byrds","floor":20,"turns":7},{"damage":23,"enemies":"Centurion and Healer","floor":22,"turns":11},{"damage":26,"enemies":"Gremlin Leader","floor":24,"turns":11},{"damage":1,"enemies":"Snecko","floor":27,"turns":7},{"damage":32,"enemies":"3 Cultists","floor":28,"turns":3}],"seed_played":"-769379557591962255","potions_obtained":[{"floor":1,"key":"Ancient Potion"},{"floor":10,"key":"Poison Potion"},{"floor":11,"key":"SteroidPotion"},{"floor":14,"key":"Ancient Potion"},{"floor":18,"key":"SteroidPotion"},{"floor":20,"key":"FocusPotion"}],"is_trial":false,"path_per_floor":["M","M","M","$","?","E","R","$","T","M","E","?","M","M","R","B",null,"M","?","M","?","M","R","E","R","T","M"],"character_chosen":"DEFECT","items_purchased":["Gash","Steam","Dexterity Potion"],"campfire_rested":0,"item_purchase_floors":[8,8,8],"current_hp_per_floor":[73,73,73,73,62,40,40,40,40,40,27,37,41,42,42,16,85,65,65,50,50,34,34,15,15,15,24,0],"gold":457,"neow_bonus":"BOSS_RELIC","is_prod":false,"is_daily":false,"chose_seed":false,"campfire_upgraded":4,"win_rate":0,"timestamp":1537759879,"path_taken":["M","M","M","$","?","E","R","$","T","?","E","?","M","M","R","BOSS","M","?","?","?","M","R","E","R","T","?","M"],"build_version":"2018-09-20","purchased_purges":1,"victory":false,"max_hp_per_floor":[75,75,75,75,75,75,75,75,75,75,75,85,85,85,85,85,85,85,85,85,85,85,85,85,85,85,85,85],"card_choices":[{"not_picked":["Cold Snap","Sweeping Beam"],"picked":"Go for the Eyes","floor":1},{"not_picked":["Stack","Buffer"],"picked":"Ball Lightning","floor":2},{"not_picked":["Turbo","FTL"],"picked":"Leap","floor":3},{"not_picked":["Redo","Darkness"],"picked":"Steam","floor":6},{"not_picked":["Cold Snap","Static Discharge"],"picked":"Self Repair","floor":10},{"not_picked":["Compile Driver","Capacitor"],"picked":"Auto Shields","floor":11},{"not_picked":["Redo","Reprogram"],"picked":"Reinforced Body","floor":13},{"not_picked":["Cold Snap","Aggregate"],"picked":"Hologram","floor":14},{"not_picked":["Core Surge","Amplify"],"picked":"Echo Form","floor":16},{"not_picked":["Hologram","Rebound"],"picked":"Capacitor","floor":18},{"not_picked":["Sweeping Beam","Beam Cell","Streamline"],"picked":"SKIP","floor":20},{"not_picked":["Rebound","Stack"],"picked":"Glacier","floor":22},{"not_picked":["Rip and Tear","Amplify"],"picked":"Gash","floor":24},{"not_picked":["FTL","Storm"],"picked":"Cold Snap","floor":27}],"player_experience":599403,"relics_obtained":[{"floor":6,"key":"Bottled Lightning"},{"floor":9,"key":"Gremlin Horn"},{"floor":11,"key":"Bottled Flame"},{"floor":24,"key":"Singing Bowl"}],"event_choices":[{"event_name":"World of Goop","player_choice":"Gather Gold","floor":5,"damage_taken":0},{"event_name":"Dead Adventurer","player_choice":"Searched \u00271\u0027 times","floor":12,"damage_taken":0},{"event_name":"Golden Shrine","player_choice":"Pray","floor":19,"damage_taken":0},{"event_name":"Nest","player_choice":"Stole From Cult","floor":21,"damage_taken":0}],"is_beta":false,"boss_relics":[{"not_picked":["Black Star","Runic Pyramid"],"picked":"Cursed Key"}],"items_purged_floors":[4],"is_endless":false,"potions_floor_spawned":[1,10,11,14,18,20],"killed_by":"3 Cultists","ascension_level":3}