{"gold_per_floor":[114,131,145,161,31,46,79,92,92,92,92,92,122,132,132,228,228,244,244,159,172,52,52],"floor_reached":23,"playtime":3134,"items_purged":["Strike_G"],"score":203,"play_id":"094c1737-6bba-430f-8a31-02b3d9a78f9d","local_time":"20180929013509","is_ascension_mode":false,"campfire_choices":[{"floor":10,"key":"REST"},{"floor":12,"key":"REST"},{"floor":15,"key":"REST"}],"neow_cost":"","seed_source_timestamp":52655210144947,"circlet_count":0,"master_deck":["Defend_G","Defend_G","Defend_G","Defend_G","Defend_G","Strike_G","Strike_G","Strike_G","Survivor","Neutralize","Flying Knee","Well Laid Plans","Footwork","Acrobatics","Acrobatics","Adrenaline","Backflip","Underhanded Strike","Tactician","Tools of the Trade","Blur","Outmaneuver"],"relics":["Ring of the Snake","Dream Catcher","Blue Candle","Shovel","Coffee Dripper","Bronze Scales"],"potions_floor_usage":[7,16,16],"damage_taken":[{"damage":1,"enemies":"2 Louse","floor":1,"turns":4},{"damage":6,"enemies":"Small Slimes","floor":2,"turns":4},{"damage":0,"enemies":"Jaw Worm","floor":3,"turns":4},{"damage":11,"enemies":"Lots of Slimes","floor":4,"turns":4},{"damage":9,"enemies":"Looter","floor":6,"turns":3},{"damage":38,"enemies":"Gremlin Nob","floor":7,"turns":6},{"damage":3,"enemies":"2 Fungi Beasts","floor":8,"turns":5},{"damage":11,"enemies":"Lagavulin","floor":13,"turns":8},{"damage":0,"enemies":"Lots of Slimes","floor":14,"turns":4},{"damage":41,"enemies":"The Guardian","floor":16,"turns":14},{"damage":8,"enemies":"Spheric Guardian","floor":18,"turns":5},{"damage":0,"enemies":"Chosen","floor":21,"turns":6},{"damage":65,"enemies":"Gremlin Leader","floor":23,"turns":10}],"seed_played":"-5570863483033273718","potions_obtained":[{"floor":1,"key":"EssenceOfSteel"},{"floor":6,"key":"Ancient Potion"},{"floor":7,"key":"SkillPotion"},{"floor":8,"key":"Strength Potion"},{"floor":18,"key":"AttackPotion"},{"floor":21,"key":"Block Potion"}],"is_trial":false,"path_per_floor":["M","M","M","M","$","M","E","M","T","R","?","R","E","M","R","B",null,"M","?","?","M","$"],"character_chosen":"THE_SILENT","items_purchased":["Footwork","Acrobatics","Outmaneuver"],"campfire_rested":3,"item_purchase_floors":[5,5,22],"current_hp_per_floor":[69,63,63,52,52,43,5,2,2,23,16,37,26,26,47,6,70,62,62,62,62,62,0],"gold":52,"neow_bonus":"","is_prod":false,"is_daily":false,"chose_seed":false,"campfire_upgraded":0,"win_rate":0,"timestamp":1538174109,"path_taken":["M","M","M","M","$","M","E","M","T","R","?","R","E","M","R","BOSS","M","?","?","M","$","E"],"build_version":"2018-09-27","purchased_purges":1,"victory":false,"max_hp_per_floor":[70,70,70,70,70,70,70,70,70,70,70,70,70,70,70,70,70,70,70,70,70,70,70],"card_choices":[{"not_picked":["Masterful Stab","Deadly Poison"],"picked":"Flying Knee","floor":1},{"not_picked":["PiercingWail","Underhanded Strike"],"picked":"Well Laid Plans","floor":2},{"not_picked":["Poisoned Stab","Bouncing Flask","Finisher"],"picked":"SKIP","floor":3},{"not_picked":["Accuracy","Dagger Spray","PiercingWail"],"picked":"SKIP","floor":4},{"not_picked":["Crippling Poison","Riddle With Holes"],"picked":"Acrobatics","floor":6},{"not_picked":["Dagger Throw","Quick Slash"],"picked":"Adrenaline","floor":7},{"not_picked":["Footwork","Blade Dance"],"picked":"Backflip","floor":8},{"not_picked":["Sucker Punch","Predator"],"picked":"Underhanded Strike","floor":12},{"not_picked":["Dodge and Roll","Flying Knee","Slice"],"picked":"SKIP","floor":13},{"not_picked":["Slice","Finisher","Caltrops"],"picked":"SKIP","floor":14},{"not_picked":["Sucker Punch","Distraction"],"picked":"Tactician","floor":15},{"not_picked":["A Thousand Cuts","Glass Knife"],"picked":"Tools of the Trade","floor":16},{"not_picked":["Cloak And Dagger","Dagger Spray","Finisher"],"picked":"SKIP","floor":18},{"not_picked":["Blade Dance+1","Bane+1","Distraction"],"picked":"SKIP","floor":21}],"player_experience":153383,"relics_obtained":[{"floor":7,"key":"Dream Catcher"},{"floor":9,"key":"Blue Candle"},{"floor":13,"key":"Shovel"}],"event_choices":[{"event_name":"Golden Wing","player_choice":"Card Removal","floor":11,"damage_taken":0},{"event_name":"The Library","player_choice":"Read","floor":19,"damage_taken":0},{"event_name":"Addict","player_choice":"Obtained Relic","floor":20,"damage_taken":0}],"is_beta":false,"boss_relics":[{"not_picked":["Calling Bell","Philosopher\u0027s Stone"],"picked":"Coffee Dripper"}],"items_purged_floors":[22],"is_endless":false,"potions_floor_spawned":[1,6,7,8,18,21],"killed_by":"Gremlin Leader","ascension_level":0}