{"gold_per_floor":[110,126,140,159,159,159,179,179,179,211,225,225,243,318,318,395,395,372,1,14,14,24,24,40,40,40,40,40,54,68,14,14,14],"floor_reached":33,"playtime":1391,"items_purged":["Strike_G"],"score":502,"play_id":"d6d358ba-dc4a-45a3-86f8-f1ff82c505a9","local_time":"20190306161159","is_ascension_mode":true,"campfire_choices":[{"data":"Dagger Spray","floor":6,"key":"SMITH"},{"data":"Caltrops","floor":8,"key":"SMITH"},{"floor":12,"key":"REST"},{"data":"Leg Sweep","floor":15,"key":"SMITH"},{"floor":23,"key":"REST"},{"floor":28,"key":"REST"},{"data":"Apotheosis","floor":32,"key":"SMITH"}],"neow_cost":"NONE","seed_source_timestamp":642236832217417,"circlet_count":0,"master_deck":["AscendersBane","Defend_G","Defend_G","Defend_G","Defend_G","Defend_G","Strike_G","Strike_G","Strike_G","Survivor","Neutralize","Caltrops+1","Quick Slash","Infinite Blades","Dagger Spray+1","Leg Sweep+1","Dagger Spray","Adrenaline","Deflect+1","Apotheosis+1","Blur","Backflip","RitualDagger","All Out Attack","Cloak And Dagger","Footwork"],"relics":["Ring of the Snake","NeowsBlessing","Potion Belt","Regal Pillow","Cursed Key"],"potions_floor_usage":[4,11,16,18,20,22,30,33],"damage_taken":[{"damage":0,"enemies":"Cultist","floor":1,"turns":1},{"damage":0,"enemies":"2 Louse","floor":2,"turns":1},{"damage":0,"enemies":"Small Slimes","floor":3,"turns":1},{"damage":8,"enemies":"Exordium Wildlife","floor":4,"turns":5},{"damage":1,"enemies":"2 Fungi Beasts","floor":7,"turns":4},{"damage":27,"enemies":"3 Sentries","floor":10,"turns":6},{"damage":3,"enemies":"Exordium Thugs","floor":11,"turns":4},{"damage":6,"enemies":"Red Slaver","floor":13,"turns":4},{"damage":25,"enemies":"Hexaghost","floor":16,"turns":10},{"damage":9,"enemies":"2 Thieves","floor":18,"turns":4},{"damage":4,"enemies":"Spheric Guardian","floor":20,"turns":5},{"damage":18,"enemies":"3 Cultists","floor":22,"turns":5},{"damage":18,"enemies":"Shelled Parasite and Fungi","floor":24,"turns":6},{"damage":4,"enemies":"Snecko","floor":29,"turns":6},{"damage":10,"enemies":"Sentry and Sphere","floor":30,"turns":4},{"damage":64,"enemies":"Champ","floor":33,"turns":25}],"seed_played":"1268963128397152413","potions_obtained":[{"floor":1,"key":"LiquidBronze"},{"floor":3,"key":"AttackPotion"},{"floor":7,"key":"SteroidPotion"},{"floor":13,"key":"Fire Potion"},{"floor":16,"key":"Fire Potion"},{"floor":18,"key":"Swift Potion"},{"floor":24,"key":"Fire Potion"}],"is_trial":false,"path_per_floor":["M","M","M","M","?","R","M","R","T","E","M","R","M","?","R","B",null,"M","$","M","?","M","R","M","?","T","?","R","M","M","$","R","B"],"character_chosen":"THE_SILENT","items_purchased":["Apotheosis","GamblersBrew","Swift Potion"],"campfire_rested":3,"item_purchase_floors":[19,19,31],"current_hp_per_floor":[59,59,59,51,42,42,41,41,41,14,11,45,39,28,28,3,50,41,41,37,37,19,53,35,29,29,29,63,59,49,49,49,0],"gold":14,"neow_bonus":"THREE_ENEMY_KILL","is_prod":false,"is_daily":false,"chose_seed":false,"campfire_upgraded":4,"win_rate":0,"timestamp":1551856319,"path_taken":["M","M","?","M","?","R","M","R","T","E","?","R","M","?","R","BOSS","M","$","M","?","M","R","M","?","T","?","R","?","M","?","R","BOSS"],"build_version":"2019-01-23","purchased_purges":1,"victory":false,"max_hp_per_floor":[66,66,66,66,66,66,66,66,66,66,66,66,66,66,66,66,66,66,66,66,66,66,66,66,66,66,66,66,66,66,66,66,66],"card_choices":[{"not_picked":["Reflex","Terror"],"picked":"Caltrops","floor":1},{"not_picked":["Blur","Bane"],"picked":"Quick Slash","floor":2},{"not_picked":["Dagger Throw","Escape Plan"],"picked":"Infinite Blades","floor":3},{"not_picked":["Acrobatics","Bane"],"picked":"Dagger Spray","floor":4},{"not_picked":["Setup","Quick Slash","Deadly Poison"],"picked":"SKIP","floor":7},{"not_picked":["Quick Slash","Noxious Fumes"],"picked":"Leg Sweep","floor":10},{"not_picked":["Setup","Slice","Grand Finale"],"picked":"SKIP","floor":11},{"not_picked":["Masterful Stab","Endless Agony"],"picked":"Dagger Spray","floor":13},{"not_picked":["Glass Knife","Doppelganger"],"picked":"Adrenaline","floor":16},{"not_picked":["Choke","Blade Dance"],"picked":"Deflect+1","floor":18},{"not_picked":["Eviscerate","Acrobatics","Bane"],"picked":"SKIP","floor":20},{"not_picked":["Cloak And Dagger","Masterful Stab"],"picked":"Blur","floor":22},{"not_picked":["Well Laid Plans","Expertise"],"picked":"Backflip","floor":24},{"not_picked":["Dagger Spray","Slice"],"picked":"Cloak And Dagger","floor":29},{"not_picked":["All Out Attack","Tactician"],"picked":"Footwork","floor":30}],"player_experience":634466,"relics_obtained":[{"floor":9,"key":"Potion Belt"},{"floor":10,"key":"Regal Pillow"}],"event_choices":[{"damage_healed":0,"gold_gain":0,"player_choice":"Damaged","damage_taken":9,"max_hp_gain":0,"max_hp_loss":0,"event_name":"Wheel of Change","floor":5,"gold_loss":0},{"damage_healed":0,"gold_gain":75,"player_choice":"Gather Gold","damage_taken":11,"max_hp_gain":0,"max_hp_loss":0,"event_name":"World of Goop","floor":14,"gold_loss":0},{"damage_healed":0,"gold_gain":0,"player_choice":"Ignored","damage_taken":0,"max_hp_gain":0,"max_hp_loss":0,"event_name":"Ghosts","floor":21,"gold_loss":0},{"damage_healed":0,"gold_gain":0,"player_choice":"Joined the Cult","damage_taken":6,"max_hp_gain":0,"max_hp_loss":0,"event_name":"Nest","floor":25,"gold_loss":0,"cards_obtained":["RitualDagger"]},{"damage_healed":0,"gold_gain":0,"cards_transformed":["Strike_G"],"player_choice":"Transformed","damage_taken":0,"max_hp_gain":0,"max_hp_loss":0,"event_name":"Transmorgrifier","floor":27,"gold_loss":0,"cards_obtained":["All Out Attack"]}],"is_beta":false,"boss_relics":[{"not_picked":["WristBlade","Eternal Feather"],"picked":"Cursed Key"}],"items_purged_floors":[19],"is_endless":false,"potions_floor_spawned":[1,3,7,13,16,18,24],"killed_by":"Champ","ascension_level":20}