{"gold_per_floor":[363,383,383,51,51,86,114,133,133,133,58,58,84,95,95,196,196,216,216,228,0,0,0,0],"floor_reached":24,"playtime":929,"items_purged":["Strike_B"],"score":290,"play_id":"2f8b18f2-3888-465a-a706-a8335576253a","local_time":"20190217013558","is_ascension_mode":true,"campfire_choices":[{"floor":10,"key":"REST"},{"floor":12,"key":"REST"},{"data":"Backflip","floor":15,"key":"SMITH"},{"data":"Barricade","floor":23,"key":"SMITH"}],"neow_cost":"PERCENT_DAMAGE","seed_source_timestamp":1142665176634749,"circlet_count":0,"master_deck":["Defend_B","Defend_B","Zap","Dualcast","Ball Lightning","Double Energy","Defragment","Leap","Flying Knee","Backflip+1","Cloak And Dagger","Amplify","FTL","Barricade+1","True Grit+1","Bite","Bite","Bite","Bite","Bite","Prepared"],"relics":["Cracked Core","PrismaticShard","WingedGreaves","Du-Vu Doll","Gambling Chip","Mummified Hand","Lizard Tail"],"potions_floor_usage":[16],"damage_taken":[{"damage":2,"enemies":"2 Louse","floor":1,"turns":2},{"damage":7,"enemies":"Jaw Worm","floor":2,"turns":3},{"damage":26,"enemies":"Gremlin Nob","floor":6,"turns":4},{"damage":37,"enemies":"3 Sentries","floor":7,"turns":6},{"damage":1,"enemies":"Cultist","floor":8,"turns":3},{"damage":17,"enemies":"Lagavulin","floor":13,"turns":5},{"damage":0,"enemies":"2 Fungi Beasts","floor":14,"turns":3},{"damage":27,"enemies":"Hexaghost","floor":16,"turns":8},{"damage":36,"enemies":"Shell Parasite","floor":18,"turns":9},{"damage":0,"enemies":"Chosen","floor":20,"turns":4},{"damage":85,"enemies":"Gremlin Leader","floor":24,"turns":8}],"seed_played":"-8216483097266537186","potions_obtained":[{"floor":2,"key":"LiquidBronze"},{"floor":16,"key":"SteroidPotion"}],"is_trial":false,"path_per_floor":["M","M","?","$","?","E","E","M","T","R","$","R","E","M","R","B",null,"M","?","M","?","?","R","E"],"character_chosen":"DEFECT","items_purchased":["PrismaticShard","Defragment","Leap"],"campfire_rested":2,"item_purchase_floors":[4,4,4],"current_hp_per_floor":[52,45,70,70,70,44,7,6,6,28,28,50,33,33,33,6,58,22,22,32,32,32,32,0],"gold":0,"neow_bonus":"TWO_FIFTY_GOLD","is_prod":false,"is_daily":false,"chose_seed":false,"campfire_upgraded":2,"win_rate":0,"timestamp":1550363758,"path_taken":["M","M","?","$","?","E","E","?","T","R","$","R","E","M","R","BOSS","M","?","M","?","?","R","E"],"build_version":"2019-01-23","purchased_purges":1,"victory":false,"max_hp_per_floor":[75,75,75,75,75,75,75,75,75,75,75,75,75,75,75,75,75,75,52,52,52,52,52,52],"card_choices":[{"not_picked":["Hologram","Rebound"],"picked":"Ball Lightning","floor":1},{"not_picked":["Compile Driver","Ball Lightning"],"picked":"Double Energy","floor":2},{"not_picked":["Anger","Blade Dance"],"picked":"Flying Knee","floor":6},{"not_picked":["Bane","Barrage"],"picked":"Backflip","floor":7},{"not_picked":["Wild Strike","Barrage"],"picked":"Cloak And Dagger","floor":8},{"not_picked":["Consume","Turbo"],"picked":"Amplify","floor":13},{"not_picked":["Deflect","Conserve Battery"],"picked":"FTL","floor":14},{"not_picked":["Wraith Form v2","Rainbow"],"picked":"Barricade","floor":16},{"not_picked":["Cloak And Dagger+1","Turbo"],"picked":"True Grit+1","floor":18},{"not_picked":["Shockwave","Thunderclap"],"picked":"Prepared","floor":20}],"player_experience":319040,"relics_obtained":[{"floor":6,"key":"WingedGreaves"},{"floor":7,"key":"Du-Vu Doll"},{"floor":9,"key":"Gambling Chip"},{"floor":13,"key":"Mummified Hand"}],"event_choices":[{"damage_healed":25,"gold_gain":0,"player_choice":"Banana","damage_taken":0,"max_hp_gain":0,"max_hp_loss":0,"event_name":"Big Fish","floor":3,"gold_loss":0},{"cards_removed":["Defend_B"],"damage_healed":0,"gold_gain":0,"player_choice":"Offered Basic","damage_taken":0,"max_hp_gain":0,"max_hp_loss":0,"event_name":"Bonfire Elementals","floor":5,"gold_loss":0},{"damage_healed":0,"gold_gain":0,"player_choice":"Became a vampire","damage_taken":0,"max_hp_gain":0,"max_hp_loss":23,"event_name":"Vampires","floor":19,"gold_loss":0,"cards_obtained":["Bite","Bite","Bite","Bite","Bite"]},{"damage_healed":0,"gold_gain":0,"player_choice":"Paid Fearfully","damage_taken":0,"max_hp_gain":0,"max_hp_loss":0,"event_name":"Masked Bandits","floor":21,"gold_loss":228},{"cards_removed":["Defend_B"],"damage_healed":0,"gold_gain":0,"player_choice":"Elegance","damage_taken":0,"max_hp_gain":0,"max_hp_loss":0,"event_name":"Back to Basics","floor":22,"gold_loss":0}],"is_beta":false,"boss_relics":[{"not_picked":["Velvet Choker","Snecko Eye"],"picked":"Lizard Tail"}],"items_purged_floors":[11],"is_endless":false,"potions_floor_spawned":[2,16],"killed_by":"Gremlin Leader","ascension_level":5}