{"gold_per_floor":[117,134,147,163,173,173,200,219,219,250,250,250,265,290,290,416,416,432,455,254,254,272,272,288,304,304,304],"floor_reached":27,"playtime":2794,"items_purged":["Strike_R"],"score":331,"play_id":"ffed67c5-732b-4bef-ac3e-2deeb1df3ff3","local_time":"20180923015843","is_ascension_mode":false,"campfire_choices":[{"data":"Inflame","floor":6,"key":"SMITH"},{"data":"Flex","floor":12,"key":"SMITH"},{"floor":15,"key":"REST"},{"data":"Demon Form","floor":23,"key":"SMITH"}],"neow_cost":"NONE","seed_source_timestamp":32586446211982,"circlet_count":0,"master_deck":["Strike_R","Strike_R","Strike_R","Strike_R","Defend_R","Defend_R","Defend_R","Defend_R","Bash","Feed","Twin Strike","Flex+1","Inflame+1","Shrug It Off","Headbutt","Headbutt+1","Demon Form+1","Twin Strike+1","Warcry","Shrug It Off","J.A.X.","Twin Strike+1"],"relics":["Burning Blood","Vajra","Molten Egg 2","Pen Nib","Golden Idol","Eternal Feather","Pocketwatch"],"potions_floor_usage":[7,10,19,19,24],"damage_taken":[{"damage":1,"enemies":"2 Louse","floor":1,"turns":4},{"damage":2,"enemies":"Small Slimes","floor":2,"turns":4},{"damage":13,"enemies":"Jaw Worm","floor":3,"turns":5},{"damage":10,"enemies":"3 Louse","floor":4,"turns":4},{"damage":7,"enemies":"2 Fungi Beasts","floor":5,"turns":3},{"damage":27,"enemies":"3 Sentries","floor":7,"turns":7},{"damage":6,"enemies":"Red Slaver","floor":8,"turns":4},{"damage":14,"enemies":"Gremlin Nob","floor":10,"turns":3},{"damage":10,"enemies":"Looter","floor":13,"turns":2},{"damage":6,"enemies":"Lots of Slimes","floor":14,"turns":4},{"damage":0,"enemies":"Slime Boss","floor":16,"turns":5},{"damage":15,"enemies":"Chosen","floor":18,"turns":4},{"damage":32,"enemies":"3 Byrds","floor":19,"turns":5},{"damage":26,"enemies":"Cultist and Chosen","floor":22,"turns":6},{"damage":26,"enemies":"Centurion and Healer","floor":24,"turns":6},{"damage":24,"enemies":"Chosen and Byrds","floor":25,"turns":6},{"damage":32,"enemies":"Snake Plant","floor":27,"turns":2}],"seed_played":"587491343095043840","potions_obtained":[{"floor":2,"key":"FearPotion"},{"floor":4,"key":"Weak Potion"},{"floor":5,"key":"PowerPotion"},{"floor":7,"key":"GamblersBrew"},{"floor":13,"key":"GamblersBrew"},{"floor":14,"key":"FearPotion"},{"floor":19,"key":"GamblersBrew"},{"floor":22,"key":"Block Potion"}],"is_trial":false,"path_per_floor":["M","M","M","M","M","R","E","M","T","E","?","R","M","M","R","B",null,"M","M","$","?","M","R","M","M","T"],"character_chosen":"IRONCLAD","items_purchased":["Twin Strike+1","Warcry","Shrug It Off"],"campfire_rested":1,"item_purchase_floors":[20,20,20],"current_hp_per_floor":[83,86,79,78,80,80,59,59,59,54,31,31,30,33,63,69,101,95,72,72,72,55,67,47,29,29,0],"gold":304,"neow_bonus":"ONE_RANDOM_RARE_CARD","is_prod":false,"is_daily":false,"chose_seed":false,"campfire_upgraded":3,"win_rate":0.0,"timestamp":1537657123,"path_taken":["M","M","M","M","M","R","E","M","T","E","?","R","M","M","R","BOSS","M","M","$","?","M","R","M","M","T","M"],"build_version":"2018-09-20","purchased_purges":1,"victory":false,"max_hp_per_floor":[83,86,86,89,92,92,92,92,92,95,95,95,98,101,101,101,101,104,107,107,107,110,110,110,110,110,110],"card_choices":[{"not_picked":["Flame Barrier","Perfected Strike"],"picked":"Twin Strike","floor":1},{"not_picked":["Armaments","Sever Soul","Flame Barrier"],"picked":"SKIP","floor":2},{"not_picked":["Headbutt","Reckless Charge"],"picked":"Flex","floor":3},{"not_picked":["Feel No Pain","Hemokinesis"],"picked":"Inflame","floor":4},{"not_picked":["Immolate","Body Slam"],"picked":"Shrug It Off","floor":5},{"not_picked":["Cleave","Thunderclap"],"picked":"Headbutt","floor":7},{"not_picked":["Dual Wield","Wild Strike","Second Wind"],"picked":"SKIP","floor":8},{"not_picked":["Iron Wave+1","Wild Strike+1","Flame Barrier"],"picked":"SKIP","floor":10},{"not_picked":["Body Slam+1","Juggernaut"],"picked":"Headbutt+1","floor":13},{"not_picked":["Flex","Body Slam+1","Shrug It Off"],"picked":"SKIP","floor":14},{"not_picked":["Offering","Immolate+1"],"picked":"Demon Form","floor":16},{"not_picked":["Ghostly Armor+1","Pommel Strike+1","Thunderclap+1"],"picked":"SKIP","floor":18},{"not_picked":["Clash+1","Wild Strike+1","Power Through"],"picked":"SKIP","floor":19},{"not_picked":["Disarm+1","Headbutt+1","Pommel Strike+1"],"picked":"SKIP","floor":22},{"not_picked":["Armaments","Inflame+1"],"picked":"Twin Strike+1","floor":24},{"not_picked":["Flame Barrier","Iron Wave+1","Blood for Blood+1"],"picked":"SKIP","floor":25}],"player_experience":36927,"relics_obtained":[{"floor":7,"key":"Vajra"},{"floor":9,"key":"Molten Egg 2"},{"floor":10,"key":"Pen Nib"},{"floor":26,"key":"Pocketwatch"}],"event_choices":[{"event_name":"Golden Idol","player_choice":"Take Damage","floor":11,"damage_taken":0},{"event_name":"Drug Dealer","player_choice":"Got JAX","floor":21,"damage_taken":0}],"is_beta":false,"boss_relics":[{"not_picked":["Runic Dome","Lizard Tail"],"picked":"Eternal Feather"}],"items_purged_floors":[20],"is_endless":false,"potions_floor_spawned":[2,4,5,7,13,14,19,22],"killed_by":"Snake Plant","ascension_level":0}