{"gold_per_floor":[119,119,135,155,31,31,56,56,102,122,141,160,193,220,232,348,360,387,417,446,458,484,496,534,546,558,603,615,640,652,683,695,707],"floor_reached":33,"playtime":1437,"items_purged":[],"score":401,"play_id":"54024465-ed65-461e-9cfc-609d12752303","local_time":"20190301225434","is_ascension_mode":true,"campfire_choices":[{"data":"Armaments","floor":6,"key":"SMITH"},{"data":"Metallicize","floor":8,"key":"SMITH"},{"data":"Whirlwind","floor":15,"key":"SMITH"},{"data":"Feed","floor":23,"key":"SMITH"},{"floor":25,"key":"REST"},{"floor":30,"key":"REST"},{"floor":32,"key":"REST"}],"neow_cost":"NONE","seed_source_timestamp":188629959363500,"circlet_count":0,"master_deck":["Strike_R+1","Strike_R+1","Strike_R+1","Strike_R+1","Strike_R+1","Defend_R+1","Defend_R+1","Defend_R+1","Defend_R+1","Bash","Headbutt","Headbutt","Metallicize+1","Impervious","Armaments+1","Spot Weakness","Whirlwind+1","Clash","Perfected Strike","Thunderclap","Shockwave","Feed+1","Infernal Blade+1","Flame Barrier+1","Flex","True Grit","Demon Form+1","Twin Strike"],"relics":["Burning Blood","Lantern","Potion Belt","PreservedInsect","MawBank","White Beast Statue","Frozen Egg 2","Gremlin Horn","Bronze Scales"],"potions_floor_usage":[3,12,13,16,16,24,24,24,24,33,33,33,33,33],"damage_taken":[{"damage":0,"enemies":"Small Slimes","floor":1,"turns":2},{"damage":0,"enemies":"Cultist","floor":3,"turns":2},{"damage":8,"enemies":"Jaw Worm","floor":4,"turns":4},{"damage":14,"enemies":"Lagavulin","floor":7,"turns":8},{"damage":3,"enemies":"Large Slime","floor":10,"turns":5},{"damage":7,"enemies":"2 Fungi Beasts","floor":11,"turns":4},{"damage":1,"enemies":"Gremlin Gang","floor":12,"turns":3},{"damage":6,"enemies":"Gremlin Nob","floor":13,"turns":3},{"damage":0,"enemies":"Lots of Slimes","floor":14,"turns":1},{"damage":9,"enemies":"Slime Boss","floor":16,"turns":11},{"damage":0,"enemies":"3 Byrds","floor":18,"turns":3},{"damage":11,"enemies":"2 Thieves","floor":19,"turns":4},{"damage":25,"enemies":"Cultist and Chosen","floor":20,"turns":7},{"damage":7,"enemies":"Snecko","floor":22,"turns":3},{"damage":29,"enemies":"Book of Stabbing","floor":24,"turns":6},{"damage":24,"enemies":"Slavers","floor":27,"turns":4},{"damage":18,"enemies":"Snake Plant","floor":29,"turns":4},{"damage":6,"enemies":"3 Cultists","floor":31,"turns":4},{"damage":118,"enemies":"Champ","floor":33,"turns":9}],"seed_played":"1874944876726543489","potions_obtained":[{"floor":2,"key":"Energy Potion"},{"floor":2,"key":"Fruit Juice"},{"floor":2,"key":"Swift Potion"},{"floor":4,"key":"Explosive Potion"},{"floor":7,"key":"AttackPotion"},{"floor":10,"key":"FearPotion"},{"floor":16,"key":"Dexterity Potion"},{"floor":18,"key":"SpeedPotion"},{"floor":19,"key":"Fire Potion"},{"floor":20,"key":"Weak Potion"},{"floor":22,"key":"Ancient Potion"},{"floor":24,"key":"Regen Potion"},{"floor":27,"key":"SkillPotion"},{"floor":29,"key":"FearPotion"},{"floor":31,"key":"FearPotion"}],"is_trial":false,"path_per_floor":["M","?","M","M","$","R","E","R","T","M","M","M","E","M","R","B",null,"M","M","M","?","M","R","E","R","T","E","?","M","R","M","R","B"],"character_chosen":"IRONCLAD","items_purchased":["Impervious","Armaments"],"campfire_rested":3,"item_purchase_floors":[5,5],"current_hp_per_floor":[80,80,85,83,83,83,75,75,75,78,77,82,82,85,85,82,84,85,83,64,64,63,63,44,71,71,53,53,41,68,72,96,0],"gold":707,"neow_bonus":"RANDOM_COMMON_RELIC","is_prod":false,"is_daily":false,"chose_seed":false,"campfire_upgraded":4,"win_rate":0,"timestamp":1551477274,"path_taken":["M","?","M","M","?","R","E","R","T","M","M","?","E","M","R","BOSS","M","M","M","?","M","R","E","R","T","E","?","?","R","?","R","BOSS"],"build_version":"2019-01-23","purchased_purges":0,"victory":false,"max_hp_per_floor":[80,80,85,85,85,85,85,85,85,85,85,85,85,85,85,85,85,85,88,88,88,88,88,92,92,92,92,92,92,92,96,96,96],"card_choices":[{"not_picked":["Twin Strike","Thunderclap"],"picked":"Headbutt","floor":1},{"not_picked":["Fire Breathing","Iron Wave"],"picked":"Headbutt","floor":3},{"not_picked":["Sword Boomerang","Dropkick"],"picked":"Metallicize","floor":4},{"not_picked":["Anger","Reckless Charge"],"picked":"Spot Weakness","floor":7},{"not_picked":["Disarm","Limit Break"],"picked":"Whirlwind","floor":10},{"not_picked":["Corruption","Armaments"],"picked":"Clash","floor":11},{"not_picked":["Body Slam","Brutality"],"picked":"Perfected Strike","floor":12},{"not_picked":["Fire Breathing","Cleave"],"picked":"Thunderclap","floor":13},{"not_picked":["Evolve","Heavy Blade"],"picked":"Shockwave","floor":14},{"not_picked":["Barricade","Limit Break"],"picked":"Feed","floor":16},{"not_picked":["Rampage+1","Havoc+1"],"picked":"Infernal Blade+1","floor":18},{"not_picked":["Flex","Anger"],"picked":"Flame Barrier+1","floor":19},{"not_picked":["Wild Strike","Iron Wave"],"picked":"Flex","floor":20},{"not_picked":["Iron Wave","Shockwave","Wild Strike"],"picked":"SKIP","floor":22},{"not_picked":["Flex","Armaments+1"],"picked":"True Grit","floor":24},{"not_picked":["Headbutt","Flex"],"picked":"Demon Form+1","floor":27},{"not_picked":["Sentinel","Dropkick"],"picked":"Twin Strike","floor":29},{"not_picked":["Flex+1","Power Through+1","Disarm"],"picked":"SKIP","floor":31}],"player_experience":371433,"relics_obtained":[{"floor":7,"key":"Potion Belt"},{"floor":9,"key":"PreservedInsect"},{"floor":13,"key":"MawBank"},{"floor":24,"key":"Frozen Egg 2"},{"floor":26,"key":"Gremlin Horn"},{"floor":27,"key":"Bronze Scales"}],"event_choices":[{"damage_healed":0,"gold_gain":0,"player_choice":"Got Potions","damage_taken":0,"max_hp_gain":0,"max_hp_loss":0,"event_name":"Lab","floor":2,"gold_loss":0},{"damage_healed":0,"gold_gain":0,"player_choice":"Simplicity","damage_taken":0,"max_hp_gain":0,"max_hp_loss":0,"event_name":"Back to Basics","floor":21,"gold_loss":0,"cards_upgraded":["Strike_R","Strike_R","Strike_R","Strike_R","Strike_R","Defend_R","Defend_R","Defend_R","Defend_R"]},{"damage_healed":0,"gold_gain":0,"player_choice":"Ignored","damage_taken":0,"max_hp_gain":0,"max_hp_loss":0,"event_name":"N\u0027loth","floor":28,"gold_loss":0}],"is_beta":false,"boss_relics":[{"not_picked":["Empty Cage","Snecko Eye"],"picked":"White Beast Statue"}],"items_purged_floors":[],"is_endless":false,"potions_floor_spawned":[4,7,10,11,16,18,19,20,22,24,27,29,31],"killed_by":"Champ","ascension_level":5}