{"gold_per_floor":[111,123,123,136,152,180,180,209,209,219,144,144,144,159,159,259,259,275,105,123,123,140,140,140],"floor_reached":24,"playtime":1910,"items_purged":["Strike_R","Evolve+1"],"score":254,"play_id":"9e6c4e3c-b91a-423c-89f4-0e45f17cde1b","local_time":"20181004213232","is_ascension_mode":true,"campfire_choices":[{"data":"Pommel Strike","floor":7,"key":"SMITH"},{"data":"Uppercut","floor":12,"key":"SMITH"},{"floor":15,"key":"REST"},{"data":"Pommel Strike","floor":23,"key":"SMITH"}],"neow_cost":"TEN_PERCENT_HP_LOSS","seed_source_timestamp":392807564032933,"circlet_count":0,"master_deck":["Strike_R","Strike_R+1","Defend_R","Defend_R","Defend_R","Bash","Feed+1","Ghostly Armor+1","Pommel Strike+1","Uppercut+1","Feed","Iron Wave+1","Carnage+1","Armaments+1","Reaper","Pommel Strike+1"],"relics":["Burning Blood","Blood Vial","Bottled Flame","Matryoshka","Astrolabe"],"potions_floor_usage":[8,8,16,24],"damage_taken":[{"damage":8,"enemies":"Jaw Worm","floor":1,"turns":4},{"damage":9,"enemies":"2 Louse","floor":2,"turns":3},{"damage":4,"enemies":"Small Slimes","floor":4,"turns":4},{"damage":21,"enemies":"2 Fungi Beasts","floor":5,"turns":4},{"damage":15,"enemies":"Gremlin Nob","floor":6,"turns":4},{"damage":39,"enemies":"Lagavulin","floor":8,"turns":7},{"damage":6,"enemies":"Blue Slaver","floor":10,"turns":4},{"damage":8,"enemies":"Looter","floor":14,"turns":3},{"damage":31,"enemies":"Hexaghost","floor":16,"turns":9},{"damage":19,"enemies":"Spheric Guardian","floor":18,"turns":5},{"damage":20,"enemies":"Shell Parasite","floor":20,"turns":5},{"damage":19,"enemies":"Snake Plant","floor":22,"turns":4},{"damage":80,"enemies":"Gremlin Leader","floor":24,"turns":7}],"seed_played":"-927824654076407408","potions_obtained":[{"floor":2,"key":"PowerPotion"},{"floor":4,"key":"PowerPotion"},{"floor":6,"key":"AttackPotion"},{"floor":18,"key":"SpeedPotion"}],"is_trial":false,"path_per_floor":["M","M","?","M","M","E","R","E","T","M","$","R","?","M","R","B",null,"M","$","M","$","M","R"],"character_chosen":"IRONCLAD","items_purchased":["Reaper"],"campfire_rested":1,"item_purchase_floors":[19],"current_hp_per_floor":[73,73,73,79,68,63,63,32,32,38,38,38,19,19,47,28,98,85,85,77,77,66,66,0],"gold":140,"neow_bonus":"THREE_RARE_CARDS","is_prod":false,"is_daily":false,"chose_seed":false,"campfire_upgraded":3,"win_rate":0,"timestamp":1538706752,"path_taken":["M","M","?","M","M","E","R","E","T","M","?","R","?","M","R","BOSS","M","$","M","$","M","R","E"],"build_version":"2018-10-04","purchased_purges":2,"victory":false,"max_hp_per_floor":[75,78,78,82,86,90,90,90,90,94,94,94,94,94,94,98,98,98,98,102,102,102,102,102],"card_choices":[{"not_picked":["Juggernaut","Dark Embrace"],"picked":"Feed","floor":0},{"not_picked":["Warcry","Dual Wield"],"picked":"Ghostly Armor","floor":1},{"not_picked":["Combust","Twin Strike","Warcry"],"picked":"SKIP","floor":2},{"not_picked":["Intimidate","Sword Boomerang","Clash"],"picked":"SKIP","floor":4},{"not_picked":["Feel No Pain","Perfected Strike","Fire Breathing"],"picked":"SKIP","floor":5},{"not_picked":["Dropkick","Twin Strike"],"picked":"Pommel Strike","floor":6},{"not_picked":["Battle Trance","Cleave","Anger"],"picked":"SKIP","floor":8},{"not_picked":["Dual Wield","Shrug It Off"],"picked":"Uppercut","floor":10},{"not_picked":["Body Slam","Flex","Entrench"],"picked":"SKIP","floor":14},{"not_picked":["Berserk","Bludgeon"],"picked":"Feed","floor":16},{"not_picked":["Hemokinesis","Warcry"],"picked":"Armaments+1","floor":18},{"not_picked":["Spot Weakness","Perfected Strike"],"picked":"Pommel Strike","floor":20},{"not_picked":["Second Wind","Iron Wave","Hemokinesis"],"picked":"SKIP","floor":22}],"player_experience":104096,"relics_obtained":[{"floor":6,"key":"Blood Vial"},{"floor":8,"key":"Bottled Flame"},{"floor":9,"key":"Matryoshka"}],"event_choices":[{"event_name":"Living Wall","player_choice":"Grow","floor":3,"damage_taken":0},{"event_name":"Shining Light","player_choice":"Entered Light","floor":13,"damage_taken":0}],"is_beta":false,"boss_relics":[{"not_picked":["Black Blood","Calling Bell"],"picked":"Astrolabe"}],"items_purged_floors":[11,19],"is_endless":false,"potions_floor_spawned":[2,4,6,18],"killed_by":"Gremlin Leader","ascension_level":2}