{"gold_per_floor":[112,132,150,50,50,50,75,75,102,117,117,133,166,183,183,279,279,247,162,174,74,85,85,85,85,133,8,8],"floor_reached":28,"playtime":1547,"items_purged":["Strike_R","Strike_R","Decay"],"score":296,"play_id":"41a54560-2828-4397-b9ac-ddfe6e8eb27a","local_time":"20181124225357","is_ascension_mode":true,"campfire_choices":[{"floor":6,"key":"RECALL"},{"data":"Pommel Strike","floor":8,"key":"SMITH"},{"data":"Body Slam","floor":15,"key":"SMITH"},{"data":"Barricade","floor":23,"key":"SMITH"}],"neow_cost":"NONE","seed_source_timestamp":947932988110434,"circlet_count":0,"master_deck":["Defend_R","Defend_R","Defend_R","Defend_R","Bash","Iron Wave","Shrug It Off","Pommel Strike+1","Body Slam+1","Juggernaut","Barricade+1","Cleave+1","Ghostly Armor+1","Armaments"],"relics":["Burning Blood","Blood Vial","Bag of Marbles","Juzu Bracelet","Red Skull","Empty Cage","Orichalcum"],"potions_floor_usage":[7,13,16,16,28],"damage_taken":[{"damage":6,"enemies":"Cultist","floor":1,"turns":3},{"damage":0,"enemies":"2 Louse","floor":2,"turns":2},{"damage":0,"enemies":"Small Slimes","floor":3,"turns":3},{"damage":19,"enemies":"3 Sentries","floor":7,"turns":10},{"damage":1,"enemies":"3 Louse","floor":10,"turns":3},{"damage":3,"enemies":"Looter","floor":12,"turns":3},{"damage":16,"enemies":"Gremlin Nob","floor":13,"turns":4},{"damage":17,"enemies":"Lots of Slimes","floor":14,"turns":5},{"damage":32,"enemies":"Hexaghost","floor":16,"turns":10},{"damage":25,"enemies":"2 Thieves","floor":18,"turns":5},{"damage":7,"enemies":"Chosen","floor":20,"turns":4},{"damage":30,"enemies":"Shelled Parasite and Fungi","floor":22,"turns":9},{"damage":34,"enemies":"Book of Stabbing","floor":28,"turns":4}],"seed_played":"8020494299455210247","potions_obtained":[{"floor":3,"key":"AttackPotion"},{"floor":10,"key":"EssenceOfSteel"},{"floor":13,"key":"EssenceOfSteel"},{"floor":14,"key":"AttackPotion"},{"floor":20,"key":"LiquidBronze"}],"is_trial":false,"path_per_floor":["M","M","M","$","?","R","E","R","T","M","?","M","E","M","R","B",null,"M","?","M","$","M","R","?","?","T","$","E"],"character_chosen":"IRONCLAD","items_purchased":["Pommel Strike"],"campfire_rested":0,"item_purchase_floors":[4],"current_hp_per_floor":[74,80,80,80,80,80,67,67,67,74,74,79,70,61,61,37,69,52,52,53,53,31,31,31,31,31,31,0],"gold":8,"neow_bonus":"RANDOM_COMMON_RELIC","is_prod":false,"is_daily":false,"chose_seed":false,"campfire_upgraded":3,"win_rate":0,"timestamp":1543121637,"path_taken":["M","M","M","?","?","R","E","R","T","M","?","M","E","M","R","BOSS","M","?","M","$","M","R","?","?","T","$","E"],"build_version":"2018-11-15","purchased_purges":3,"victory":false,"max_hp_per_floor":[80,80,80,80,80,80,80,80,80,80,80,80,80,80,80,80,80,80,80,80,80,80,80,80,80,80,80,80],"card_choices":[{"not_picked":["Cleave","Twin Strike","Pummel"],"picked":"SKIP","floor":1},{"not_picked":["Second Wind","Body Slam"],"picked":"Iron Wave","floor":2},{"not_picked":["Sword Boomerang","Corruption"],"picked":"Shrug It Off","floor":3},{"not_picked":["Searing Blow","Warcry","Sword Boomerang"],"picked":"SKIP","floor":7},{"not_picked":["Sever Soul","Dropkick","Havoc"],"picked":"SKIP","floor":10},{"not_picked":["Anger","Heavy Blade","Sword Boomerang"],"picked":"SKIP","floor":12},{"not_picked":["Infernal Blade","Dropkick"],"picked":"Body Slam","floor":13},{"not_picked":["Heavy Blade","Wild Strike"],"picked":"Juggernaut","floor":14},{"not_picked":["Exhume","Juggernaut"],"picked":"Barricade","floor":16},{"not_picked":["Perfected Strike+1","Armaments"],"picked":"Cleave+1","floor":18},{"not_picked":["Headbutt","Clash"],"picked":"Ghostly Armor+1","floor":20},{"not_picked":["Ghostly Armor","Heavy Blade"],"picked":"Armaments","floor":22}],"player_experience":227101,"relics_obtained":[{"floor":7,"key":"Bag of Marbles"},{"floor":9,"key":"Juzu Bracelet"},{"floor":13,"key":"Red Skull"}],"event_choices":[{"damage_healed":0,"gold_gain":0,"player_choice":"Ignored","damage_taken":0,"max_hp_gain":0,"max_hp_loss":0,"event_name":"Liars Game","floor":5,"gold_loss":0},{"cards_removed":["Strike_R"],"damage_healed":0,"gold_gain":0,"player_choice":"Forget","damage_taken":0,"max_hp_gain":0,"max_hp_loss":0,"event_name":"Living Wall","floor":11,"gold_loss":0},{"damage_healed":0,"gold_gain":0,"player_choice":"Obtained Relic","damage_taken":0,"relics_obtained":["Orichalcum"],"max_hp_gain":0,"max_hp_loss":0,"event_name":"Addict","floor":19,"gold_loss":85},{"damage_healed":0,"gold_gain":0,"player_choice":"Ignored","damage_taken":0,"max_hp_gain":0,"max_hp_loss":0,"event_name":"The Mausoleum","floor":24,"gold_loss":0},{"damage_healed":0,"gold_gain":0,"player_choice":"Smashed Altar","damage_taken":0,"max_hp_gain":0,"max_hp_loss":0,"event_name":"Forgotten Altar","floor":25,"gold_loss":0,"cards_obtained":["Decay"]}],"is_beta":false,"boss_relics":[{"not_picked":["Snecko Eye","Pandora\u0027s Box"],"picked":"Empty Cage"}],"items_purged_floors":[4,21,27],"is_endless":false,"potions_floor_spawned":[3,10,13,14,20],"killed_by":"Book of Stabbing","ascension_level":6}