{"gold_per_floor":[113,127,144,144,158,187,24,24,24,41,57,57,57,77,77,77],"floor_reached":16,"playtime":724,"items_purged":[],"score":192,"play_id":"bfd48400-673b-4bc6-b38b-19ef2ef19d99","local_time":"20190305005600","is_ascension_mode":true,"campfire_choices":[{"data":"Hemokinesis","floor":13,"key":"SMITH"},{"data":"Metallicize","floor":15,"key":"SMITH"}],"neow_cost":"CURSE","seed_source_timestamp":90049081000691,"circlet_count":0,"master_deck":["AscendersBane","Strike_R","Strike_R","Strike_R","Strike_R","Strike_R","Defend_R","Defend_R","Defend_R","Defend_R","Bash","Hemokinesis+1","Bloodletting","Offering","Spot Weakness","Dropkick","Metallicize+1","Thunderclap","Shrug It Off"],"relics":["Burning Blood","Bird Faced Urn","Nunchaku","Pen Nib","Self Forming Clay"],"potions_floor_usage":[5,16,16],"damage_taken":[{"damage":12,"enemies":"2 Louse","floor":1,"turns":3},{"damage":10,"enemies":"Jaw Worm","floor":2,"turns":3},{"damage":11,"enemies":"Small Slimes","floor":3,"turns":3},{"damage":12,"enemies":"3 Louse","floor":5,"turns":5},{"damage":32,"enemies":"3 Sentries","floor":6,"turns":7},{"damage":10,"enemies":"Lots of Slimes","floor":10,"turns":4},{"damage":9,"enemies":"Looter","floor":11,"turns":3},{"damage":8,"enemies":"Gremlin Gang","floor":14,"turns":5},{"damage":20,"enemies":"The Guardian","floor":16,"turns":8}],"seed_played":"6302977131335783911","potions_obtained":[{"floor":1,"key":"Poison Potion"},{"floor":6,"key":"FearPotion"},{"floor":10,"key":"LiquidBronze"}],"is_trial":false,"path_per_floor":["M","M","M","?","M","E","$","?","T","M","M","?","R","M","R","B"],"character_chosen":"IRONCLAD","items_purchased":["Pen Nib"],"campfire_rested":0,"item_purchase_floors":[7],"current_hp_per_floor":[62,58,53,53,47,21,21,21,21,17,16,16,16,16,16,0],"gold":77,"neow_bonus":"ONE_RARE_RELIC","is_prod":false,"is_daily":false,"chose_seed":false,"campfire_upgraded":2,"win_rate":0,"timestamp":1551765360,"path_taken":["M","M","M","?","M","E","$","?","T","?","M","?","R","M","R","BOSS"],"build_version":"2019-01-23","purchased_purges":0,"victory":false,"max_hp_per_floor":[75,75,75,72,72,72,72,72,72,72,72,72,72,72,72,72],"card_choices":[{"not_picked":["Sentinel","Twin Strike"],"picked":"Hemokinesis","floor":1},{"not_picked":["Body Slam","Flex"],"picked":"Bloodletting","floor":2},{"not_picked":["Carnage","Whirlwind"],"picked":"Offering","floor":3},{"not_picked":["Second Wind","Anger"],"picked":"Spot Weakness","floor":5},{"not_picked":["Carnage","Inflame"],"picked":"Dropkick","floor":6},{"not_picked":["Anger","Flex"],"picked":"Metallicize","floor":10},{"not_picked":["Sword Boomerang","Flex"],"picked":"Thunderclap","floor":11},{"not_picked":["Iron Wave","Rampage"],"picked":"Shrug It Off","floor":14}],"player_experience":853926,"relics_obtained":[{"floor":6,"key":"Nunchaku"},{"floor":9,"key":"Self Forming Clay"}],"event_choices":[{"cards_removed":["Parasite"],"damage_healed":0,"gold_gain":0,"player_choice":"Forget","damage_taken":0,"max_hp_gain":0,"max_hp_loss":0,"event_name":"Living Wall","floor":4,"gold_loss":0},{"damage_healed":0,"gold_gain":0,"player_choice":"Searched \u00271\u0027 times","damage_taken":0,"max_hp_gain":0,"max_hp_loss":0,"event_name":"Dead Adventurer","floor":8,"gold_loss":0},{"damage_healed":0,"gold_gain":0,"player_choice":"Ignored","damage_taken":0,"max_hp_gain":0,"max_hp_loss":0,"event_name":"Liars Game","floor":12,"gold_loss":0}],"is_beta":false,"boss_relics":[],"items_purged_floors":[],"is_endless":false,"potions_floor_spawned":[1,6,10],"killed_by":"The Guardian","ascension_level":17}