{"gold_per_floor":[113,130,130,63,74,100,100,128,128,161,175,194,221,146,146,245,245,256,331,231,241,258,290,290,305,331,349,376,183,98,74,74,171,171,191,208,208,223,73,99,99,99,99,125,141,168,120,137,137,137],"floor_reached":51,"playtime":2732,"items_purged":["Strike_R","Anger","Combust+1","Clothesline"],"score":897,"play_id":"c65a5bf0-c7af-440a-b364-e99413fb78dc","local_time":"20190307195317","is_ascension_mode":true,"campfire_choices":[{"data":"Bash","floor":7,"key":"SMITH"},{"data":"Entrench","floor":15,"key":"SMITH"},{"data":"Limit Break","floor":24,"key":"SMITH"},{"data":"True Grit","floor":32,"key":"SMITH"},{"data":"Burning Pact","floor":42,"key":"SMITH"},{"data":"Offering","floor":49,"key":"SMITH"}],"neow_cost":"NONE","seed_source_timestamp":383847670444910,"circlet_count":0,"master_deck":["Bash+1","Spot Weakness","Shrug It Off+1","Entrench+1","Limit Break+1","Brutality+1","Disarm+1","Juggernaut+1","Reaper+1","Body Slam+1","Shrug It Off+1","Shrug It Off+1","Burning Pact+1","True Grit+1","Offering+1","Body Slam+1","Body Slam+1"],"relics":["Burning Blood","Mercury Hourglass","Charon\u0027s Ashes","Frozen Egg 2","Torii","Magic Flower","Omamori","Pandora\u0027s Box","Art of War","War Paint","Self Forming Clay","Dodecahedron","Philosopher\u0027s Stone","Whetstone","Regal Pillow","Letter Opener","Bronze Scales"],"potions_floor_usage":[8,10,16,22,27,28,50,50,50],"damage_taken":[{"damage":2,"enemies":"Small Slimes","floor":1,"turns":4},{"damage":0,"enemies":"2 Louse","floor":2,"turns":2},{"damage":4,"enemies":"Cultist","floor":5,"turns":3},{"damage":14,"enemies":"Gremlin Nob","floor":6,"turns":4},{"damage":19,"enemies":"Lagavulin","floor":8,"turns":8},{"damage":9,"enemies":"3 Sentries","floor":10,"turns":4},{"damage":2,"enemies":"Exordium Wildlife","floor":11,"turns":5},{"damage":9,"enemies":"Red Slaver","floor":12,"turns":4},{"damage":26,"enemies":"Lagavulin","floor":13,"turns":10},{"damage":9,"enemies":"The Guardian","floor":16,"turns":18},{"damage":21,"enemies":"Shell Parasite","floor":18,"turns":5},{"damage":9,"enemies":"3 Byrds","floor":21,"turns":3},{"damage":40,"enemies":"Shelled Parasite and Fungi","floor":22,"turns":6},{"damage":41,"enemies":"Book of Stabbing","floor":23,"turns":7},{"damage":26,"enemies":"Chosen and Byrds","floor":25,"turns":5},{"damage":7,"enemies":"3 Cultists","floor":27,"turns":4},{"damage":54,"enemies":"Slavers","floor":28,"turns":6},{"damage":7,"enemies":"Automaton","floor":33,"turns":7},{"damage":26,"enemies":"3 Darklings","floor":35,"turns":4},{"damage":2,"enemies":"3 Shapes","floor":36,"turns":3},{"damage":19,"enemies":"3 Darklings","floor":38,"turns":4},{"damage":11,"enemies":"Reptomancer","floor":40,"turns":5},{"damage":10,"enemies":"Nemesis","floor":44,"turns":5},{"damage":7,"enemies":"4 Shapes","floor":45,"turns":2},{"damage":8,"enemies":"Reptomancer","floor":46,"turns":3},{"damage":9,"enemies":"Sphere and 2 Shapes","floor":48,"turns":3},{"damage":7,"enemies":"Awakened One","floor":50,"turns":5}],"seed_played":"3392338302886294493","potions_obtained":[{"floor":1,"key":"Fire Potion"},{"floor":5,"key":"GamblersBrew"},{"floor":6,"key":"EssenceOfSteel"},{"floor":10,"key":"SpeedPotion"},{"floor":13,"key":"Dexterity Potion"},{"floor":18,"key":"SteroidPotion"},{"floor":21,"key":"Weak Potion"},{"floor":25,"key":"Explosive Potion"},{"floor":27,"key":"Block Potion"},{"floor":35,"key":"Weak Potion"},{"floor":38,"key":"Dexterity Potion"}],"is_trial":false,"path_per_floor":["M","M","?","?","M","E","R","E","T","E","M","M","E","$","R","B",null,"M","?","$","M","M","E","R","M","T","M","E","$","?","$","R","B",null,"M","M","?","M","$","E","?","R","T","E","M","E","$","M","R","B",null],"character_chosen":"IRONCLAD","items_purchased":["Burning Pact","True Grit","Dexterity Potion"],"campfire_rested":0,"item_purchase_floors":[29,31,47],"current_hp_per_floor":[88,88,88,88,88,80,80,67,67,64,71,71,54,54,54,54,88,86,78,78,81,70,64,64,73,73,81,75,75,75,75,75,77,88,88,88,88,88,88,88,88,88,88,87,88,88,88,88,88,88],"gold":137,"neow_bonus":"TEN_PERCENT_HP_BONUS","is_prod":false,"is_daily":false,"chose_seed":false,"campfire_upgraded":6,"win_rate":0,"timestamp":1551984797,"path_taken":["M","M","?","?","M","E","R","E","T","E","?","M","E","$","R","BOSS","M","?","$","?","M","E","R","?","T","M","E","$","?","?","R","BOSS","M","M","?","M","$","E","?","R","T","E","M","E","$","?","R","BOSS"],"build_version":"2019-01-23","purchased_purges":4,"victory":true,"max_hp_per_floor":[88,88,88,88,88,88,88,88,88,88,88,88,88,88,88,88,88,88,88,88,88,88,88,88,88,88,88,88,88,88,88,88,88,88,88,88,88,88,88,88,88,88,88,88,88,88,88,88,88,88],"card_choices":[{"not_picked":["Power Through","Metallicize"],"picked":"Clothesline","floor":1},{"not_picked":["Havoc","Sword Boomerang"],"picked":"Spot Weakness","floor":2},{"not_picked":["Iron Wave","Thunderclap","Clothesline"],"picked":"SKIP","floor":5},{"not_picked":["Havoc","Cleave","Iron Wave"],"picked":"SKIP","floor":6},{"not_picked":["Impervious","Barricade","Sever Soul"],"picked":"SKIP","floor":8},{"not_picked":["Sword Boomerang","Metallicize+1"],"picked":"Shrug It Off","floor":10},{"not_picked":["Iron Wave","Feel No Pain+1"],"picked":"Entrench","floor":11},{"not_picked":["Inflame+1","Sever Soul","Uppercut"],"picked":"SKIP","floor":12},{"not_picked":["Armaments","Spot Weakness","Feel No Pain+1"],"picked":"SKIP","floor":13},{"not_picked":["Exhume","Juggernaut+1"],"picked":"Limit Break","floor":16},{"not_picked":["Inflame+1","Headbutt"],"picked":"Body Slam+1","floor":18},{"not_picked":["Cleave+1","Dropkick","Anger"],"picked":"SKIP","floor":21},{"not_picked":["Iron Wave","Twin Strike","Clash"],"picked":"SKIP","floor":22},{"not_picked":["Perfected Strike+1","Searing Blow","Flex+1"],"picked":"SKIP","floor":23},{"not_picked":["Infernal Blade","Thunderclap","Twin Strike+1"],"picked":"SKIP","floor":25},{"not_picked":["Body Slam","Warcry"],"picked":"Shrug It Off+1","floor":27},{"not_picked":["Immolate","Clothesline"],"picked":"Shrug It Off+1","floor":28},{"not_picked":["Demon Form+1","Limit Break"],"picked":"Offering","floor":33},{"not_picked":["Anger+1","Havoc","Cleave+1"],"picked":"SKIP","floor":35},{"not_picked":["Rupture+1","Entrench","Feel No Pain+1"],"picked":"SKIP","floor":36},{"not_picked":["Disarm+1","Pommel Strike"],"picked":"Body Slam+1","floor":38},{"not_picked":["Shrug It Off+1","Feed"],"picked":"Body Slam","floor":40},{"not_picked":["Heavy Blade","Flex","Perfected Strike+1"],"picked":"SKIP","floor":44},{"not_picked":["Armaments+1","Shrug It Off","Rampage"],"picked":"SKIP","floor":45},{"not_picked":["Combust+1","Body Slam+1","Double Tap"],"picked":"SKIP","floor":46},{"not_picked":["Warcry","Anger+1","Body Slam"],"picked":"SKIP","floor":48}],"player_experience":1080953,"relics_obtained":[{"floor":6,"key":"Charon\u0027s Ashes"},{"floor":8,"key":"Frozen Egg 2"},{"floor":9,"key":"Torii"},{"floor":10,"key":"Magic Flower"},{"floor":13,"key":"Omamori"},{"floor":23,"key":"Art of War"},{"floor":26,"key":"War Paint"},{"floor":28,"key":"Self Forming Clay"},{"floor":40,"key":"Whetstone"},{"floor":43,"key":"Regal Pillow"},{"floor":44,"key":"Letter Opener"},{"floor":46,"key":"Bronze Scales"}],"event_choices":[{"cards_removed":["Strike_R"],"damage_healed":0,"gold_gain":0,"player_choice":"Forget","damage_taken":0,"max_hp_gain":0,"max_hp_loss":0,"event_name":"Living Wall","floor":3,"gold_loss":0},{"damage_healed":0,"gold_gain":0,"player_choice":"Paid Gold","damage_taken":0,"relics_obtained":["Mercury Hourglass"],"max_hp_gain":0,"max_hp_loss":0,"event_name":"WeMeetAgain","floor":4,"gold_loss":67},{"damage_healed":0,"gold_gain":75,"player_choice":"Touch","damage_taken":8,"max_hp_gain":0,"max_hp_loss":0,"event_name":"FaceTrader","floor":19,"gold_loss":0},{"damage_healed":0,"gold_gain":0,"player_choice":"Obtained Relic","damage_taken":0,"relics_obtained":["Dodecahedron"],"max_hp_gain":0,"max_hp_loss":0,"event_name":"Addict","floor":30,"gold_loss":85},{"cards_removed":["Juggernaut"],"damage_healed":0,"gold_gain":0,"player_choice":"Removed Power","damage_taken":0,"max_hp_gain":0,"max_hp_loss":0,"event_name":"Falling","floor":37,"gold_loss":0},{"damage_healed":0,"gold_gain":0,"player_choice":"Got Potions","damage_taken":0,"max_hp_gain":0,"max_hp_loss":0,"event_name":"Lab","floor":41,"gold_loss":0}],"is_beta":false,"boss_relics":[{"not_picked":["Lizard Tail","Empty Cage"],"picked":"Pandora\u0027s Box"},{"not_picked":["Runic Cube","Astrolabe"],"picked":"Philosopher\u0027s Stone"}],"items_purged_floors":[14,20,29,39],"is_endless":false,"potions_floor_spawned":[1,5,6,10,13,18,21,25,27,35,38,44],"ascension_level":1}