{"path_per_floor":["M","M","$","M","M","E","R","?","T","R","E","M","E","M","R","B",null,"M","M","?","?","$","E","R","?","T","M","R","M","$","M","R","B",null,"M","?","M","$","?","R","E","R","T","?","M","R","$","M","R","B"],"character_chosen":"THE_SILENT","items_purchased":["Infinite Blades","Leg Sweep","Venomology","Noxious Fumes","Dexterity Potion"],"gold_per_floor":[218,234,11,26,45,71,71,71,71,71,98,115,142,156,156,252,252,272,282,207,207,69,97,97,97,120,132,132,149,49,65,65,165,195,215,215,215,20,20,20,51,51,131,131,141,141,89,103,103,103],"floor_reached":51,"campfire_rested":1,"playtime":4707,"current_hp_per_floor":[70,70,70,70,68,56,56,53,53,53,40,40,34,34,34,34,70,49,49,49,49,49,30,30,30,30,38,38,35,35,35,35,31,75,68,68,68,68,68,68,68,68,68,68,56,56,56,63,85,84],"items_purged":["Strike_G","Strike_G","Strike_G"],"gold":103,"score":740,"play_id":"8c1ca2c3-a3a8-4c86-9166-975b2ab60b43","local_time":"20180511022932","is_prod":false,"is_daily":false,"chose_seed":false,"is_ascension_mode":false,"campfire_upgraded":9,"timestamp":1526020172,"path_taken":["M","M","$","?","M","E","R","?","T","R","E","M","E","?","R","BOSS","M","M","?","?","$","E","R","?","T","?","R","?","$","?","R","BOSS","M","?","M","$","?","R","E","R","T","?","M","R","?","?","R","BOSS"],"build_version":"2018-05-10","seed_source_timestamp":158724470895221,"purchased_purges":3,"victory":true,"master_deck":["Defend_G+1","Defend_G+1","Defend_G+1","Defend_G+1","Defend_G+1","Survivor","Neutralize+1","Acrobatics","Backflip","Infinite Blades+1","Leg Sweep","Well Laid Plans+1","Calculated Gamble","Quick Slash+1","Tactician+1","Flying Knee","Sucker Punch+1","Malaise+1","Venomology","Poisoned Stab+1","Caltrops","Dash+1","Glass Knife","PiercingWail+1","Tactician+1","Noxious Fumes+1","Backflip+1","Dagger Throw","Deadly Poison+1","Backflip+1"],"max_hp_per_floor":[70,70,70,70,70,70,70,70,70,70,70,70,70,70,70,70,70,70,70,70,70,70,70,70,70,70,70,70,70,70,70,70,70,75,75,75,75,75,75,75,85,85,85,85,85,85,85,85,85,85],"relics":["Ring of the Snake","Art of War","Letter Opener","Bronze Scales","Kunai","Lantern","White Beast Statue","Anchor","Gambling Chip","Prayer Wheel","Tiny House","Pear","Toolbox"],"card_choices":[{"not_picked":["Bane","Outmaneuver"],"picked":"Acrobatics","floor":1},{"not_picked":["PiercingWail","Underhanded Strike"],"picked":"Backflip","floor":2},{"not_picked":["Deadly Poison","Dagger Throw"],"picked":"Well Laid Plans","floor":4},{"not_picked":["Acrobatics","Bane"],"picked":"Calculated Gamble","floor":5},{"not_picked":["Reflex","Dodge and Roll"],"picked":"Quick Slash","floor":6},{"not_picked":["Acrobatics","Masterful Stab"],"picked":"Tactician","floor":11},{"not_picked":["Well Laid Plans","Deflect"],"picked":"Flying Knee","floor":13},{"not_picked":["Bouncing Flask","Acrobatics"],"picked":"Sucker Punch","floor":14},{"not_picked":["Quick Slash","Underhanded Strike"],"picked":"Malaise","floor":19},{"not_picked":["Well Laid Plans","Crippling Poison"],"picked":"Poisoned Stab","floor":23},{"not_picked":["Quick Slash","Crippling Poison"],"picked":"Caltrops","floor":29},{"not_picked":["All Out Attack","Calculated Gamble"],"picked":"Dash","floor":31},{"not_picked":["Tools of the Trade","Corpse Explosion"],"picked":"Glass Knife","floor":33},{"not_picked":["Flying Knee","Dagger Throw"],"picked":"PiercingWail","floor":34},{"not_picked":["Caltrops","Crippling Poison"],"picked":"Backflip","floor":41},{"not_picked":["PiercingWail","Acrobatics"],"picked":"Dagger Throw","floor":43},{"not_picked":["Bouncing Flask","Blade Dance"],"picked":"Deadly Poison","floor":45},{"not_picked":["Deadly Poison","All Out Attack"],"picked":"Backflip","floor":48}],"player_experience":83859,"potions_floor_usage":[18,23,23,27,27,29,31,33,35,37,41,45,48,50,50,50],"damage_taken":[{"damage":0,"enemies":"Cultist","floor":1,"turns":6},{"damage":0,"enemies":"Jaw Worm","floor":2,"turns":5},{"damage":0,"enemies":"2 Louse","floor":4,"turns":4},{"damage":2,"enemies":"Large Slime","floor":5,"turns":11},{"damage":12,"enemies":"3 Sentries","floor":6,"turns":10},{"damage":13,"enemies":"Gremlin Nob","floor":11,"turns":5},{"damage":0,"enemies":"Exordium Thugs","floor":12,"turns":5},{"damage":6,"enemies":"3 Sentries","floor":13,"turns":8},{"damage":0,"enemies":"Blue Slaver","floor":14,"turns":2},{"damage":0,"enemies":"Hexaghost","floor":16,"turns":11},{"damage":21,"enemies":"2 Thieves","floor":18,"turns":4},{"damage":0,"enemies":"3 Byrds","floor":19,"turns":3},{"damage":34,"enemies":"Gremlin Leader","floor":23,"turns":11},{"damage":4,"enemies":"Snake Plant","floor":27,"turns":5},{"damage":3,"enemies":"Chosen and Byrds","floor":29,"turns":6},{"damage":0,"enemies":"Snecko","floor":31,"turns":4},{"damage":19,"enemies":"Champ","floor":33,"turns":20},{"damage":14,"enemies":"Flame Bruiser 1 Orb","floor":35,"turns":10},{"damage":0,"enemies":"3 Shapes","floor":37,"turns":1},{"damage":10,"enemies":"Giant Head","floor":41,"turns":11},{"damage":12,"enemies":"Sphere and 2 Shapes","floor":45,"turns":5},{"damage":8,"enemies":"Maw","floor":48,"turns":8},{"damage":1,"enemies":"Time Eater","floor":50,"turns":17}],"event_choices":[{"event_name":"Scrap Ooze","player_choice":"success","floor":8,"damage_taken":3},{"event_name":"Beggar","player_choice":"Gave Gold","floor":20,"damage_taken":0},{"event_name":"The Mausoleum","player_choice":"Yes","floor":21,"damage_taken":0},{"event_name":"Back to Basics","player_choice":"Simplicity","floor":25,"damage_taken":0},{"event_name":"Match and Keep!","player_choice":"1 cards matched","floor":36,"damage_taken":0},{"event_name":"Mysterious Sphere","player_choice":"Ignore","floor":39,"damage_taken":0}],"boss_relics":[{"not_picked":["Lizard Tail","Black Star"],"picked":"White Beast Statue"},{"not_picked":["Velvet Choker","Calling Bell"],"picked":"Tiny House"}],"potions_floor_spawned":[4,5,6,12,13,14,18,19,23,27,29,31,33,35,37,41,45,48],"seed_played":"-101434465006234549","ascension_level":0,"is_trial":false}