{"path_per_floor":["M","?","?","M","?","E","M","M","T","E","M","$","R","M","R","B",null,"M","?","?","M"],"character_chosen":"DEFECT","items_purchased":["Art of War"],"gold_per_floor":[115,115,115,131,206,241,254,274,299,327,337,115,115,135,135,239,239,251,251,251,261,261],"floor_reached":22,"campfire_rested":2,"playtime":1143,"item_purchase_floors":[12],"current_hp_per_floor":[67,67,60,59,48,18,12,19,26,22,7,7,31,20,44,6,82,40,40,40,4,0],"items_purged":["Strike_B"],"gold":261,"score":196,"play_id":"733ffc73-fc49-4081-8dca-4d8026e8fa28","local_time":"20180612122505","is_prod":false,"is_daily":false,"chose_seed":false,"is_ascension_mode":false,"campfire_upgraded":0,"win_rate":0.0,"timestamp":1528820705,"campfire_choices":[{"floor":13,"key":"REST"},{"floor":15,"key":"REST"}],"path_taken":["M","?","?","M","?","E","M","M","T","E","M","$","R","M","R","BOSS","M","?","?","M","M"],"build_version":"2018-06-07v3","seed_source_timestamp":646659294405242,"purchased_purges":1,"victory":false,"master_deck":["Strike_B","Defend_B","Defend_B","Defend_B","Defend_B","Zap","Dualcast","Normality","Electrodynamics","Gash","Regret","Ball Lightning","White Noise","Amplify","Go for the Eyes","Gash","Echo Form","Steam","Defragment+1"],"max_hp_per_floor":[75,75,75,75,75,75,75,75,82,82,82,82,82,82,82,82,82,82,82,82,82,82],"relics":["Cracked Core","Oddly Smooth Stone","Ancient Tea Set","Strawberry","Dodecahedron","Art of War","Inserter"],"card_choices":[{"not_picked":["Biased Cognition","Creative AI"],"picked":"Electrodynamics","floor":0},{"not_picked":["Cold Snap","Aggregate"],"picked":"Gash","floor":1},{"not_picked":["Stack","Compile Driver"],"picked":"Ball Lightning","floor":4},{"not_picked":["Leap","Beam Cell"],"picked":"White Noise","floor":6},{"not_picked":["Defragment","Cold Snap"],"picked":"Amplify","floor":7},{"not_picked":["Fusion","Sweeping Beam"],"picked":"Go for the Eyes","floor":8},{"not_picked":["Hologram","Cold Snap","Rebound"],"picked":"SKIP","floor":10},{"not_picked":["Steam","Creative AI"],"picked":"Gash","floor":11},{"not_picked":["Conserve Battery","Coolheaded","Rebound"],"picked":"SKIP","floor":14},{"not_picked":["Amplify","Reboot"],"picked":"Echo Form","floor":16},{"not_picked":["Capacitor","Cold Snap+1"],"picked":"Steam","floor":18},{"not_picked":["Beam Cell","Barrage"],"picked":"Defragment+1","floor":21}],"player_experience":647737,"potions_floor_usage":[16,16,21,21,22],"damage_taken":[{"damage":8,"enemies":"Jaw Worm","floor":1,"turns":4},{"damage":1,"enemies":"Small Slimes","floor":4,"turns":3},{"damage":30,"enemies":"Gremlin Nob","floor":6,"turns":4},{"damage":6,"enemies":"2 Louse","floor":7,"turns":2},{"damage":0,"enemies":"2 Fungi Beasts","floor":8,"turns":2},{"damage":4,"enemies":"3 Sentries","floor":10,"turns":4},{"damage":15,"enemies":"Blue Slaver","floor":11,"turns":3},{"damage":11,"enemies":"Looter","floor":14,"turns":3},{"damage":38,"enemies":"Slime Boss","floor":16,"turns":7},{"damage":49,"enemies":"2 Thieves","floor":18,"turns":4},{"damage":36,"enemies":"3 Byrds","floor":21,"turns":4},{"damage":5,"enemies":"Centurion and Healer","floor":22,"turns":3}],"relics_obtained":[{"floor":6,"key":"Ancient Tea Set"},{"floor":9,"key":"Strawberry"},{"floor":10,"key":"Dodecahedron"}],"event_choices":[{"event_name":"Big Fish","player_choice":"Box","floor":2,"damage_taken":0},{"event_name":"Golden Wing","player_choice":"Card Removal","floor":3,"damage_taken":0},{"event_name":"World of Goop","player_choice":"Gather Gold","floor":5,"damage_taken":0},{"event_name":"Ghosts","player_choice":"Ignored","floor":19,"damage_taken":0},{"event_name":"Back to Basics","player_choice":"Elegance","floor":20,"damage_taken":0}],"boss_relics":[{"not_picked":["Runic Pyramid","Eternal Feather"],"picked":"Inserter"}],"items_purged_floors":[12],"potions_floor_spawned":[6,7,8,11,18,21],"seed_played":"4756278469169838998","killed_by":"Centurion and Healer","ascension_level":0,"potions_obtained":[{"floor":6,"key":"Swift Potion"},{"floor":7,"key":"Swift Potion"},{"floor":8,"key":"Poison Potion"},{"floor":18,"key":"PowerPotion"},{"floor":21,"key":"AttackPotion"}],"is_trial":false}