{"gold_per_floor":[110,129,149,149,74,74,113,129,129,172,172,197,197,213,213,344,344,365,365,385,5,23,57,57,7,80,80,105,149,149,165,165,295,295,310,329,239,259,259,302,302,320,320,320,343,343,358,58,58,58,58,58,58,97,97],"floor_reached":55,"playtime":5347,"items_purged":["Strike_B","Strike_B"],"score":1122,"play_id":"a8ccedd1-3f46-4e54-aaa8-85bcaf9e62b6","local_time":"20190223042118","is_ascension_mode":true,"campfire_choices":[{"data":"Sweeping Beam","floor":6,"key":"SMITH"},{"floor":11,"key":"REST"},{"data":"Conserve Battery","floor":13,"key":"SMITH"},{"data":"Glacier","floor":15,"key":"SMITH"},{"data":"Zap","floor":24,"key":"SMITH"},{"data":"Reinforced Body","floor":27,"key":"SMITH"},{"floor":30,"key":"RECALL"},{"data":"1","floor":32,"key":"LIFT"},{"data":"Echo Form","floor":41,"key":"SMITH"},{"data":"2","floor":44,"key":"LIFT"},{"data":"Dualcast","floor":49,"key":"SMITH"},{"data":"Coolheaded","floor":52,"key":"SMITH"}],"neow_cost":"NONE","seed_source_timestamp":192419360136944,"circlet_count":0,"master_deck":["Strike_B","Defend_B","Defend_B+1","Defend_B+1","Defend_B+1","Zap+1","Dualcast+1","Trip","Sweeping Beam+1","Self Repair","Cold Snap","White Noise","Reinforced Body+1","Glacier+1","Conserve Battery+1","Steam","Echo Form+1","Coolheaded+1","Coolheaded+1","Steam","Loop+1","Coolheaded+1"],"relics":["Cracked Core","Golden Idol","Pantograph","Calipers","Girya","Runic Dome","Nilry\u0027s Codex","PreservedInsect","Centennial Puzzle","DataDisk","Eternal Feather","Ancient Tea Set","Bottled Lightning","Incense Burner","War Paint"],"potions_floor_usage":[7,10,10,16,23,23,28,29,33,50,50,55],"damage_taken":[{"damage":0,"enemies":"2 Louse","floor":1,"turns":3},{"damage":4,"enemies":"Jaw Worm","floor":2,"turns":3},{"damage":1,"enemies":"Cultist","floor":3,"turns":3},{"damage":39,"enemies":"Gremlin Nob","floor":7,"turns":5},{"damage":8,"enemies":"2 Fungi Beasts","floor":8,"turns":3},{"damage":9,"enemies":"3 Sentries","floor":10,"turns":4},{"damage":0,"enemies":"Exordium Wildlife","floor":12,"turns":3},{"damage":1,"enemies":"Exordium Thugs","floor":14,"turns":6},{"damage":9,"enemies":"The Guardian","floor":16,"turns":17},{"damage":13,"enemies":"3 Byrds","floor":18,"turns":5},{"damage":5,"enemies":"Spheric Guardian","floor":20,"turns":7},{"damage":0,"enemies":"Centurion and Healer","floor":22,"turns":15},{"damage":10,"enemies":"Book of Stabbing","floor":23,"turns":6},{"damage":3,"enemies":"Snecko","floor":28,"turns":6},{"damage":15,"enemies":"Gremlin Leader","floor":29,"turns":7},{"damage":24,"enemies":"Chosen and Byrds","floor":31,"turns":7},{"damage":9,"enemies":"Champ","floor":33,"turns":17},{"damage":1,"enemies":"3 Darklings","floor":35,"turns":5},{"damage":0,"enemies":"3 Shapes","floor":36,"turns":10},{"damage":4,"enemies":"3 Darklings","floor":38,"turns":10},{"damage":0,"enemies":"Nemesis","floor":40,"turns":11},{"damage":43,"enemies":"Transient","floor":42,"turns":5},{"damage":0,"enemies":"Maw","floor":45,"turns":13},{"damage":42,"enemies":"Jaw Worm Horde","floor":47,"turns":6},{"damage":0,"enemies":"Time Eater","floor":50,"turns":15},{"damage":36,"enemies":"Shield and Spear","floor":54,"turns":15},{"damage":197,"enemies":"The Heart","floor":55,"turns":21}],"seed_played":"1635712076023145894","potions_obtained":[{"floor":1,"key":"Block Potion"},{"floor":7,"key":"PowerPotion"},{"floor":8,"key":"Strength Potion"},{"floor":12,"key":"Poison Potion"},{"floor":18,"key":"PowerPotion"},{"floor":22,"key":"AttackPotion"},{"floor":29,"key":"Dexterity Potion"},{"floor":31,"key":"FocusPotion"},{"floor":33,"key":"FocusPotion"},{"floor":36,"key":"PowerPotion"},{"floor":54,"key":"AttackPotion"}],"is_trial":false,"path_per_floor":["M","M","M","?","$","R","E","M","T","E","R","M","R","M","R","B",null,"M","?","M","$","M","E","R","$","T","R","M","E","R","M","R","B",null,"M","M","?","M","$","E","R","M","T","R","M","?","M","$","R","B",null,"R","$","E","B"],"character_chosen":"DEFECT","items_purchased":["PreservedInsect","FocusPotion","Steam","Energy Potion","Incense Burner"],"campfire_rested":1,"item_purchase_floors":[21,21,21,25,48],"current_hp_per_floor":[68,64,70,52,52,52,20,19,19,17,39,46,46,45,45,68,73,74,58,67,67,75,72,72,72,72,72,75,67,67,50,50,73,75,75,75,75,75,75,75,75,46,46,58,72,72,37,37,49,75,75,75,75,53,0],"gold":97,"neow_bonus":"RANDOM_COLORLESS","is_prod":false,"is_daily":false,"chose_seed":false,"campfire_upgraded":8,"win_rate":0,"timestamp":1550913678,"path_taken":["M","M","M","?","$","R","E","M","T","E","R","M","R","M","R","BOSS","M","?","M","$","M","E","R","$","T","R","M","E","R","M","R","BOSS","M","M","?","?","$","E","R","M","T","R","M","?","M","$","R","BOSS","R","$","E","BOSS"],"build_version":"2019-01-23","purchased_purges":2,"victory":false,"max_hp_per_floor":[75,75,75,75,75,75,75,75,75,75,75,75,75,75,75,75,75,75,75,75,75,75,75,75,75,75,75,75,75,75,75,75,75,75,75,75,75,75,75,75,75,75,75,75,75,75,75,75,75,75,75,75,75,75,75],"card_choices":[{"not_picked":["Scrape","Beam Cell"],"picked":"Sweeping Beam","floor":1},{"not_picked":["Cold Snap","Turbo"],"picked":"Self Repair","floor":2},{"not_picked":["Hello World","FTL"],"picked":"Cold Snap","floor":3},{"not_picked":["Melter","Steam Power"],"picked":"White Noise","floor":7},{"not_picked":["Beam Cell","Leap"],"picked":"Reinforced Body","floor":8},{"not_picked":["Gash","Conserve Battery"],"picked":"Glacier","floor":10},{"not_picked":["Rebound","Ball Lightning"],"picked":"Conserve Battery","floor":12},{"not_picked":["Gash","Rebound"],"picked":"Steam","floor":14},{"not_picked":["Reboot","Buffer"],"picked":"Echo Form","floor":16},{"not_picked":["Conserve Battery+1","Darkness"],"picked":"Coolheaded","floor":18},{"not_picked":["Redo","Heatsinks"],"picked":"Coolheaded+1","floor":20},{"not_picked":["Reprogram","Go for the Eyes+1","Coolheaded"],"picked":"SKIP","floor":22},{"not_picked":["Static Discharge","FTL","Turbo"],"picked":"SKIP","floor":23},{"not_picked":["Fusion+1","Darkness","Storm"],"picked":"SKIP","floor":28},{"not_picked":["Buffer","Coolheaded","Redo"],"picked":"SKIP","floor":29},{"not_picked":["Chill","Genetic Algorithm+1","Cold Snap+1"],"picked":"SKIP","floor":31},{"not_picked":["Stack+1","Cold Snap+1"],"picked":"Loop+1","floor":35},{"not_picked":["Sweeping Beam","Redo","Scrape+1"],"picked":"SKIP","floor":36},{"not_picked":["Self Repair+1","Beam Cell","Turbo+1"],"picked":"SKIP","floor":38},{"not_picked":["Capacitor+1","Consume+1","Sunder"],"picked":"SKIP","floor":40},{"not_picked":["Go for the Eyes+1","Storm"],"picked":"Coolheaded+1","floor":42},{"not_picked":["Go for the Eyes","Steam+1","Compile Driver"],"picked":"SKIP","floor":45},{"not_picked":["Ball Lightning","Leap","Rebound+1"],"picked":"SKIP","floor":47},{"not_picked":["Stack+1","Force Field","Barrage+1"],"picked":"SKIP","floor":54}],"player_experience":691142,"relics_obtained":[{"floor":7,"key":"Pantograph"},{"floor":9,"key":"Calipers"},{"floor":10,"key":"Girya"},{"floor":19,"key":"Nilry\u0027s Codex"},{"floor":23,"key":"Centennial Puzzle"},{"floor":29,"key":"DataDisk"},{"floor":40,"key":"Ancient Tea Set"},{"floor":43,"key":"Bottled Lightning"},{"floor":54,"key":"War Paint"}],"event_choices":[{"damage_healed":0,"gold_gain":0,"player_choice":"Take Damage","damage_taken":18,"relics_obtained":["Golden Idol"],"max_hp_gain":0,"max_hp_loss":0,"event_name":"Golden Idol","floor":4,"gold_loss":0},{"damage_healed":0,"gold_gain":0,"player_choice":"Obtained Book","damage_taken":16,"max_hp_gain":0,"max_hp_loss":0,"event_name":"Cursed Tome","floor":19,"gold_loss":0},{"cards_removed":["Strike_B"],"damage_healed":0,"gold_gain":0,"player_choice":"Upgrade and Remove","damage_taken":0,"max_hp_gain":0,"max_hp_loss":0,"event_name":"Designer","floor":37,"gold_loss":90,"cards_upgraded":["Defend_B"]},{"damage_healed":0,"gold_gain":0,"player_choice":"Ignored","damage_taken":0,"max_hp_gain":0,"max_hp_loss":0,"event_name":"Tomb of Lord Red Mask","floor":46,"gold_loss":0}],"is_beta":false,"boss_relics":[{"not_picked":["Black Star","Orrery"],"picked":"Runic Dome"},{"not_picked":["Tiny House","Cursed Key"],"picked":"Eternal Feather"}],"items_purged_floors":[5,21],"is_endless":false,"potions_floor_spawned":[1,7,8,12,18,22,29,31,33,36,47,54],"killed_by":"The Heart","ascension_level":9}