{"gold_per_floor":[110,110,120,144,144,144,176,195,220,235,269,285,285,39,39,134,134,147,163,175,191,46,80,80,114,114,148,148,148,161,179,179,282,282,298,298,314,389,301,332,332,360,410,410,424,434,31,31,31,31,31,31,4,30,30],"floor_reached":55,"playtime":4659,"items_purged":["Strike_B","Strike_B","Strike_B"],"score":1034,"play_id":"7faca24f-0ec9-47cd-a571-c41d540d9415","local_time":"20190214222320","is_ascension_mode":true,"campfire_choices":[{"data":"Dualcast","floor":6,"key":"SMITH"},{"data":"Go for the Eyes","floor":15,"key":"SMITH"},{"floor":24,"key":"REST"},{"floor":29,"key":"REST"},{"floor":32,"key":"REST"},{"floor":41,"key":"REST"},{"floor":44,"key":"REST"},{"floor":49,"key":"RECALL"},{"floor":52,"key":"REST"}],"neow_cost":"NONE","seed_source_timestamp":147415411865736,"circlet_count":0,"master_deck":["Strike_B","Defend_B","Defend_B","Defend_B","Defend_B","Zap+1","Dualcast+1","Rebound","Chill+1","Cold Snap","Barrage","Ball Lightning","Go for the Eyes+1","Biased Cognition","Hyperbeam","Cold Snap","Undo+1","Core Surge","Biased Cognition","Compile Driver","Skim+1","Rainbow","Echo Form","Darkness+1","Static Discharge+1","Stack","Capacitor","Apotheosis+1","Glacier"],"relics":["Cracked Core","NeowsBlessing","Smiling Mask","PreservedInsect","Oddly Smooth Stone","Anchor","Fusion Hammer","Dream Catcher","Potion Belt","The Courier","Strawberry","Ice Cream","Snecko Eye","Unceasing Top","Symbiotic Virus","Vajra","OrangePellets","War Paint"],"potions_floor_usage":[10,16,33,33,40,40,50,50,54,55],"damage_taken":[{"damage":0,"enemies":"Cultist","floor":1,"turns":1},{"damage":0,"enemies":"Jaw Worm","floor":3,"turns":1},{"damage":0,"enemies":"Lagavulin","floor":7,"turns":1},{"damage":0,"enemies":"Small Slimes","floor":8,"turns":2},{"damage":8,"enemies":"Gremlin Gang","floor":10,"turns":4},{"damage":5,"enemies":"3 Sentries","floor":11,"turns":4},{"damage":5,"enemies":"Blue Slaver","floor":12,"turns":3},{"damage":25,"enemies":"The Guardian","floor":16,"turns":10},{"damage":7,"enemies":"Shell Parasite","floor":18,"turns":3},{"damage":2,"enemies":"2 Thieves","floor":19,"turns":3},{"damage":1,"enemies":"Centurion and Healer","floor":20,"turns":7},{"damage":8,"enemies":"Snecko","floor":21,"turns":6},{"damage":12,"enemies":"Book of Stabbing","floor":23,"turns":4},{"damage":0,"enemies":"Slavers","floor":25,"turns":2},{"damage":24,"enemies":"Gremlin Leader","floor":27,"turns":7},{"damage":15,"enemies":"Shelled Parasite and Fungi","floor":30,"turns":3},{"damage":0,"enemies":"Snake Plant","floor":31,"turns":5},{"damage":16,"enemies":"Automaton","floor":33,"turns":9},{"damage":13,"enemies":"Orb Walker","floor":35,"turns":4},{"damage":0,"enemies":"3 Shapes","floor":37,"turns":2},{"damage":41,"enemies":"Giant Head","floor":40,"turns":9},{"damage":22,"enemies":"Reptomancer","floor":42,"turns":7},{"damage":0,"enemies":"Sphere and 2 Shapes","floor":45,"turns":3},{"damage":25,"enemies":"3 Darklings","floor":46,"turns":4},{"damage":2,"enemies":"Donu and Deca","floor":50,"turns":7},{"damage":31,"enemies":"Shield and Spear","floor":54,"turns":7},{"damage":58,"enemies":"The Heart","floor":55,"turns":5}],"seed_played":"-8733515947821802509","potions_obtained":[{"floor":3,"key":"Energy Potion"},{"floor":7,"key":"Energy Potion"},{"floor":8,"key":"Dexterity Potion"},{"floor":12,"key":"Explosive Potion"},{"floor":16,"key":"SkillPotion"},{"floor":18,"key":"Ancient Potion"},{"floor":19,"key":"FocusPotion"},{"floor":25,"key":"Poison Potion"},{"floor":30,"key":"Fire Potion"},{"floor":31,"key":"SteroidPotion"},{"floor":35,"key":"Poison Potion"},{"floor":45,"key":"Swift Potion"},{"floor":48,"key":"LiquidBronze"},{"floor":48,"key":"FairyPotion"},{"floor":48,"key":"GamblersBrew"}],"is_trial":false,"path_per_floor":["M","?","M","T","?","R","E","M","T","M","E","M","?","$","R","B",null,"M","M","M","M","$","E","R","E","T","E","T","R","M","M","R","B",null,"M","?","M","?","$","E","R","E","T","R","M","M","$","?","R","B",null,"R","$","E","B"],"character_chosen":"DEFECT","items_purchased":["Biased Cognition","SteroidPotion","Core Surge","Block Potion","OrangePellets","Capacitor","Apotheosis","Glacier"],"campfire_rested":6,"item_purchase_floors":[14,14,22,39,47,47,47,53],"current_hp_per_floor":[68,68,68,68,68,68,68,68,68,60,55,50,50,50,50,25,63,56,54,53,45,45,33,55,55,55,38,38,62,47,47,71,55,75,62,62,62,55,55,14,37,15,15,38,38,13,13,13,13,11,61,78,78,47,0],"gold":30,"neow_bonus":"THREE_ENEMY_KILL","is_prod":false,"is_daily":false,"chose_seed":false,"campfire_upgraded":2,"win_rate":0,"timestamp":1550201000,"path_taken":["M","?","M","?","?","R","E","M","T","?","E","M","?","$","R","BOSS","M","M","M","M","$","E","R","E","T","E","?","R","M","M","R","BOSS","M","?","M","?","$","E","R","E","T","R","?","M","$","?","R","BOSS","R","$","E","BOSS"],"build_version":"2019-01-23","purchased_purges":3,"victory":false,"max_hp_per_floor":[75,75,75,75,75,75,75,75,75,75,75,75,75,75,75,75,75,75,75,75,75,75,75,75,75,75,82,82,82,82,82,82,82,82,82,78,78,78,78,78,78,78,78,78,78,78,78,78,78,78,78,78,78,78,78],"card_choices":[{"not_picked":["Steam","Leap"],"picked":"Rebound","floor":1},{"not_picked":["Hologram","Self Repair"],"picked":"Chill","floor":3},{"not_picked":["Blizzard","Ball Lightning"],"picked":"Cold Snap","floor":7},{"not_picked":["Blizzard","Gash"],"picked":"Barrage","floor":8},{"not_picked":["Redo","Hello World","Sweeping Beam"],"picked":"SKIP","floor":10},{"not_picked":["Reinforced Body","White Noise"],"picked":"Ball Lightning","floor":11},{"not_picked":["Turbo","Hologram"],"picked":"Go for the Eyes","floor":12},{"not_picked":["Fission","Machine Learning"],"picked":"Hyperbeam","floor":16},{"not_picked":["Conserve Battery","Go for the Eyes"],"picked":"Cold Snap","floor":18},{"not_picked":["Conserve Battery","Tempest"],"picked":"Undo+1","floor":19},{"not_picked":["Beam Cell","Go for the Eyes","Heatsinks+1"],"picked":"SKIP","floor":20},{"not_picked":["Streamline","Leap+1","Sweeping Beam"],"picked":"SKIP","floor":21},{"not_picked":["Sweeping Beam+1","Go for the Eyes"],"picked":"Biased Cognition","floor":23},{"not_picked":["Coolheaded+1","Stack"],"picked":"Compile Driver","floor":25},{"not_picked":["Leap","Recycle","Static Discharge"],"picked":"SKIP","floor":27},{"not_picked":["Auto Shields","Cold Snap"],"picked":"Skim+1","floor":29},{"not_picked":["Melter","Redo","Chaos"],"picked":"SKIP","floor":30},{"not_picked":["Turbo+1","Cold Snap+1"],"picked":"Rainbow","floor":31},{"not_picked":["Biased Cognition","Buffer"],"picked":"Echo Form","floor":33},{"not_picked":["Ball Lightning+1","Sweeping Beam+1","Streamline+1"],"picked":"SKIP","floor":35},{"not_picked":["Ball Lightning+1","Storm+1","Redo"],"picked":"SKIP","floor":37},{"not_picked":["Amplify","Skim+1","Stack"],"picked":"SKIP","floor":40},{"not_picked":["Rebound+1","Streamline"],"picked":"Darkness+1","floor":42},{"not_picked":["Chaos","Conserve Battery"],"picked":"Static Discharge+1","floor":45},{"not_picked":["BootSequence+1","Ball Lightning"],"picked":"Stack","floor":46},{"not_picked":["Redo","Rebound+1","Reboot"],"picked":"SKIP","floor":54}],"player_experience":1558986,"relics_obtained":[{"floor":4,"key":"Smiling Mask"},{"floor":7,"key":"PreservedInsect"},{"floor":11,"key":"Oddly Smooth Stone"},{"floor":23,"key":"Dream Catcher"},{"floor":25,"key":"Potion Belt"},{"floor":26,"key":"The Courier"},{"floor":27,"key":"Strawberry"},{"floor":28,"key":"Ice Cream"},{"floor":40,"key":"Unceasing Top"},{"floor":42,"key":"Symbiotic Virus"},{"floor":43,"key":"Vajra"},{"floor":54,"key":"War Paint"}],"event_choices":[{"damage_healed":0,"gold_gain":0,"player_choice":"Ignored","damage_taken":0,"max_hp_gain":0,"max_hp_loss":0,"event_name":"Liars Game","floor":2,"gold_loss":0},{"damage_healed":0,"gold_gain":0,"player_choice":"Upgraded","damage_taken":0,"max_hp_gain":0,"max_hp_loss":0,"event_name":"Upgrade Shrine","floor":5,"gold_loss":0,"cards_upgraded":["Zap"]},{"damage_healed":0,"gold_gain":0,"player_choice":"Gave Potion","damage_taken":0,"relics_obtained":["Anchor"],"max_hp_gain":0,"max_hp_loss":0,"event_name":"WeMeetAgain","floor":13,"gold_loss":0},{"damage_healed":0,"gold_gain":0,"player_choice":"Max HP","damage_taken":0,"max_hp_gain":0,"max_hp_loss":4,"event_name":"Winding Halls","floor":36,"gold_loss":0},{"damage_healed":0,"gold_gain":75,"player_choice":"Touch","damage_taken":7,"max_hp_gain":0,"max_hp_loss":0,"event_name":"FaceTrader","floor":38,"gold_loss":0},{"damage_healed":0,"gold_gain":0,"player_choice":"Got Potions","damage_taken":0,"max_hp_gain":0,"max_hp_loss":0,"event_name":"Lab","floor":48,"gold_loss":0}],"is_beta":false,"boss_relics":[{"not_picked":["Astrolabe","Orrery"],"picked":"Fusion Hammer"},{"not_picked":["Runic Dome","Pandora\u0027s Box"],"picked":"Snecko Eye"}],"items_purged_floors":[14,39,47],"is_endless":false,"potions_floor_spawned":[3,7,8,12,16,18,19,25,30,31,35,45],"killed_by":"The Heart","ascension_level":6}