{"gold_per_floor":[112,38,53,53,63,63,93,106,133,133,208,208,208,239,239,334,384,394,409,409,422,432,432,449,449,475,507,507,536,17,77,77,77],"floor_reached":33,"playtime":4085,"items_purged":[],"score":369,"play_id":"3ea9deba-63d3-4ed6-b424-df3747d1cc92","local_time":"20190208200208","is_ascension_mode":true,"campfire_choices":[{"data":"Shockwave","floor":6.0,"key":"SMITH"},{"floor":10.0,"key":"RECALL"},{"data":"Immolate","floor":13.0,"key":"SMITH"},{"floor":15.0,"key":"REST"},{"floor":23,"key":"REST"},{"data":"Barricade","floor":25,"key":"SMITH"},{"floor":28,"key":"REST"},{"data":"Limit Break","floor":32,"key":"SMITH"}],"neow_cost":"NONE","seed_source_timestamp":0,"circlet_count":0,"master_deck":["Strike_R","Strike_R","Strike_R","Strike_R","Defend_R","Defend_R","Defend_R+1","Defend_R","Bash","Bludgeon","Body Slam","Shockwave+1","Warcry+1","Immolate+1","Thunderclap","Shrug It Off","Flame Barrier+1","Barricade+1","Whirlwind","Seeing Red+1","Clash","Flex","Heavy Blade+1","Flex","Flex+1","Reaper","Flame Barrier","Shrug It Off","Body Slam","Limit Break+1"],"special_seed":0,"relics":["Burning Blood","War Paint","Tiny House","Nloth\u0027s Gift","Lantern","Vajra","Nunchaku","Strange Spoon","Omamori","Tiny Chest"],"potions_floor_usage":[24,27,27,29,31,33],"damage_taken":[{"damage":6.0,"enemies":"Cultist","floor":1.0,"turns":4.0},{"damage":0.0,"enemies":"Small Slimes","floor":3.0,"turns":2.0},{"damage":4.0,"enemies":"Jaw Worm","floor":5.0,"turns":3.0},{"damage":13.0,"enemies":"3 Sentries","floor":7.0,"turns":6.0},{"damage":0.0,"enemies":"3 Louse","floor":8.0,"turns":1.0},{"damage":14.0,"enemies":"Gremlin Nob","floor":14.0,"turns":3.0},{"damage":33.0,"enemies":"Slime Boss","floor":16.0,"turns":10.0},{"damage":51.0,"enemies":"Spheric Guardian","floor":18.0,"turns":15.0},{"damage":10.0,"enemies":"Chosen","floor":19.0,"turns":6.0},{"damage":18.0,"enemies":"Sentry and Sphere","floor":21.0,"turns":5.0},{"damage":0.0,"enemies":"3 Cultists","floor":22.0,"turns":2.0},{"damage":10,"enemies":"Shelled Parasite and Fungi","floor":24,"turns":6},{"damage":6,"enemies":"Gremlin Leader","floor":27,"turns":6},{"damage":29,"enemies":"Slavers","floor":29,"turns":2},{"damage":7,"enemies":"Gremlin Leader","floor":31,"turns":5},{"damage":92,"enemies":"Collector","floor":33,"turns":11}],"seed_played":"509427458286982936","potions_obtained":[{"floor":1.0,"key":"Energy Potion"},{"floor":3.0,"key":"Explosive Potion"},{"floor":5.0,"key":"SteroidPotion"},{"floor":17.0,"key":"Swift Potion"},{"floor":19.0,"key":"Explosive Potion"},{"floor":21.0,"key":"SteroidPotion"},{"floor":24,"key":"EntropicBrew"},{"floor":29,"key":"Dexterity Potion"}],"is_trial":false,"path_per_floor":["M","$","M","?","M","R","E","M","T","R","?","?","R","E","R","B",null,"M","M","?","M","M","R","M","R","T","E","R","E","$","E","R","B"],"character_chosen":"IRONCLAD","items_purchased":["Shockwave","Strange Spoon","Omamori","Flame Barrier","Shrug It Off","Body Slam"],"campfire_rested":3,"item_purchase_floors":[2,30,30,30,30,30],"current_hp_per_floor":[80,80,80,85,85,85,78,84,84,84,73,66,66,65,92,65,97,52,48,48,36,42,71,67,67,67,67,96,73,73,72,72,0],"gold":77,"neow_bonus":"ONE_RANDOM_RARE_CARD","is_prod":false,"is_daily":false,"chose_seed":false,"campfire_upgraded":4,"win_rate":0,"timestamp":1549684928,"path_taken":["M","?","M","?","M","R","E","M","T","R","?","?","R","E","R","BOSS","M","M","?","M","M","R","?","R","T","E","R","E","$","E","R","BOSS"],"build_version":"2019-01-23","purchased_purges":0,"victory":false,"max_hp_per_floor":[80,80,80,85,85,85,85,85,85,85,85,85,85,92,92,92,97,97,97,97,97,97,97,97,97,97,97,97,97,97,97,97,97],"card_choices":[{"not_picked":["Intimidate","Armaments"],"picked":"Body Slam","floor":1.0},{"not_picked":["Armaments","Perfected Strike"],"picked":"Warcry","floor":3.0},{"not_picked":["Disarm","Clothesline"],"picked":"Immolate","floor":5.0},{"not_picked":["Heavy Blade","Clothesline"],"picked":"Thunderclap","floor":7.0},{"not_picked":["Evolve","Havoc"],"picked":"Shrug It Off","floor":8.0},{"not_picked":["Spot Weakness","Anger"],"picked":"Flame Barrier","floor":14.0},{"not_picked":["Demon Form","Offering"],"picked":"Barricade","floor":16.0},{"not_picked":["Thunderclap","Armaments"],"picked":"Whirlwind","floor":17.0},{"not_picked":["Body Slam","Searing Blow"],"picked":"Seeing Red+1","floor":18.0},{"not_picked":["Perfected Strike","Rampage"],"picked":"Clash","floor":19.0},{"not_picked":["Sword Boomerang","Wild Strike"],"picked":"Flex","floor":21.0},{"not_picked":["Combust","Thunderclap"],"picked":"Heavy Blade+1","floor":22},{"not_picked":["Clothesline","Havoc"],"picked":"Flex","floor":24},{"not_picked":["Perfected Strike+1","Wild Strike"],"picked":"Flex+1","floor":27},{"not_picked":["Second Wind","Pommel Strike"],"picked":"Reaper","floor":29},{"not_picked":["Brutality","Clothesline"],"picked":"Limit Break","floor":31}],"player_experience":133938,"relics_obtained":[{"floor":7.0,"key":"War Paint"},{"floor":14.0,"key":"Strawberry"},{"floor":26,"key":"Lantern"},{"floor":27,"key":"Vajra"},{"floor":29,"key":"Nunchaku"},{"floor":31,"key":"Tiny Chest"}],"event_choices":[{"damage_healed":0.0,"max_hp_gain":5.0,"max_hp_loss":0.0,"gold_gain":0.0,"event_name":"Big Fish","player_choice":"Donut","floor":4.0,"gold_loss":0.0,"damage_taken":0.0},{"damage_healed":0.0,"max_hp_gain":0.0,"max_hp_loss":0.0,"gold_gain":75.0,"event_name":"World of Goop","player_choice":"Gather Gold","floor":11.0,"gold_loss":0.0,"damage_taken":11.0},{"cards_removed":["Strike_R"],"damage_healed":0.0,"max_hp_gain":0.0,"max_hp_loss":0.0,"gold_gain":0.0,"event_name":"Golden Wing","player_choice":"Card Removal","floor":12.0,"gold_loss":0.0,"damage_taken":7.0},{"damage_healed":0.0,"max_hp_gain":0.0,"max_hp_loss":0.0,"gold_gain":0.0,"event_name":"N\u0027loth","player_choice":"Traded Relic","floor":20.0,"relics_lost":["Strawberry"],"gold_loss":0.0,"damage_taken":0.0,"relics_obtained":["Nloth\u0027s Gift"]}],"is_beta":false,"boss_relics":[{"not_picked":["Cursed Key","Orrery"],"picked":"Tiny House"}],"items_purged_floors":[],"is_endless":false,"potions_floor_spawned":[1,3,5,19,21,24,29],"killed_by":"Collector","ascension_level":2}