{"gold_per_floor":[215,230,230,244,244,244,272,286,316,335,335,350,34,47,47,47],"floor_reached":16,"playtime":585,"items_purged":[],"score":161,"play_id":"3cb4633c-6bdb-4ad1-b87d-ac5a24a357ae","local_time":"20190224121226","is_ascension_mode":true,"campfire_choices":[{"data":"Zap","floor":6,"key":"SMITH"},{"data":"Sweeping Beam","floor":11,"key":"SMITH"},{"data":"Darkness","floor":15,"key":"SMITH"}],"neow_cost":"NONE","seed_source_timestamp":311865325518093,"circlet_count":0,"master_deck":["AscendersBane","Strike_B","Strike_B","Strike_B","Defend_B","Defend_B","Defend_B","Defend_B","Zap+1","Dualcast","Cold Snap","Hello World","Darkness+1","BootSequence","Rainbow","Sweeping Beam+1","Loop","Capacitor","Cold Snap+1"],"relics":["Cracked Core","Vajra","Matryoshka","Art of War","Tiny Chest","Molten Egg 2"],"potions_floor_usage":[10],"damage_taken":[{"damage":6,"enemies":"Jaw Worm","floor":1,"turns":4},{"damage":0,"enemies":"Small Slimes","floor":2,"turns":2},{"damage":0,"enemies":"2 Louse","floor":4,"turns":2},{"damage":21,"enemies":"Gremlin Nob","floor":7,"turns":4},{"damage":0,"enemies":"Looter","floor":8,"turns":3},{"damage":5,"enemies":"Exordium Wildlife","floor":10,"turns":3},{"damage":0,"enemies":"2 Fungi Beasts","floor":12,"turns":2},{"damage":3,"enemies":"Large Slime","floor":14,"turns":5},{"damage":29,"enemies":"Slime Boss","floor":16,"turns":3}],"seed_played":"322431388043804283","potions_obtained":[{"floor":2,"key":"Explosive Potion"},{"floor":7,"key":"Swift Potion"},{"floor":10,"key":"EssenceOfSteel"}],"is_trial":false,"path_per_floor":["M","M","?","M","?","R","E","M","T","M","R","M","$","M","R","B"],"character_chosen":"DEFECT","items_purchased":["Capacitor","Molten Egg 2"],"campfire_rested":0,"item_purchase_floors":[13,13],"current_hp_per_floor":[62,62,55,55,52,52,31,31,31,26,26,26,26,23,23,0],"gold":47,"neow_bonus":"HUNDRED_GOLD","is_prod":false,"is_daily":false,"chose_seed":false,"campfire_upgraded":3,"win_rate":0,"timestamp":1551028346,"path_taken":["M","M","?","M","?","R","E","?","T","M","R","M","$","M","R","BOSS"],"build_version":"2019-01-23","purchased_purges":0,"victory":false,"max_hp_per_floor":[75,75,75,75,75,75,75,75,75,75,75,75,75,75,75,75],"card_choices":[{"not_picked":["Barrage","Beam Cell"],"picked":"Cold Snap","floor":1},{"not_picked":["Double Energy","Recycle"],"picked":"Hello World","floor":2},{"not_picked":["Aggregate","Sunder"],"picked":"Darkness","floor":4},{"not_picked":["Streamline","FTL"],"picked":"BootSequence","floor":7},{"not_picked":["Barrage","Self Repair"],"picked":"Rainbow","floor":8},{"not_picked":["Gash","Stack"],"picked":"Sweeping Beam","floor":10},{"not_picked":["Rip and Tear","Rebound"],"picked":"Loop","floor":12},{"not_picked":["Redo","Turbo"],"picked":"Cold Snap+1","floor":14}],"player_experience":701915,"relics_obtained":[{"floor":7,"key":"Matryoshka"},{"floor":9,"key":"Art of War"},{"floor":9,"key":"Tiny Chest"}],"event_choices":[{"cards_removed":["Strike_B"],"damage_healed":0,"gold_gain":0,"player_choice":"Card Removal","damage_taken":7,"max_hp_gain":0,"max_hp_loss":0,"event_name":"Golden Wing","floor":3,"gold_loss":0},{"damage_healed":0,"gold_gain":0,"player_choice":"Success","damage_taken":3,"relics_obtained":["Vajra"],"max_hp_gain":0,"max_hp_loss":0,"event_name":"Scrap Ooze","floor":5,"gold_loss":0}],"is_beta":false,"boss_relics":[],"items_purged_floors":[],"is_endless":false,"potions_floor_spawned":[2,7,10,12],"killed_by":"Slime Boss","ascension_level":11}