{"gold_per_floor":[116,127,81,6,23,48,48,80,80,99,99,109,120,136,136,241,241,241,241,241,241,3,3,3,3,3,3,3,3,3,3,3,3,3,3,3,3,3,3,3,3,3,3,3,0,0,0,0],"floor_reached":48,"playtime":4863,"items_purged":["Doubt"],"score":712,"play_id":"adbc1eb3-bde2-4316-8d20-090453ac30a6","local_time":"20190114211144","is_ascension_mode":true,"campfire_choices":[{"data":"Zap","floor":11,"key":"SMITH"},{"floor":15,"key":"RECALL"},{"data":"Seek","floor":23,"key":"SMITH"},{"floor":32,"key":"REST"},{"floor":42,"key":"REST"}],"neow_cost":"CURSE","seed_source_timestamp":139147000283306,"circlet_count":0,"master_deck":["Strike_B","Strike_B+1","Strike_B","Defend_B","Defend_B","Defend_B","Defend_B","Zap+1","Dualcast+1","Rainbow","Ball Lightning","Glacier","Sweeping Beam","Compile Driver","Compile Driver","Hyperbeam","Steam","Sweeping Beam","Coolheaded","Cold Snap","Biased Cognition+1","Conserve Battery","Conserve Battery","Capacitor+1","Seek+1","FTL","Defragment+1","Core Surge","Go for the Eyes+1","Hologram+1","Loop+1","Loop+1"],"relics":["Cracked Core","Lantern","Thread and Needle","Frozen Egg 2","Ectoplasm","Nunchaku","Whetstone","Black Star","Pear","Boot","Du-Vu Doll","Pen Nib","Orichalcum","Toxic Egg 2","Red Mask","Bag of Preparation","War Paint"],"potions_floor_usage":[13,18,28,31,44,44,46],"damage_taken":[{"damage":0,"enemies":"Cultist","floor":1,"turns":4},{"damage":11,"enemies":"Small Slimes","floor":2,"turns":3},{"damage":0,"enemies":"2 Louse","floor":5,"turns":2},{"damage":23,"enemies":"Gremlin Nob","floor":6,"turns":4},{"damage":10,"enemies":"Lagavulin","floor":8,"turns":7},{"damage":0,"enemies":"Exordium Wildlife","floor":10,"turns":1},{"damage":0,"enemies":"Blue Slaver","floor":12,"turns":2},{"damage":0,"enemies":"Looter","floor":13,"turns":2},{"damage":0,"enemies":"Large Slime","floor":14,"turns":3},{"damage":9,"enemies":"Slime Boss","floor":16,"turns":6},{"damage":0,"enemies":"Chosen","floor":18,"turns":4},{"damage":0,"enemies":"Shell Parasite","floor":19,"turns":3},{"damage":0,"enemies":"3 Cultists","floor":24,"turns":3},{"damage":10,"enemies":"Gremlin Leader","floor":25,"turns":7},{"damage":1,"enemies":"Snecko","floor":27,"turns":6},{"damage":0,"enemies":"Centurion and Healer","floor":28,"turns":6},{"damage":1,"enemies":"Cultist and Chosen","floor":29,"turns":4},{"damage":8,"enemies":"Slavers","floor":31,"turns":5},{"damage":14,"enemies":"Champ","floor":33,"turns":10},{"damage":5,"enemies":"Orb Walker","floor":35,"turns":4},{"damage":4,"enemies":"3 Darklings","floor":37,"turns":5},{"damage":13,"enemies":"Jaw Worm Horde","floor":39,"turns":5},{"damage":19,"enemies":"Nemesis","floor":40,"turns":11},{"damage":0,"enemies":"Mind Bloom Boss Battle","floor":41,"turns":7},{"damage":14,"enemies":"Reptomancer","floor":44,"turns":6},{"damage":64,"enemies":"Giant Head","floor":46,"turns":13},{"damage":26,"enemies":"Transient","floor":48,"turns":3}],"seed_played":"2922210363297830551","potions_obtained":[{"floor":5,"key":"Explosive Potion"},{"floor":8,"key":"Regen Potion"},{"floor":10,"key":"FearPotion"},{"floor":13,"key":"Swift Potion"},{"floor":16,"key":"EssenceOfSteel"},{"floor":18,"key":"Strength Potion"},{"floor":25,"key":"Dexterity Potion"},{"floor":31,"key":"Poison Potion"},{"floor":37,"key":"Poison Potion"}],"is_trial":false,"path_per_floor":["M","M","$","$","M","E","?","E","T","M","R","M","M","M","R","B",null,"M","M","?","?","$","R","M","E","T","M","M","M","$","E","R","B",null,"M","?","M","?","M","E","?","R","T","E","?","E","$","M"],"character_chosen":"DEFECT","items_purchased":["Sweeping Beam","Seek","FTL"],"campfire_rested":2,"item_purchase_floors":[3,22,22],"current_hp_per_floor":[75,64,64,64,64,41,46,36,36,36,36,36,41,41,41,32,80,80,80,80,65,65,65,65,55,55,54,54,53,53,45,70,56,85,80,80,76,76,63,54,54,81,81,67,67,3,3,0],"gold":0,"neow_bonus":"THREE_RARE_CARDS","is_prod":false,"is_daily":false,"chose_seed":false,"campfire_upgraded":2,"win_rate":0,"timestamp":1547518304,"path_taken":["M","M","?","$","M","E","?","E","T","M","R","M","M","M","R","BOSS","M","M","?","?","?","R","M","E","T","M","M","M","$","E","R","BOSS","M","?","M","?","M","E","?","R","T","E","?","E","$","M"],"build_version":"2019-01-10","purchased_purges":1,"victory":false,"max_hp_per_floor":[75,75,75,75,75,75,80,80,80,80,80,80,80,80,80,80,80,80,80,80,85,85,85,85,85,85,85,85,85,85,85,85,85,85,85,81,81,81,81,91,91,91,91,91,91,91,91,91],"card_choices":[{"not_picked":["Machine Learning","Fission"],"picked":"Rainbow","floor":0},{"not_picked":["Turbo","Stack"],"picked":"Ball Lightning","floor":1},{"not_picked":["Barrage","Fusion"],"picked":"Glacier","floor":2},{"not_picked":["Chaos","White Noise"],"picked":"Compile Driver","floor":5},{"not_picked":["Steam","Blizzard"],"picked":"Compile Driver","floor":6},{"not_picked":["Aggregate","Fission"],"picked":"Hyperbeam","floor":8},{"not_picked":["Barrage","Doom and Gloom"],"picked":"Steam","floor":10},{"not_picked":["Steam","Coolheaded"],"picked":"Sweeping Beam","floor":12},{"not_picked":["Steam","Meteor Strike"],"picked":"Coolheaded","floor":13},{"not_picked":["Hello World+1","Compile Driver"],"picked":"Cold Snap","floor":14},{"not_picked":["Meteor Strike","Buffer+1"],"picked":"Biased Cognition+1","floor":16},{"not_picked":["Streamline","Steam+1"],"picked":"Conserve Battery","floor":18},{"not_picked":["Gash+1","Tempest+1"],"picked":"Conserve Battery","floor":19},{"not_picked":["Leap","Streamline"],"picked":"Defragment+1","floor":24},{"not_picked":["Creative AI+1","Seek"],"picked":"Core Surge","floor":25},{"not_picked":["Coolheaded","Barrage","Gash"],"picked":"SKIP","floor":27},{"not_picked":["Fusion","Genetic Algorithm+1"],"picked":"Go for the Eyes","floor":28},{"not_picked":["Gash+1","Turbo+1","Genetic Algorithm"],"picked":"SKIP","floor":29},{"not_picked":["Recycle","Fusion"],"picked":"Hologram","floor":31},{"not_picked":["Cold Snap","Sweeping Beam+1","Go for the Eyes"],"picked":"SKIP","floor":35},{"not_picked":["Redo","Ball Lightning","Cold Snap+1"],"picked":"SKIP","floor":37},{"not_picked":["BootSequence","Compile Driver","Go for the Eyes"],"picked":"SKIP","floor":39},{"not_picked":["Doom and Gloom","Tempest+1","Ball Lightning+1"],"picked":"SKIP","floor":40},{"not_picked":["Sunder","Sweeping Beam+1"],"picked":"Loop+1","floor":41},{"not_picked":["Darkness","Barrage","Rip and Tear+1"],"picked":"SKIP","floor":44},{"not_picked":["Static Discharge+1","Cold Snap"],"picked":"Loop+1","floor":46}],"player_experience":1345358,"relics_obtained":[{"floor":6,"key":"Lantern"},{"floor":8,"key":"Thread and Needle"},{"floor":9,"key":"Frozen Egg 2"},{"floor":25,"key":"Nunchaku"},{"floor":31,"key":"Whetstone"},{"floor":40,"key":"Pear"},{"floor":40,"key":"Boot"},{"floor":41,"key":"Du-Vu Doll"},{"floor":43,"key":"Pen Nib"},{"floor":44,"key":"Orichalcum"},{"floor":44,"key":"Toxic Egg 2"},{"floor":46,"key":"Bag of Preparation"},{"floor":46,"key":"War Paint"}],"event_choices":[{"damage_healed":0,"gold_gain":0,"player_choice":"Donut","damage_taken":0,"max_hp_gain":5,"max_hp_loss":0,"event_name":"Big Fish","floor":7,"gold_loss":0},{"damage_healed":0,"gold_gain":0,"player_choice":"Read","damage_taken":0,"max_hp_gain":0,"max_hp_loss":0,"event_name":"The Library","floor":20,"gold_loss":0,"cards_obtained":["Capacitor"]},{"damage_healed":0,"gold_gain":0,"player_choice":"Shed Blood","damage_taken":20,"max_hp_gain":5,"max_hp_loss":0,"event_name":"Forgotten Altar","floor":21,"gold_loss":0},{"damage_healed":0,"gold_gain":0,"player_choice":"Max HP","damage_taken":0,"max_hp_gain":0,"max_hp_loss":4,"event_name":"Winding Halls","floor":36,"gold_loss":0},{"cards_removed":["Strike_B"],"damage_healed":0,"gold_gain":0,"player_choice":"Removed Attack","damage_taken":0,"max_hp_gain":0,"max_hp_loss":0,"event_name":"Falling","floor":38,"gold_loss":0},{"damage_healed":0,"gold_gain":0,"player_choice":"Fight","damage_taken":0,"max_hp_gain":0,"max_hp_loss":0,"event_name":"MindBloom","floor":41,"gold_loss":0},{"damage_healed":0,"gold_gain":0,"player_choice":"Paid","damage_taken":0,"relics_obtained":["Red Mask"],"max_hp_gain":0,"max_hp_loss":0,"event_name":"Tomb of Lord Red Mask","floor":45,"gold_loss":3}],"is_beta":false,"boss_relics":[{"not_picked":["White Beast Statue","Calling Bell"],"picked":"Ectoplasm"},{"not_picked":["Runic Dome","Coffee Dripper"],"picked":"Black Star"}],"items_purged_floors":[4],"is_endless":false,"potions_floor_spawned":[5,8,10,12,13,16,18,25,27,31,37,44],"killed_by":"Transient","ascension_level":3}