{"gold_per_floor":[16,31,45,120,31,58,58,58,82,82,99,133,145,175,175,270,270,288,23,41,41,51,51,77,103,103,117,117,135,145,31,31,126,126,146,146,158,169,94,94],"floor_reached":40,"playtime":6116,"items_purged":["Strike_R"],"score":539,"play_id":"cf79960d-69dc-4cbb-85f4-4b241f0c44d4","local_time":"20190123143953","is_ascension_mode":true,"campfire_choices":[{"data":"Armaments","floor":7,"key":"SMITH"},{"data":"Shockwave","floor":10,"key":"SMITH"},{"data":"Body Slam","floor":15,"key":"SMITH"},{"floor":23,"key":"RECALL"},{"floor":28,"key":"REST"},{"floor":32,"key":"REST"}],"neow_cost":"NO_GOLD","seed_source_timestamp":33316333260412,"circlet_count":0,"master_deck":["Strike_R","Strike_R","Strike_R","Strike_R","Defend_R","Defend_R","Defend_R","Defend_R","Bash","Carnage","Whirlwind+1","Evolve","Shockwave+1","Armaments+1","Shrug It Off","Sword Boomerang","Shrug It Off","Body Slam+1","Feed","Sword Boomerang","Wild Strike","Ghostly Armor","RitualDagger","Reckless Charge","Body Slam+1","Evolve","Rage","Carnage","Brutality+1","Flame Barrier+1","Body Slam","Disarm"],"relics":["Burning Blood","Incense Burner","Vajra","Regal Pillow","Strawberry","Pocketwatch","Fusion Hammer","Kunai","Blood Vial","Self Forming Clay"],"potions_floor_usage":[6,14,14,16,24,29,33,35],"damage_taken":[{"damage":1,"enemies":"Cultist","floor":1,"turns":3},{"damage":7,"enemies":"Jaw Worm","floor":2,"turns":3},{"damage":0,"enemies":"2 Louse","floor":3,"turns":1},{"damage":12,"enemies":"Gremlin Nob","floor":6,"turns":3},{"damage":23,"enemies":"Gremlin Gang","floor":11,"turns":4},{"damage":3,"enemies":"Lagavulin","floor":12,"turns":6},{"damage":6,"enemies":"Blue Slaver","floor":13,"turns":3},{"damage":7,"enemies":"Gremlin Nob","floor":14,"turns":3},{"damage":8,"enemies":"Hexaghost","floor":16,"turns":8},{"damage":22,"enemies":"Spheric Guardian","floor":18,"turns":4},{"damage":0,"enemies":"3 Byrds","floor":20,"turns":2},{"damage":16,"enemies":"Shelled Parasite and Fungi","floor":22,"turns":5},{"damage":25,"enemies":"Book of Stabbing","floor":24,"turns":5},{"damage":5,"enemies":"Snake Plant","floor":27,"turns":3},{"damage":27,"enemies":"Snecko","floor":29,"turns":4},{"damage":2,"enemies":"Cultist and Chosen","floor":30,"turns":4},{"damage":58,"enemies":"Champ","floor":33,"turns":12},{"damage":17,"enemies":"Orb Walker","floor":35,"turns":5},{"damage":13,"enemies":"3 Shapes","floor":37,"turns":5},{"damage":9,"enemies":"Sphere and 2 Shapes","floor":38,"turns":4},{"damage":99,"enemies":"Nemesis","floor":40,"turns":9}],"seed_played":"27807800652555491","potions_obtained":[{"floor":11,"key":"Fire Potion"},{"floor":12,"key":"Dexterity Potion"},{"floor":13,"key":"Explosive Potion"},{"floor":14,"key":"BloodPotion"},{"floor":16,"key":"Ancient Potion"},{"floor":20,"key":"Swift Potion"},{"floor":29,"key":"BloodPotion"},{"floor":30,"key":"PowerPotion"},{"floor":33,"key":"Energy Potion"},{"floor":38,"key":"Poison Potion"}],"is_trial":false,"path_per_floor":["M","?","$","?","M","?","T","?","M"],"character_chosen":"IRONCLAD","items_purchased":["Poison Potion","Shockwave","Kunai","Wild Strike","Rage","Carnage"],"campfire_rested":2,"item_purchase_floors":[5,5,19,19,31,31],"current_hp_per_floor":[80,79,80,69,69,63,63,63,63,63,46,56,56,55,55,53,87,74,74,83,77,67,67,57,57,57,63,96,75,84,84,99,47,99,97,97,95,97,97,0],"gold":94,"neow_bonus":"ONE_RARE_RELIC","is_prod":false,"is_daily":false,"chose_seed":false,"campfire_upgraded":3,"win_rate":0,"timestamp":1548272393,"path_taken":["M","M","?","?","?","E","R","?","T","R","M","E","?","E","R","BOSS","M","$","M","?","M","R","E","?","T","M","R","M","M","$","R","BOSS","M","?","M","?","$","E"],"build_version":"2019-01-23","purchased_purges":1,"victory":false,"max_hp_per_floor":[80,80,80,80,80,80,80,80,80,80,80,87,87,87,87,87,87,90,90,93,93,93,93,93,93,93,96,96,96,99,99,99,99,99,99,99,102,105,105,105],"card_choices":[{"not_picked":["Havoc","Flex"],"picked":"Carnage","floor":1},{"not_picked":["Clash","Shockwave"],"picked":"Whirlwind","floor":2},{"not_picked":["Sever Soul","Anger"],"picked":"Evolve","floor":3},{"not_picked":["Cleave","Flex"],"picked":"Armaments","floor":6},{"not_picked":["Warcry","Double Tap"],"picked":"Shrug It Off","floor":11},{"not_picked":["Sever Soul","Warcry"],"picked":"Sword Boomerang","floor":12},{"not_picked":["Combust","Sever Soul"],"picked":"Shrug It Off","floor":13},{"not_picked":["Intimidate","Rupture"],"picked":"Body Slam","floor":14},{"not_picked":["Offering","Fiend Fire"],"picked":"Feed","floor":16},{"not_picked":["Clothesline","Uppercut"],"picked":"Sword Boomerang","floor":18},{"not_picked":["Heavy Blade","Perfected Strike+1"],"picked":"Ghostly Armor","floor":20},{"not_picked":["Cleave","True Grit","Havoc+1"],"picked":"SKIP","floor":22},{"not_picked":["Perfected Strike","Clothesline+1"],"picked":"Reckless Charge","floor":24},{"not_picked":["Thunderclap+1","Clash+1"],"picked":"Body Slam+1","floor":27},{"not_picked":["True Grit","Body Slam"],"picked":"Evolve","floor":29},{"not_picked":["Seeing Red","Warcry","Clothesline"],"picked":"SKIP","floor":30},{"not_picked":["Limit Break","Reaper"],"picked":"Brutality","floor":33},{"not_picked":["Flex","Havoc"],"picked":"Flame Barrier+1","floor":35},{"not_picked":["Cleave+1","Clash"],"picked":"Body Slam","floor":37},{"not_picked":["Seeing Red","Heavy Blade"],"picked":"Disarm","floor":38}],"player_experience":1387283,"relics_obtained":[{"floor":6,"key":"Vajra"},{"floor":9,"key":"Regal Pillow"},{"floor":12,"key":"Strawberry"},{"floor":14,"key":"Pocketwatch"},{"floor":24,"key":"Blood Vial"},{"floor":26,"key":"Self Forming Clay"}],"event_choices":[{"damage_healed":0,"gold_gain":75,"player_choice":"Gather Gold","damage_taken":11,"max_hp_gain":0,"max_hp_loss":0,"event_name":"World of Goop","floor":4,"gold_loss":0},{"damage_healed":0,"gold_gain":0,"player_choice":"Forge","damage_taken":0,"max_hp_gain":0,"max_hp_loss":0,"event_name":"Accursed Blacksmith","floor":8,"gold_loss":0,"cards_upgraded":["Whirlwind"]},{"damage_healed":0,"gold_gain":0,"player_choice":"Joined the Cult","damage_taken":6,"max_hp_gain":0,"max_hp_loss":0,"event_name":"Nest","floor":21,"gold_loss":0,"cards_obtained":["RitualDagger"]},{"damage_healed":0,"gold_gain":0,"player_choice":"Upgraded","damage_taken":0,"max_hp_gain":0,"max_hp_loss":0,"event_name":"Upgrade Shrine","floor":36,"gold_loss":0,"cards_upgraded":["Brutality"]}],"is_beta":false,"boss_relics":[{"not_picked":["Empty Cage","Orrery"],"picked":"Fusion Hammer"},{"not_picked":["Coffee Dripper","Runic Pyramid","Sozu"]}],"items_purged_floors":[39],"is_endless":false,"potions_floor_spawned":[11,12,13,14,16,20,29,30,33,38],"killed_by":"Nemesis","ascension_level":4}