{"gold_per_floor":[119,132,148,323,103,129,149,182,182,182,207,217,237,258,258,360,360,377,192,210,222,232,261,278,278,278,178,211,211,211,225,225,323,373,387,405,6,21,21,21,51,63,124,165,191,303,134,154,154,154],"floor_reached":51,"playtime":3608,"items_purged":["Doubt","Defend_R","Defend_R"],"score":913,"play_id":"ab6048af-c2a0-48a4-abfd-17b93efc1ac3","local_time":"20180804031616","is_ascension_mode":true,"campfire_choices":[{"data":"Metallicize","floor":10,"key":"SMITH"},{"floor":15,"key":"REST"},{"data":"Rampage","floor":25,"key":"SMITH"},{"data":"Infernal Blade","floor":29,"key":"SMITH"},{"floor":32,"key":"REST"},{"data":"Offering","floor":40,"key":"SMITH"},{"data":"Double Tap","floor":42,"key":"SMITH"},{"floor":49,"key":"REST"}],"neow_cost":"NONE","seed_source_timestamp":388625186572937,"circlet_count":0,"master_deck":["Strike_R","Strike_R+1","Strike_R","Strike_R+1","Strike_R","Defend_R","Defend_R","Bash+1","Dropkick","Metallicize+1","Cleave","Double Tap+1","Infernal Blade+1","Juggernaut","Uppercut","Rampage+1","Headbutt","Shockwave+1","Whirlwind+1","Offering+1","Feed","Spot Weakness+1","Inflame","Enlightenment","Metallicize","Inflame+1","Blood for Blood+1"],"relics":["Burning Blood","Whetstone","Orichalcum","Dream Catcher","Regal Pillow","Bottled Tornado","Calipers","Odd Mushroom","Sozu","Bronze Scales","Art of War","Paper Frog","Magic Flower","Tiny House","Bottled Flame","MawBank","Bag of Preparation","Bag of Marbles","Happy Flower"],"potions_floor_usage":[7,16,44],"damage_taken":[{"damage":7,"enemies":"Jaw Worm","floor":1,"turns":2},{"damage":8,"enemies":"2 Louse","floor":2,"turns":3},{"damage":0,"enemies":"Small Slimes","floor":3,"turns":4},{"damage":25,"enemies":"Lagavulin","floor":6,"turns":7},{"damage":12,"enemies":"Exordium Thugs","floor":7,"turns":5},{"damage":9,"enemies":"3 Sentries","floor":8,"turns":7},{"damage":17,"enemies":"Gremlin Nob","floor":11,"turns":4},{"damage":3,"enemies":"Blue Slaver","floor":12,"turns":2},{"damage":12,"enemies":"3 Louse","floor":13,"turns":2},{"damage":20,"floor":14,"turns":3},{"damage":44,"enemies":"The Guardian","floor":16,"turns":11},{"damage":6,"enemies":"Shell Parasite","floor":18,"turns":4},{"damage":10,"enemies":"2 Thieves","floor":20,"turns":3},{"damage":7,"enemies":"3 Cultists","floor":21,"turns":5},{"damage":11,"enemies":"Centurion and Healer","floor":22,"turns":3},{"damage":23,"enemies":"Book of Stabbing","floor":23,"turns":4},{"damage":4,"enemies":"Cultist and Chosen","floor":24,"turns":6},{"damage":11,"enemies":"Gremlin Leader","floor":28,"turns":4},{"damage":0,"enemies":"Snecko","floor":31,"turns":3},{"damage":41,"enemies":"Collector","floor":33,"turns":6},{"damage":20,"enemies":"3 Darklings","floor":35,"turns":2},{"damage":5,"enemies":"Orb Walker","floor":36,"turns":3},{"damage":25,"enemies":"Flame Bruiser 2 Orb","floor":38,"turns":5},{"damage":25,"enemies":"Giant Head","floor":41,"turns":6},{"damage":60,"enemies":"2 Orb Walkers","floor":44,"turns":4},{"damage":29,"enemies":"4 Shapes","floor":45,"turns":4},{"damage":16,"enemies":"Spire Growth","floor":48,"turns":3},{"damage":59,"enemies":"Donu and Deca","floor":50,"turns":5}],"seed_played":"8861204220186619015","potions_obtained":[{"floor":1,"key":"BloodPotion"},{"floor":3,"key":"SpeedPotion"},{"floor":6,"key":"BloodPotion"},{"floor":14,"key":"Poison Potion"}],"is_trial":false,"path_per_floor":["M","M","M","?","$","E","M","E","T","R","E","M","M","?","R","B",null,"M","$","M","M","M","E","M","R","T","$","E","R","?","M","R","B",null,"M","M","$","M","?","R","E","R","T","E","M","?","$","M","R","B"],"character_chosen":"IRONCLAD","items_purchased":["Orichalcum","Bronze Scales","Rampage","Bottled Flame","Inflame","Metallicize","Happy Flower"],"campfire_rested":3,"item_purchase_floors":[5,19,19,37,37,47,47],"current_hp_per_floor":[79,77,80,80,80,61,63,60,60,60,49,52,46,35,74,36,83,83,83,79,78,73,56,58,58,58,58,53,53,37,46,87,55,93,82,91,91,80,80,80,64,64,64,27,79,79,79,72,102,52],"gold":154,"neow_bonus":"RANDOM_COMMON_RELIC","is_prod":false,"is_daily":false,"chose_seed":false,"campfire_upgraded":5,"win_rate":0,"timestamp":1533341776,"path_taken":["M","M","M","?","$","E","M","E","T","R","E","M","M","?","R","BOSS","M","$","M","M","M","E","M","R","T","$","E","R","?","M","R","BOSS","M","M","$","M","?","R","E","R","T","E","M","?","?","M","R","BOSS"],"build_version":"2018-08-02","purchased_purges":3,"victory":true,"max_hp_per_floor":[80,80,80,80,80,80,80,80,80,80,80,80,80,83,83,83,83,83,83,83,83,83,83,83,83,83,83,83,83,88,88,88,88,93,93,96,96,99,99,99,99,99,99,99,102,102,102,102,102,102],"card_choices":[{"not_picked":["Second Wind","Sword Boomerang"],"picked":"Dropkick","floor":1},{"not_picked":["Flex","Ghostly Armor","Fire Breathing"],"picked":"SKIP","floor":2},{"not_picked":["Flex","Ghostly Armor","Fire Breathing"],"picked":"SKIP","floor":2},{"not_picked":["Evolve","Armaments"],"picked":"Metallicize","floor":3},{"not_picked":["Warcry","Sentinel","Second Wind"],"picked":"SKIP","floor":6},{"not_picked":["Battle Trance","Iron Wave"],"picked":"Cleave","floor":7},{"not_picked":["Armaments","True Grit"],"picked":"Double Tap","floor":8},{"not_picked":["Impervious","Sword Boomerang","Shrug It Off"],"picked":"SKIP","floor":11},{"not_picked":["Flex","Double Tap"],"picked":"Infernal Blade","floor":12},{"not_picked":["Warcry","Flame Barrier","Feel No Pain"],"picked":"SKIP","floor":13},{"not_picked":["Brutality","Berserk"],"picked":"Juggernaut","floor":16},{"not_picked":["Combust+1","Armaments"],"picked":"Uppercut","floor":18},{"not_picked":["Perfected Strike","Twin Strike+1"],"picked":"Headbutt","floor":20},{"not_picked":["Heavy Blade+1","Power Through"],"picked":"Shockwave+1","floor":21},{"not_picked":["Seeing Red+1","Warcry+1"],"picked":"Whirlwind+1","floor":22},{"not_picked":["Warcry","True Grit","Burning Pact"],"picked":"SKIP","floor":23},{"not_picked":["Heavy Blade","Body Slam","Combust+1"],"picked":"SKIP","floor":24},{"not_picked":["Twin Strike","Iron Wave"],"picked":"Offering","floor":28},{"not_picked":["Body Slam","Warcry","Clash+1"],"picked":"SKIP","floor":31},{"not_picked":["Impervious","Berserk"],"picked":"Feed","floor":33},{"not_picked":["Flex","Perfected Strike"],"picked":"Spot Weakness+1","floor":34},{"not_picked":["Second Wind+1","Blood for Blood+1","Evolve+1"],"picked":"SKIP","floor":35},{"not_picked":["Havoc+1","True Grit+1","Headbutt+1"],"picked":"SKIP","floor":36},{"not_picked":["Sentinel+1","Anger+1","Armaments"],"picked":"SKIP","floor":38},{"not_picked":["Blind","Jack Of All Trades"],"picked":"Enlightenment","floor":39},{"not_picked":["Clash","Rampage","Dark Embrace"],"picked":"SKIP","floor":41},{"not_picked":["Feed","Headbutt","Pommel Strike+1"],"picked":"SKIP","floor":44},{"not_picked":["Perfected Strike","Warcry","Shrug It Off"],"picked":"SKIP","floor":45},{"not_picked":["Shrug It Off+1","Sword Boomerang"],"picked":"Inflame+1","floor":48},{"not_picked":["Havoc","Sword Boomerang"],"picked":"Blood for Blood+1","floor":49}],"player_experience":175732,"relics_obtained":[{"floor":6,"key":"Dream Catcher"},{"floor":8,"key":"Regal Pillow"},{"floor":9,"key":"Bottled Tornado"},{"floor":11,"key":"Calipers"},{"floor":14,"key":"Odd Mushroom"},{"floor":23,"key":"Art of War"},{"floor":26,"key":"Paper Frog"},{"floor":28,"key":"Magic Flower"},{"floor":41,"key":"MawBank"},{"floor":43,"key":"Bag of Preparation"},{"floor":44,"key":"Bag of Marbles"}],"event_choices":[{"event_name":"Liars Game","player_choice":"agreed","floor":4,"damage_taken":0},{"event_name":"Mushrooms","player_choice":"Fought Mushrooms","floor":14,"damage_taken":0},{"event_name":"Forgotten Altar","player_choice":"Shed Blood","floor":30,"damage_taken":0},{"event_name":"SensoryStone","player_choice":"Memory 1","floor":39,"damage_taken":0},{"event_name":"Golden Shrine","player_choice":"Pray","floor":46,"damage_taken":0}],"is_beta":false,"boss_relics":[{"not_picked":["Mark of Pain","Black Star"],"picked":"Sozu"},{"not_picked":["Coffee Dripper","Lizard Tail"],"picked":"Tiny House"}],"items_purged_floors":[5,27,37],"is_endless":false,"potions_floor_spawned":[1,3,6,14,20,22,23,28,31,36,38],"ascension_level":4}