{"gold_per_floor":[111,130,130,55,55,55,80,98,98,126,51,82,82,92,92,196,196,196,196,196,121,121],"floor_reached":22,"playtime":1004,"items_purged":["Pain"],"score":352,"play_id":"c72281b7-7e62-4e49-be7c-d6e2d93057d5","local_time":"20190224165202","is_ascension_mode":true,"campfire_choices":[{"data":"Defragment","floor":6,"key":"SMITH"},{"floor":13,"key":"RECALL"},{"floor":15,"key":"REST"}],"neow_cost":"NONE","seed_source_timestamp":328222905861963,"circlet_count":0,"master_deck":["AscendersBane","Strike_B+1","Strike_B+1","Strike_B+1","Strike_B+1","Defend_B+1","Defend_B+1","Defend_B+1","Defend_B+1","Zap","Dualcast","Machine Learning","Defragment+1","Doom and Gloom","Glacier","Loop","Redo","Creative AI","Skim","Conserve Battery"],"relics":["Cracked Core","WarpedTongs","Ginger","Emotion Chip","Bronze Scales","Ancient Tea Set","Ectoplasm","Nilry\u0027s Codex"],"potions_floor_usage":[16,18],"damage_taken":[{"damage":7,"enemies":"Jaw Worm","floor":1,"turns":3},{"damage":1,"enemies":"Cultist","floor":2,"turns":3},{"damage":24,"enemies":"Gremlin Nob","floor":7,"turns":4},{"damage":0,"enemies":"2 Louse","floor":8,"turns":1},{"damage":5,"enemies":"3 Sentries","floor":10,"turns":6},{"damage":0,"enemies":"Lagavulin","floor":12,"turns":6},{"damage":18,"enemies":"Large Slime","floor":14,"turns":6},{"damage":10,"enemies":"Slime Boss","floor":16,"turns":11},{"damage":1,"enemies":"Spheric Guardian","floor":18,"turns":6},{"damage":28,"enemies":"2 Thieves","floor":21,"turns":4},{"damage":0,"enemies":"Snake Plant","floor":22,"turns":1}],"seed_played":"-8571096283821369477","potions_obtained":[{"floor":1,"key":"Ancient Potion"},{"floor":10,"key":"SteroidPotion"},{"floor":14,"key":"FocusPotion"},{"floor":21,"key":"Explosive Potion"}],"is_trial":false,"path_per_floor":["M","M","?","$","$","R","E","M","T","E","$","E","R","M","R","B",null,"M","?","?","M","M"],"character_chosen":"DEFECT","items_purchased":["Glacier"],"campfire_rested":1,"item_purchase_floors":[4],"current_hp_per_floor":[61,60,60,60,60,60,36,36,36,31,31,31,31,13,35,25,63,62,46,46,18,18],"gold":121,"neow_bonus":"ONE_RANDOM_RARE_CARD","is_prod":false,"is_daily":false,"chose_seed":false,"campfire_upgraded":1,"win_rate":0,"timestamp":1551045122,"path_taken":["M","M","?","?","$","R","E","M","T","E","$","E","R","M","R","BOSS","M","?","?","M","M"],"build_version":"2019-01-23","purchased_purges":1,"victory":false,"max_hp_per_floor":[75,75,75,75,75,75,75,75,75,75,75,75,75,75,75,75,75,75,75,75,75,75],"card_choices":[{"not_picked":["Hologram","Ball Lightning"],"picked":"Defragment","floor":1},{"not_picked":["Lockon","Steam Power"],"picked":"Doom and Gloom","floor":2},{"not_picked":["Barrage","Compile Driver"],"picked":"Loop","floor":7},{"not_picked":["Fusion","Beam Cell"],"picked":"Redo","floor":8},{"not_picked":["Steam","Gash","Beam Cell"],"picked":"SKIP","floor":10},{"not_picked":["Beam Cell","Loop"],"picked":"Creative AI","floor":12},{"not_picked":["Turbo","Beam Cell","Gash"],"picked":"SKIP","floor":14},{"not_picked":["Compile Driver","Chaos"],"picked":"Skim","floor":18},{"not_picked":["Chaos","Steam"],"picked":"Conserve Battery","floor":21}],"player_experience":718129,"relics_obtained":[{"floor":7,"key":"Ginger"},{"floor":9,"key":"Emotion Chip"},{"floor":10,"key":"Bronze Scales"},{"floor":12,"key":"Ancient Tea Set"},{"floor":19,"key":"Nilry\u0027s Codex"}],"event_choices":[{"damage_healed":0,"gold_gain":0,"player_choice":"Rummage","damage_taken":0,"relics_obtained":["WarpedTongs"],"max_hp_gain":0,"max_hp_loss":0,"event_name":"Accursed Blacksmith","floor":3,"gold_loss":0,"cards_obtained":["Pain"]},{"damage_healed":0,"gold_gain":0,"player_choice":"Obtained Book","damage_taken":16,"max_hp_gain":0,"max_hp_loss":0,"event_name":"Cursed Tome","floor":19,"gold_loss":0},{"damage_healed":0,"gold_gain":0,"player_choice":"Simplicity","damage_taken":0,"max_hp_gain":0,"max_hp_loss":0,"event_name":"Back to Basics","floor":20,"gold_loss":0,"cards_upgraded":["Strike_B","Strike_B","Strike_B","Strike_B","Defend_B","Defend_B","Defend_B","Defend_B"]}],"is_beta":false,"boss_relics":[{"not_picked":["Empty Cage","Pandora\u0027s Box"],"picked":"Ectoplasm"}],"items_purged_floors":[11],"is_endless":false,"potions_floor_spawned":[1,10,12,14,21],"killed_by":"Snake Plant","ascension_level":11}