{"path_per_floor":["M","?","?","?","M","E","M","R","T","$","M","M","R","M","R","B",null,"M","?","?","M","?","R","M","$","T","E","?","R","E","?","R","B",null,"M","M","?","?","?","R","M","M","T","$","M","M","R","M","R","B"],"character_chosen":"DEFECT","items_purchased":["Skim","Scrape","Anchor","Panache","Weak Potion"],"gold_per_floor":[114,114,114,114,133,158,170,170,170,117,127,139,139,156,156,257,257,275,275,190,202,202,202,212,177,177,209,235,235,262,262,262,361,361,379,392,444,444,444,444,458,477,502,15,32,43,43,63,63,63],"floor_reached":51,"campfire_rested":0,"playtime":4082,"current_hp_per_floor":[67,55,55,41,41,30,30,30,30,30,30,28,28,28,28,28,68,57,57,57,57,57,57,57,57,57,56,68,68,68,56,56,19,73,73,73,73,73,73,73,73,72,72,72,73,73,73,73,73,27],"items_purged":["Strike_B"],"gold":63,"score":687,"play_id":"682ac7bb-a3b0-4f72-a7ea-912ad41ea273","local_time":"20180508025241","is_prod":false,"is_daily":false,"chose_seed":false,"is_ascension_mode":false,"campfire_upgraded":9,"timestamp":1525762361,"path_taken":["M","?","?","?","M","E","M","R","T","$","M","M","R","?","R","BOSS","M","?","?","?","?","R","M","$","T","E","?","R","E","?","R","BOSS","M","M","?","?","?","R","M","M","T","$","M","?","R","M","R","BOSS"],"build_version":"2018-05-03","seed_source_timestamp":531107355707285,"purchased_purges":1,"victory":true,"master_deck":["Strike_B","Defend_B+1","Defend_B","Defend_B","Defend_B+1","Zap+1","Dualcast+1","Go for the Eyes+1","Streamline+1","Reboot","BootSequence","Skim","Sweeping Beam+1","Skim","Turbo","Seek+1","Defragment+1","Conserve Battery","Hologram+1","Go for the Eyes+1","Writhe","Self Repair","Scrape","Self Repair","Reinforced Body+1","Amplify+1","Glacier","Loop+1","FTL+1","Finesse","Turbo","Beam Cell+1","Panache+1","Glacier+1"],"max_hp_per_floor":[68,68,68,68,68,68,68,68,68,68,68,68,68,68,68,68,68,68,68,68,68,68,68,68,68,68,68,68,68,68,73,73,73,73,73,73,73,73,73,73,73,73,73,73,73,73,73,73,73,73],"relics":["Cracked Core","Letter Opener","Happy Flower","Matryoshka","Orrery","Dodecahedron","Mercury Hourglass","Bag of Preparation","Torii","Omamori","Red Mask","Bird Faced Urn","Snecko Eye","Unceasing Top","Pen Nib","Bronze Scales","Anchor"],"card_choices":[{"not_picked":["Coolheaded","Sweeping Beam"],"picked":"Go for the Eyes","floor":1},{"not_picked":["Go for the Eyes","Barrage"],"picked":"Streamline","floor":5},{"not_picked":["Coolheaded","Auto Shields"],"picked":"Reboot","floor":6},{"not_picked":["Barrage","Impulse"],"picked":"BootSequence","floor":7},{"not_picked":["Steam Power","Impulse"],"picked":"Sweeping Beam","floor":11},{"not_picked":["Axe Kick","Barrage"],"picked":"Skim","floor":12},{"not_picked":["Nova","Storm"],"picked":"Turbo","floor":14},{"not_picked":["Hyperbeam","Reboot"],"picked":"Seek","floor":16},{"not_picked":["Hologram","Skim"],"picked":"Defragment","floor":17},{"not_picked":["Leap","Melter"],"picked":"Conserve Battery","floor":17},{"not_picked":["Coolheaded","FTL"],"picked":"Hologram","floor":17},{"not_picked":["Blizzard","Impulse"],"picked":"Go for the Eyes","floor":21},{"not_picked":["Go for the Eyes","Barrage"],"picked":"Self Repair","floor":24},{"not_picked":["Sunder","Storm"],"picked":"Self Repair","floor":27},{"not_picked":["Axe Kick","Conserve Battery"],"picked":"Reinforced Body","floor":28},{"not_picked":["Prime","Hyperbeam"],"picked":"Amplify","floor":33},{"not_picked":["Leap","Coolheaded"],"picked":"Glacier","floor":35},{"not_picked":["Lockon","Skim"],"picked":"Loop","floor":36},{"not_picked":["Beam Cell","Stack"],"picked":"FTL","floor":37},{"not_picked":["Trip","Bandage Up"],"picked":"Finesse","floor":38},{"not_picked":["Axe Kick","Stack"],"picked":"Turbo","floor":41},{"not_picked":["Leap","Rebound"],"picked":"Beam Cell","floor":42},{"not_picked":["Impulse","Ball Lightning"],"picked":"Glacier","floor":48}],"player_experience":42755,"potions_floor_usage":[16,33,33,50],"damage_taken":[{"damage":1,"enemies":"Jaw Worm","floor":1,"turns":3},{"damage":0,"enemies":"2 Louse","floor":5,"turns":2},{"damage":11,"enemies":"3 Sentries","floor":6,"turns":6},{"damage":0,"enemies":"Small Slimes","floor":7,"turns":3},{"damage":0,"enemies":"Gremlin Gang","floor":11,"turns":3},{"damage":2,"enemies":"Large Slime","floor":12,"turns":5},{"damage":0,"enemies":"2 Fungi Beasts","floor":14,"turns":2},{"damage":0,"enemies":"Slime Boss","floor":16,"turns":6},{"damage":11,"enemies":"Spheric Guardian","floor":18,"turns":4},{"damage":0,"enemies":"3 Byrds","floor":21,"turns":2},{"damage":0,"enemies":"Sentry and Sphere","floor":24,"turns":3},{"damage":1,"enemies":"Slavers","floor":27,"turns":2},{"damage":0,"enemies":"Masked Bandits","floor":28,"turns":2},{"damage":8,"enemies":"Book of Stabbing","floor":30,"turns":4},{"damage":57,"enemies":"Champ","floor":33,"turns":9},{"damage":0,"enemies":"3 Shapes","floor":35,"turns":3},{"damage":0,"enemies":"Flame Bruiser 1 Orb","floor":36,"turns":6},{"damage":8,"enemies":"Mysterious Sphere","floor":37,"turns":5},{"damage":0,"enemies":"4 Shapes","floor":41,"turns":3},{"damage":1,"enemies":"3 Darklings","floor":42,"turns":4},{"damage":9,"enemies":"Flame Bruiser 2 Orb","floor":45,"turns":5},{"damage":0,"enemies":"4 Shapes","floor":46,"turns":1},{"damage":0,"enemies":"Sphere and 2 Shapes","floor":48,"turns":3},{"damage":46,"enemies":"Awakened One","floor":50,"turns":20}],"event_choices":[{"event_name":"Scrap Ooze","player_choice":"success","floor":2,"damage_taken":12},{"event_name":"Accursed Blacksmith","player_choice":"Forge","floor":3,"damage_taken":0},{"event_name":"Shining Light","player_choice":"Entered Light","floor":4,"damage_taken":0},{"event_name":"Drug Dealer","player_choice":"Ignored","floor":19,"damage_taken":0},{"event_name":"Addict","player_choice":"Obtained Relic","floor":20,"damage_taken":0},{"event_name":"The Mausoleum","player_choice":"Yes","floor":22,"damage_taken":0},{"event_name":"Masked Bandits","player_choice":"Fought over 209 gold","floor":28,"damage_taken":0},{"event_name":"Forgotten Altar","player_choice":"Shed Blood","floor":31,"damage_taken":0},{"event_name":"Mysterious Sphere","player_choice":"Fight","floor":37,"damage_taken":0},{"event_name":"SensoryStone","player_choice":"Memory 1","floor":38,"damage_taken":0},{"event_name":"The Woman in Blue","player_choice":"Bought 0 Potions","floor":39,"damage_taken":0}],"boss_relics":[{"not_picked":["Calling Bell","Philosopher\u0027s Stone"],"picked":"Orrery"},{"not_picked":["Lizard Tail","Tiny House"],"picked":"Snecko Eye"}],"potions_floor_spawned":[5,14,16,24,27,36,37,42],"seed_played":"8496350531692300414","ascension_level":0,"is_trial":false}