{"gold_per_floor":[115,65,65,13,26,58,58,4,53,71,96,96,128,141,141,242,242,261,261,186,186],"floor_reached":21,"playtime":939,"items_purged":[],"score":311,"play_id":"8dc4f232-636c-45d5-aeab-ac05aef55279","local_time":"20190309053515","is_ascension_mode":true,"campfire_choices":[{"data":"Darkness","floor":7,"key":"SMITH"},{"data":"Zap","floor":12,"key":"SMITH"},{"floor":15,"key":"REST"}],"neow_cost":"NONE","seed_source_timestamp":19992818334994,"circlet_count":0,"master_deck":["Strike_B","Strike_B","Strike_B","Defend_B","Defend_B","Defend_B","Zap+1","Dualcast","Genetic Algorithm","Ball Lightning","Reinforced Body","Darkness+1","Coolheaded","Sweeping Beam","Capacitor","Chill","Doom and Gloom","Creative AI","Consume+1"],"relics":["Cracked Core","NeowsBlessing","Anchor","Regal Pillow","Juzu Bracelet","FossilizedHelix","Velvet Choker","Pen Nib"],"potions_floor_usage":[],"damage_taken":[{"damage":0,"enemies":"Small Slimes","floor":1,"turns":1},{"damage":0,"enemies":"2 Louse","floor":5,"turns":1},{"damage":0,"enemies":"Gremlin Nob","floor":6,"turns":1},{"damage":0,"enemies":"Cultist","floor":10,"turns":4},{"damage":19,"enemies":"Lagavulin","floor":11,"turns":6},{"damage":19,"enemies":"3 Sentries","floor":13,"turns":6},{"damage":0,"enemies":"3 Louse","floor":14,"turns":3},{"damage":0,"enemies":"Slime Boss","floor":16,"turns":8},{"damage":0,"enemies":"Spheric Guardian","floor":18,"turns":4}],"seed_played":"-8972890823030425340","potions_obtained":[{"floor":1,"key":"Weak Potion"},{"floor":10,"key":"Strength Potion"},{"floor":11,"key":"Fire Potion"},{"floor":13,"key":"EssenceOfSteel"}],"is_trial":false,"path_per_floor":["M","?","?","$","M","E","R","$","T","M","E","R","E","M","R","B",null,"M","?","?","$"],"character_chosen":"DEFECT","items_purchased":["Ball Lightning","Coolheaded"],"campfire_rested":1,"item_purchase_floors":[4,8],"current_hp_per_floor":[75,75,75,75,75,75,75,75,75,75,56,56,37,37,74,74,75,75,75,75,75],"gold":186,"neow_bonus":"THREE_ENEMY_KILL","is_prod":false,"is_daily":false,"chose_seed":false,"campfire_upgraded":2,"win_rate":0,"timestamp":1552102515,"path_taken":["M","?","?","$","M","E","R","$","T","M","E","R","E","M","R","BOSS","M","?","?","$"],"build_version":"2019-01-23","purchased_purges":0,"victory":false,"max_hp_per_floor":[75,75,75,75,75,75,75,75,75,75,75,75,75,75,75,75,75,75,75,75,75],"card_choices":[{"not_picked":["Chill","Redo"],"picked":"Genetic Algorithm","floor":1},{"not_picked":["Turbo","Rebound"],"picked":"Reinforced Body","floor":5},{"not_picked":["Force Field","Lockon"],"picked":"Darkness","floor":6},{"not_picked":["Conserve Battery","Steam"],"picked":"Sweeping Beam","floor":10},{"not_picked":["Hologram","Aggregate"],"picked":"Capacitor","floor":11},{"not_picked":["Heatsinks","Hello World"],"picked":"Chill","floor":13},{"not_picked":["Sweeping Beam","Beam Cell"],"picked":"Doom and Gloom","floor":14},{"not_picked":["All For One","Thunder Strike"],"picked":"Creative AI","floor":16},{"not_picked":["Streamline","Rip and Tear"],"picked":"Consume+1","floor":18}],"player_experience":712936,"relics_obtained":[{"floor":6,"key":"Anchor"},{"floor":9,"key":"Regal Pillow"},{"floor":11,"key":"Juzu Bracelet"},{"floor":13,"key":"FossilizedHelix"}],"event_choices":[{"cards_removed":["Strike_B"],"damage_healed":0,"gold_gain":0,"player_choice":"Card Removal","damage_taken":0,"max_hp_gain":0,"max_hp_loss":0,"event_name":"The Cleric","floor":2,"gold_loss":50},{"cards_removed":["Defend_B"],"damage_healed":0,"gold_gain":0,"player_choice":"Purged","damage_taken":0,"max_hp_gain":0,"max_hp_loss":0,"event_name":"Purifier","floor":3,"gold_loss":0},{"damage_healed":0,"gold_gain":0,"player_choice":"Stole Relic","damage_taken":0,"relics_obtained":["Pen Nib"],"max_hp_gain":0,"max_hp_loss":0,"event_name":"Addict","floor":19,"gold_loss":0,"cards_obtained":["Shame"]},{"cards_removed":["Shame"],"damage_healed":0,"gold_gain":0,"player_choice":"Gave Gold","damage_taken":0,"max_hp_gain":0,"max_hp_loss":0,"event_name":"Beggar","floor":20,"gold_loss":75}],"is_beta":false,"boss_relics":[{"not_picked":["FrozenCore","Philosopher\u0027s Stone"],"picked":"Velvet Choker"}],"items_purged_floors":[],"is_endless":false,"potions_floor_spawned":[1,10,11,13,14],"ascension_level":3}