{"gold_per_floor":[110,185,185,201,221,221,256,274,320,320,345,345,372,385,385,484,484,504,521,521,521,539,539,568,568,614,614,136,169,187,202,202,307,307,322,322,335,351,366,395,395,430,457,476,496,516,516,530,530,530,530,530,11,40,40],"floor_reached":56,"playtime":4804,"items_purged":["Defend_R","Dropkick"],"score":1489,"play_id":"c5c6bcb3-9d9c-4554-8a69-7c7f46b82b4e","local_time":"20190203220507","is_ascension_mode":true,"campfire_choices":[{"data":"Immolate","floor":6,"key":"SMITH"},{"data":"Carnage","floor":10,"key":"SMITH"},{"data":"Hemokinesis","floor":15,"key":"SMITH"},{"data":"Immolate","floor":23,"key":"SMITH"},{"data":"Uppercut","floor":25,"key":"SMITH"},{"data":"Shrug It Off","floor":27,"key":"SMITH"},{"data":"Disarm","floor":32,"key":"SMITH"},{"floor":41,"key":"REST"},{"data":"Bloodletting","floor":47,"key":"SMITH"},{"floor":49,"key":"RECALL"},{"data":"Impervious","floor":52,"key":"SMITH"}],"neow_cost":"NONE","seed_source_timestamp":1011717662838145,"circlet_count":0,"master_deck":["Bash","Clothesline","Carnage+1","Immolate+1","Shrug It Off+1","Immolate+1","Hemokinesis+1","Impervious+1","Hemokinesis+1","Uppercut+1","Inflame","Disarm+1","Rupture+1","Double Tap+1","Burning Pact","Immolate","Wild Strike","Corruption","Bloodletting+1","Fire Breathing","True Grit+1","Shrug It Off","Shrug It Off+1","Battle Trance","Flex+1","Offering","Pummel"],"relics":["Burning Blood","Orichalcum","Boot","Bronze Scales","Self Forming Clay","Gremlin Horn","Snecko Eye","Thread and Needle","Regal Pillow","OrangePellets","Singing Bowl","Pandora\u0027s Box","Dream Catcher","Pen Nib","Vajra","Centennial Puzzle","Sling","Bottled Lightning"],"potions_floor_usage":[13,16,16,22,24,29,33,55,55,55],"damage_taken":[{"damage":7,"enemies":"Jaw Worm","floor":1,"turns":3},{"damage":0,"enemies":"2 Louse","floor":4,"turns":2},{"damage":0,"enemies":"Cultist","floor":5,"turns":3},{"damage":10,"enemies":"Gremlin Nob","floor":7,"turns":3},{"damage":8,"enemies":"3 Louse","floor":8,"turns":2},{"damage":8,"enemies":"3 Sentries","floor":11,"turns":4},{"damage":2,"enemies":"Gremlin Nob","floor":13,"turns":3},{"damage":4,"enemies":"2 Fungi Beasts","floor":14,"turns":2},{"damage":6,"enemies":"Slime Boss","floor":16,"turns":5},{"damage":0,"enemies":"3 Byrds","floor":18,"turns":3},{"damage":0,"enemies":"2 Thieves","floor":19,"turns":2},{"damage":11,"enemies":"Centurion and Healer","floor":22,"turns":2},{"damage":28,"enemies":"Slavers","floor":24,"turns":2},{"damage":17,"enemies":"Gremlin Leader","floor":29,"turns":4},{"damage":0,"enemies":"3 Cultists","floor":30,"turns":1},{"damage":8,"enemies":"Shelled Parasite and Fungi","floor":31,"turns":3},{"damage":28,"enemies":"Automaton","floor":33,"turns":7},{"damage":0,"enemies":"Orb Walker","floor":35,"turns":2},{"damage":0,"enemies":"3 Darklings","floor":37,"turns":2},{"damage":11,"enemies":"Maw","floor":38,"turns":5},{"damage":21,"enemies":"Writhing Mass","floor":39,"turns":4},{"damage":49,"enemies":"Nemesis","floor":40,"turns":7},{"damage":9,"enemies":"Giant Head","floor":42,"turns":6},{"damage":3,"enemies":"Spire Growth","floor":44,"turns":2},{"damage":2,"enemies":"Transient","floor":45,"turns":5},{"damage":2,"enemies":"Maw","floor":46,"turns":4},{"damage":8,"enemies":"Spire Growth","floor":48,"turns":3},{"damage":43,"enemies":"Time Eater","floor":50,"turns":6},{"damage":36,"enemies":"Shield and Spear","floor":54,"turns":2},{"damage":46,"enemies":"The Heart","floor":55,"turns":6}],"seed_played":"-1019271393520367726","potions_obtained":[{"floor":4,"key":"SpeedPotion"},{"floor":8,"key":"EssenceOfSteel"},{"floor":11,"key":"Poison Potion"},{"floor":13,"key":"PowerPotion"},{"floor":14,"key":"Poison Potion"},{"floor":18,"key":"LiquidBronze"},{"floor":22,"key":"PowerPotion"},{"floor":24,"key":"Block Potion"},{"floor":31,"key":"SpeedPotion"},{"floor":38,"key":"LiquidBronze"}],"is_trial":false,"path_per_floor":["M","?","T","M","M","R","E","M","T","R","E","?","E","M","R","B",null,"M","M","T","?","M","R","E","R","T","R","$","E","M","M","R","B",null,"M","?","M","M","M","E","R","E","T","M","M","M","R","M","R","B",null,"R","$","E","B",null],"character_chosen":"IRONCLAD","items_purchased":["OrangePellets","Inflame","Disarm","PowerPotion","Centennial Puzzle","Pummel","Sling"],"campfire_rested":1,"item_purchase_floors":[28,28,28,28,53,53,53],"current_hp_per_floor":[87,76,76,82,88,88,84,82,82,82,80,80,84,86,86,86,88,88,88,88,88,83,83,61,61,61,61,61,52,60,58,58,36,78,86,86,92,87,74,31,74,71,71,76,80,86,86,84,84,47,87,87,87,59,19],"gold":40,"neow_bonus":"TEN_PERCENT_HP_BONUS","is_prod":false,"is_daily":false,"chose_seed":false,"campfire_upgraded":9,"win_rate":0,"timestamp":1549249507,"path_taken":["M","?","?","M","M","R","E","M","T","R","E","?","E","M","R","BOSS","M","M","?","?","M","R","E","R","T","R","$","E","M","M","R","BOSS","M","?","M","M","M","E","R","E","T","M","M","?","R","M","R","BOSS","R","$","E","BOSS"],"build_version":"2019-01-23","purchased_purges":2,"victory":true,"max_hp_per_floor":[88,88,88,88,88,88,88,88,88,88,88,88,88,88,88,88,88,88,88,88,88,88,88,88,88,88,88,88,90,92,92,92,92,92,94,94,94,94,96,96,96,96,96,98,98,100,100,100,100,100,100,100,100,102,102],"card_choices":[{"not_picked":["Havoc","Combust"],"picked":"Clothesline","floor":1},{"not_picked":["Armaments","Uppercut"],"picked":"Carnage","floor":4},{"not_picked":["Armaments","True Grit"],"picked":"Immolate","floor":5},{"not_picked":["Cleave","Headbutt","Burning Pact"],"picked":"SKIP","floor":7},{"not_picked":["Cleave","Thunderclap"],"picked":"Shrug It Off","floor":8},{"not_picked":["Cleave","Blood for Blood"],"picked":"Immolate","floor":11},{"not_picked":["Power Through","Sword Boomerang"],"picked":"Hemokinesis","floor":13},{"not_picked":["Cleave","Pommel Strike","Armaments"],"picked":"SKIP","floor":14},{"not_picked":["Berserk","Exhume"],"picked":"Impervious","floor":16},{"not_picked":["Headbutt+1","Whirlwind+1"],"picked":"Hemokinesis+1","floor":18},{"not_picked":["Wild Strike","Sword Boomerang","Twin Strike+1"],"picked":"SKIP","floor":19},{"not_picked":["Headbutt","Heavy Blade","Infernal Blade"],"picked":"SKIP","floor":22},{"not_picked":["Rage","True Grit"],"picked":"Uppercut","floor":24},{"not_picked":["Wild Strike+1","Havoc","Heavy Blade+1"],"picked":"Singing Bowl","floor":29},{"not_picked":["Anger","Exhume","Clothesline"],"picked":"Singing Bowl","floor":30},{"not_picked":["Power Through","Headbutt"],"picked":"Rupture+1","floor":31},{"not_picked":["Reaper","Barricade"],"picked":"Double Tap","floor":33},{"not_picked":["Havoc+1","Cleave+1","Uppercut"],"picked":"Singing Bowl","floor":35},{"not_picked":["Armaments+1","Blood for Blood+1"],"picked":"Fire Breathing","floor":37},{"not_picked":["Intimidate","Clash+1"],"picked":"True Grit+1","floor":38},{"not_picked":["Pummel","Seeing Red","Iron Wave"],"picked":"Singing Bowl","floor":39},{"not_picked":["Infernal Blade+1","Headbutt"],"picked":"Shrug It Off","floor":40},{"not_picked":["Spot Weakness+1","Uppercut"],"picked":"Shrug It Off+1","floor":41},{"not_picked":["Dropkick+1","True Grit"],"picked":"Battle Trance","floor":42},{"not_picked":["Fire Breathing","Iron Wave+1","Pommel Strike+1"],"picked":"Singing Bowl","floor":44},{"not_picked":["Cleave","Shrug It Off+1"],"picked":"Flex+1","floor":45},{"not_picked":["Twin Strike","True Grit+1","Armaments"],"picked":"Singing Bowl","floor":46},{"not_picked":["Combust+1","Pommel Strike+1"],"picked":"Offering","floor":48},{"not_picked":["Body Slam+1","Shockwave+1","Cleave"],"picked":"Singing Bowl","floor":54}],"player_experience":1459013,"relics_obtained":[{"floor":3,"key":"Orichalcum"},{"floor":7,"key":"Boot"},{"floor":9,"key":"Bronze Scales"},{"floor":11,"key":"Self Forming Clay"},{"floor":13,"key":"Gremlin Horn"},{"floor":20,"key":"Thread and Needle"},{"floor":24,"key":"Regal Pillow"},{"floor":29,"key":"Singing Bowl"},{"floor":40,"key":"Dream Catcher"},{"floor":42,"key":"Pen Nib"},{"floor":43,"key":"Vajra"},{"floor":54,"key":"Bottled Lightning"}],"event_choices":[{"damage_healed":0,"gold_gain":75,"player_choice":"Gather Gold","damage_taken":11,"max_hp_gain":0,"max_hp_loss":0,"event_name":"World of Goop","floor":2,"gold_loss":0},{"cards_removed":["Strike_R"],"damage_healed":0,"gold_gain":0,"player_choice":"Card Removal","damage_taken":0,"max_hp_gain":0,"max_hp_loss":0,"event_name":"Wheel of Change","floor":12,"gold_loss":0},{"cards_removed":["Defend_R"],"damage_healed":0,"gold_gain":0,"player_choice":"Elegance","damage_taken":0,"max_hp_gain":0,"max_hp_loss":0,"event_name":"Back to Basics","floor":21,"gold_loss":0},{"damage_healed":0,"gold_gain":0,"player_choice":"Forge","damage_taken":0,"max_hp_gain":0,"max_hp_loss":0,"event_name":"Accursed Blacksmith","floor":36,"gold_loss":0,"cards_upgraded":["Double Tap"]}],"is_beta":false,"boss_relics":[{"not_picked":["Busted Crown","Fusion Hammer"],"picked":"Snecko Eye"},{"not_picked":["Sozu","Black Blood"],"picked":"Pandora\u0027s Box"}],"items_purged_floors":[28,53],"is_endless":false,"potions_floor_spawned":[4,8,11,13,14,18,22,24,31,38,42,46,48],"ascension_level":5}