{"gold_per_floor":[117,131,131,150,163,133,168,168,168,194,194,222,222],"floor_reached":13,"playtime":760,"items_purged":[],"score":118,"play_id":"22992a52-bf23-49fd-94e8-4f85678a7ba0","local_time":"20181006185147","is_ascension_mode":true,"campfire_choices":[{"data":"Loop","floor":8.0,"key":"SMITH"},{"data":"Fission","floor":11.0,"key":"SMITH"}],"neow_cost":"NONE","seed_source_timestamp":0,"circlet_count":0,"master_deck":["Strike_B","Strike_B","Strike_B","Strike_B","Defend_B","Defend_B","Defend_B","Defend_B","Zap","Dualcast","Loop+1","Chill","Compile Driver","Reinforced Body","Ball Lightning","Fission+1","Conserve Battery"],"special_seed":0,"relics":["Cracked Core","Strawberry","Bottled Flame","Gambling Chip","Boot"],"potions_floor_usage":[],"damage_taken":[{"damage":6.0,"enemies":"2 Louse","floor":1.0,"turns":3.0},{"damage":2.0,"enemies":"Jaw Worm","floor":2.0,"turns":3.0},{"damage":0.0,"enemies":"Cultist","floor":4.0,"turns":3.0},{"damage":3.0,"enemies":"2 Fungi Beasts","floor":5.0,"turns":4.0},{"damage":1.0,"enemies":"Looter","floor":6.0,"turns":4.0},{"damage":34.0,"enemies":"Lagavulin","floor":7.0,"turns":6.0},{"damage":18.0,"enemies":"Gremlin Nob","floor":10.0,"turns":3.0},{"damage":21.0,"enemies":"3 Sentries","floor":12.0,"turns":6.0},{"damage":6,"enemies":"Blue Slaver","floor":13,"turns":1}],"seed_played":"-2901365383356225306","potions_obtained":[{"floor":2.0,"key":"PowerPotion"},{"floor":4.0,"key":"FearPotion"},{"floor":7.0,"key":"FearPotion"},{"floor":12.0,"key":"Dexterity Potion"}],"is_trial":false,"path_per_floor":["M","M","?","M","M","M","E","R","T","E","R","E"],"character_chosen":"DEFECT","items_purchased":[],"campfire_rested":0,"item_purchase_floors":[],"current_hp_per_floor":[76,74,74,74,71,70,43,43,43,25,25,4,0],"gold":222,"neow_bonus":"TEN_PERCENT_HP_BONUS","is_prod":false,"is_daily":false,"chose_seed":false,"campfire_upgraded":2,"win_rate":0,"timestamp":1538869907,"path_taken":["M","M","?","M","M","M","E","R","T","E","R","E","M"],"build_version":"2018-10-04v2","purchased_purges":0,"victory":false,"max_hp_per_floor":[82,82,82,82,82,82,89,89,89,89,89,89,89],"card_choices":[{"not_picked":["Beam Cell","Reprogram"],"picked":"Loop","floor":1.0},{"not_picked":["Cold Snap","Self Repair"],"picked":"Chill","floor":2.0},{"not_picked":["Aggregate","Steam"],"picked":"Compile Driver","floor":4.0},{"not_picked":["Hologram","Double Energy"],"picked":"Reinforced Body","floor":5.0},{"not_picked":["Darkness","Go for the Eyes"],"picked":"Ball Lightning","floor":6.0},{"not_picked":["Melter","Rebound","Go for the Eyes"],"picked":"SKIP","floor":7.0},{"not_picked":["Static Discharge","Chaos"],"picked":"Fission","floor":10.0},{"not_picked":["Leap","Chaos"],"picked":"Conserve Battery","floor":12.0}],"player_experience":107979,"relics_obtained":[{"floor":7.0,"key":"Strawberry"},{"floor":9.0,"key":"Bottled Flame"},{"floor":10.0,"key":"Gambling Chip"},{"floor":12.0,"key":"Boot"}],"event_choices":[{"event_name":"Liars Game","player_choice":"disagreed","floor":3.0,"damage_taken":0.0}],"is_beta":false,"boss_relics":[],"items_purged_floors":[],"is_endless":false,"potions_floor_spawned":[2,4,7,12],"killed_by":"Blue Slaver","ascension_level":3}