{"gold_per_floor":[109,109,122,122,135,170,188,221,221,221,240,254,254],"floor_reached":13,"playtime":931,"items_purged":[],"score":112,"play_id":"ab8b18c7-107e-49a5-909f-3c85751f26d1","local_time":"20180811020150","is_ascension_mode":true,"campfire_choices":[{"floor":10,"key":"REST"}],"neow_cost":"","seed_source_timestamp":287473376468671,"circlet_count":0,"master_deck":["Defend_G","Defend_G","Defend_G","Defend_G+1","Strike_G","Strike_G","Strike_G","Strike_G","Strike_G","Survivor+1","Neutralize","PiercingWail+1","Prepared","Wraith Form v2","Bouncing Flask","Noxious Fumes","Night Terror","Poisoned Stab","Infinite Blades","Deadly Poison"],"relics":["Ring of the Snake","War Paint","Potion Belt","Dodecahedron"],"potions_floor_usage":[8,8,8],"damage_taken":[{"damage":5,"enemies":"Jaw Worm","floor":1,"turns":5},{"damage":2,"enemies":"Cultist","floor":3,"turns":4},{"damage":0,"enemies":"Small Slimes","floor":5,"turns":4},{"damage":28,"enemies":"3 Sentries","floor":6,"turns":12},{"damage":1,"enemies":"Blue Slaver","floor":7,"turns":5},{"damage":24,"enemies":"Gremlin Nob","floor":8,"turns":5},{"damage":2,"enemies":"2 Fungi Beasts","floor":11,"turns":4},{"damage":5,"enemies":"Exordium Wildlife","floor":12,"turns":5},{"damage":25,"enemies":"3 Sentries","floor":13,"turns":4}],"seed_played":"-8177956128228637869","potions_obtained":[{"floor":3,"key":"Explosive Potion"},{"floor":5,"key":"Weak Potion"},{"floor":7,"key":"Strength Potion"}],"is_trial":false,"path_per_floor":["M","?","M","?","M","E","M","E","T","R","M","M"],"character_chosen":"THE_SILENT","items_purchased":[],"campfire_rested":1,"item_purchase_floors":[],"current_hp_per_floor":[65,65,63,63,63,35,34,10,10,31,29,24,0],"gold":254,"neow_bonus":"","is_prod":false,"is_daily":false,"chose_seed":false,"campfire_upgraded":0,"win_rate":0,"timestamp":1533942110,"path_taken":["M","?","M","?","M","E","M","E","T","R","M","M","E"],"build_version":"2018-08-09","purchased_purges":0,"victory":false,"max_hp_per_floor":[70,70,70,70,70,70,70,70,70,70,70,70,70],"card_choices":[{"not_picked":["Predator","Distraction"],"picked":"PiercingWail","floor":1},{"not_picked":["Bane","Slice"],"picked":"Prepared","floor":3},{"not_picked":["Accuracy","Outmaneuver"],"picked":"Bouncing Flask","floor":5},{"not_picked":["Slice","Infinite Blades"],"picked":"Noxious Fumes","floor":6},{"not_picked":["Quick Slash","Cloak And Dagger"],"picked":"Night Terror","floor":7},{"not_picked":["Wraith Form v2","Outmaneuver"],"picked":"Poisoned Stab","floor":8},{"not_picked":["Cloak And Dagger","Dagger Spray"],"picked":"Infinite Blades","floor":11},{"not_picked":["Outmaneuver","Acrobatics"],"picked":"Deadly Poison","floor":12}],"player_experience":209068,"relics_obtained":[{"floor":6,"key":"War Paint"},{"floor":8,"key":"Potion Belt"},{"floor":9,"key":"Dodecahedron"}],"event_choices":[{"event_name":"Upgrade Shrine","player_choice":"Upgraded","floor":2,"damage_taken":0},{"event_name":"Living Wall","player_choice":"Change","floor":4,"damage_taken":0}],"is_beta":false,"boss_relics":[],"items_purged_floors":[],"is_endless":false,"potions_floor_spawned":[3,5,7],"killed_by":"3 Sentries","ascension_level":3}