{"path_per_floor":["M","$","?","T","M","E","M","?","T","M","R","M","M","E","R","B",null,"M","M","T","M","$","R","E","R","T","M","R","E","R","M","R","B",null,"M","$","?","M","?","M","R","E","T","R","M","M","R","T","R","B"],"character_chosen":"IRONCLAD","items_purchased":["Shrug It Off","Champion Belt","Flame Barrier"],"gold_per_floor":[114,67,97,97,114,149,167,167,167,187,187,197,213,239,239,339,339,358,371,371,390,20,20,54,54,124,134,134,161,161,175,175,280,280,299,131,131,144,198,208,208,239,239,239,254,274,274,274,274,274],"floor_reached":51,"campfire_rested":0,"playtime":8732,"current_hp_per_floor":[80,80,73,73,79,80,80,64,64,68,68,64,70,56,56,29,80,80,80,90,89,89,89,87,87,87,90,90,71,71,76,76,74,90,89,89,89,90,82,81,81,87,87,87,90,90,90,90,90,81],"items_purged":["Strike_R","Strike_R"],"gold":274,"play_id":"9e336f88-7c76-44cb-a415-2b0fd9fec575","is_prod":false,"is_daily":false,"is_ascension_mode":false,"campfire_upgraded":11,"path_taken":["M","$","?","?","M","E","M","?","T","M","R","M","M","E","R","BOSS","M","M","?","?","?","R","E","R","T","?","R","E","R","M","R","BOSS","M","$","?","M","?","?","R","E","T","R","M","M","R","?","R","BOSS"],"build_version":"2018-01-25-PROD3","purchased_purges":2,"victory":true,"master_deck":["Strike_R+1","Strike_R","Defend_R","Defend_R","Defend_R","Defend_R","Bash","Shrug It Off+1","Shrug It Off+1","Disarm","Clothesline+1","Sever Soul+1","Inflame+1","Entrench+1","Limit Break+1","Shockwave","Spot Weakness","Battle Trance+1","Metallicize+1","Pommel Strike+1","Barricade+1","Twin Strike+1","Flame Barrier+1","Battle Trance","Metallicize+1","True Grit+1","Feel No Pain+1","Shrug It Off+1"],"max_hp_per_floor":[80,80,80,80,80,80,80,80,80,80,80,80,80,80,80,80,80,80,80,90,90,90,90,90,90,90,90,90,90,90,90,90,90,90,90,90,90,90,90,90,90,90,90,90,90,90,90,90,90,90],"relics":["Burning Blood","NeowsBlessing","Tiny Chest","Omamori","Torii","Art of War","Whetstone","Runic Dome","Pear","Champion Belt","Unceasing Top","Pantograph","Toolbox","Cursed Key","Thread and Needle","Meat on the Bone","Mummified Hand","Frozen Eye"],"card_choices":[{"not_picked":["Armaments","Ghostly Armor"],"picked":"Shrug It Off"},{"not_picked":["Iron Wave","Carnage"],"picked":"Disarm"},{"not_picked":["Intimidate","Sever Soul"],"picked":"Clothesline"},{"not_picked":["Anger","Searing Blow"],"picked":"Sever Soul"},{"not_picked":["Infernal Blade","Shrug It Off"],"picked":"Inflame"},{"not_picked":["Infernal Blade","Sword Boomerang"],"picked":"Entrench"},{"not_picked":["Exhume","Impervious"],"picked":"Limit Break"},{"not_picked":["Clothesline","Havoc"],"picked":"Shockwave"},{"not_picked":["Carnage","Shrug It Off"],"picked":"Spot Weakness"},{"not_picked":["Clothesline","Shockwave"],"picked":"Battle Trance"},{"not_picked":["Armaments","Sentinel"],"picked":"Metallicize"},{"not_picked":["Shrug It Off","Havoc"],"picked":"Pommel Strike"},{"not_picked":["Juggernaut","Fiend Fire"],"picked":"Barricade"},{"not_picked":["Clothesline","Anger"],"picked":"Twin Strike"},{"not_picked":["Wild Strike","Sword Boomerang"],"picked":"Battle Trance"},{"not_picked":["Rupture","Evolve"],"picked":"Metallicize"},{"not_picked":["Corruption","Combust"],"picked":"True Grit"},{"not_picked":["Power Through","Rupture"],"picked":"Feel No Pain"},{"not_picked":["Havoc","Warcry"],"picked":"Shrug It Off"}],"player_experience":235812,"potions_floor_usage":[13,16,24,27,29,33,35,40,46],"damage_taken":[{"damage":0,"enemies":"Blue Slaver","floor":1,"turns":1},{"damage":0,"enemies":"Small Slimes","floor":5,"turns":1},{"damage":0,"enemies":"3 Sentries","floor":6,"turns":2},{"damage":1,"enemies":"Cultist","floor":7,"turns":5},{"damage":2,"enemies":"2 Fungi Beasts","floor":10,"turns":5},{"damage":10,"enemies":"Looter","floor":12,"turns":3},{"damage":0,"enemies":"Red Slaver","floor":13,"turns":4},{"damage":20,"enemies":"Gremlin Nob","floor":14,"turns":4},{"damage":33,"enemies":"Slime Boss","floor":16,"turns":12},{"damage":2,"enemies":"Spheric Guardian","floor":18,"turns":4},{"damage":1,"enemies":"Shell Parasite","floor":19,"turns":5},{"damage":7,"enemies":"Centurion and Healer","floor":21,"turns":6},{"damage":8,"enemies":"Book of Stabbing","floor":24,"turns":5},{"damage":3,"enemies":"3 Cultists","floor":27,"turns":5},{"damage":25,"enemies":"Gremlin Leader","floor":29,"turns":6},{"damage":1,"enemies":"Snecko","floor":31,"turns":4},{"damage":22,"enemies":"Collector","floor":33,"turns":7},{"damage":7,"enemies":"Orb Walker","floor":35,"turns":4},{"damage":0,"enemies":"3 Shapes","floor":38,"turns":6},{"damage":14,"enemies":"Mysterious Sphere","floor":39,"turns":7},{"damage":7,"enemies":"3 Darklings","floor":40,"turns":6},{"damage":0,"enemies":"Nemesis","floor":42,"turns":10},{"damage":0,"enemies":"Maw","floor":45,"turns":7},{"damage":0,"enemies":"4 Shapes","floor":46,"turns":9},{"damage":15,"enemies":"Time Eater","floor":50,"turns":12}],"event_choices":[{"event_name":"Scrap Ooze","player_choice":"success","floor":3,"damage_taken":7},{"event_name":"Shining Light","player_choice":"Entered Light","floor":8,"damage_taken":0},{"event_name":"Mysterious Sphere","player_choice":"Fight","floor":39,"damage_taken":0}],"boss_relics":[{"not_picked":["Question Card","Runic Cube"],"picked":"Runic Dome"},{"not_picked":["Velvet Choker","Eternal Feather"],"picked":"Cursed Key"}],"potions_floor_spawned":[6,7,14,16,21,27,31,39,45],"seed_played":"2607773259702667845","ascension_level":0,"is_trial":false}