{"path_per_floor":["M","M","?","M","T","E","?","M","T","M","M","R","E","M","R"],"character_chosen":"IRONCLAD","items_purchased":[],"gold_per_floor":[118,132,132,152,204,247,322,336,336,356,374,374,410,426,426],"floor_reached":16,"campfire_rested":0,"playtime":1409,"current_hp_per_floor":[80,70,50,57,57,46,35,42,42,44,38,38,22,30,30],"items_purged":[],"gold":426,"play_id":"3114a26f-0d19-42c6-93b5-a344193b80a1","is_prod":false,"is_daily":false,"campfire_rituals":0,"campfire_upgraded":2,"is_hardmode":false,"path_taken":["M","M","?","?","?","E","?","M","T","M","?","R","E","?","R","BOSS"],"build_version":"2018-01-11-PROD2","purchased_purges":0,"victory":false,"master_deck":["Strike_R","Strike_R","Strike_R","Strike_R","Strike_R","Defend_R","Defend_R","Defend_R","Defend_R","Bash","Perfected Strike","Flame Barrier","Clothesline","Headbutt","Flex","Armaments","Warcry"],"max_hp_per_floor":[80,80,80,80,80,80,80,80,80,80,80,80,80,80,80],"relics":["Burning Blood","Blood Vial","Golden Idol","Molten Egg","Prayer Wheel","Champion Belt","Paper Frog"],"campfire_meditates":0,"card_choices":[{"not_picked":["Wild Strike","Iron Wave"],"picked":"Perfected Strike"},{"not_picked":["Corruption","Warcry"],"picked":"Flame Barrier"},{"not_picked":["Bludgeon","Ghostly Armor"],"picked":"Clothesline"},{"not_picked":["Combust","Shockwave"],"picked":"Headbutt"},{"not_picked":["Sever Soul","Wild Strike"],"picked":"Flex"},{"not_picked":["Blood for Blood","Sword Boomerang"],"picked":"Armaments"},{"not_picked":["Heavy Blade","Clash"],"picked":"Warcry"}],"player_experience":250407,"potions_floor_usage":[10,16,16],"damage_taken":[{"damage":5,"enemies":"Small Slimes","floor":1,"turns":3},{"damage":16,"enemies":"Blue Slaver","floor":2,"turns":5},{"damage":1,"enemies":"Cultist","floor":4,"turns":3},{"damage":19,"enemies":"Lagavulin","floor":6,"turns":6},{"damage":1,"enemies":"3 Louse","floor":8,"turns":4},{"damage":6,"enemies":"Exordium Thugs","floor":10,"turns":4},{"damage":14,"enemies":"Large Slime","floor":11,"turns":7},{"damage":24,"enemies":"Gremlin Nob","floor":13,"turns":4},{"damage":0,"enemies":"Red Slaver","floor":14,"turns":4},{"damage":33,"enemies":"The Guardian","floor":16,"turns":9}],"event_choices":[{"event_name":"Golden Idol","player_choice":"Take Damage","floor":3,"damage_taken":0},{"event_name":"World of Goop","player_choice":"Gather Gold","floor":7,"damage_taken":0}],"boss_relics":[],"potions_floor_spawned":[2,8,13,14],"seed_played":"-7388689837460414660","killed_by":"The Guardian","is_trial":false}