{"gold_per_floor":[114,114,114,129,304,304,334,349,349,349,364,394,394,409,409,509,539,554,554,569,207,222,222,252,267,267,447,462,462,462,385,385,485,485,500,515,275,275,590,590,605,605,605,197,212,212,227,249,249,249],"floor_reached":51,"playtime":5772,"items_purged":[],"score":952,"play_id":"24024922-69e5-4ffd-bc79-8f0ced2322d1","local_time":"20180707051956","daily_mods":["Brewmaster","Time Dilation","Vintage"],"is_ascension_mode":false,"campfire_choices":[{"data":"Venomology","floor":6.0,"key":"SMITH"},{"data":"Perfected Strike","floor":10.0,"key":"SMITH"},{"data":"Disarm","floor":13.0,"key":"SMITH"},{"data":"Strike_R","floor":15.0,"key":"SMITH"},{"data":"Demon Form","floor":23,"key":"SMITH"},{"data":"Rampage","floor":30,"key":"SMITH"},{"floor":32,"key":"REST"},{"data":"Barricade","floor":40,"key":"SMITH"},{"data":"Strike_R","floor":42,"key":"SMITH"},{"data":"Inflame","floor":49,"key":"SMITH"}],"neow_cost":"","seed_source_timestamp":19488572396110,"circlet_count":0,"master_deck":["Strike_R+1","Strike_R+1","Strike_R","Strike_R","Strike_R","Defend_R","Defend_R","Defend_R","Defend_R","Bash+1","Venomology+1","Venomology","Venomology","Venomology+1","Venomology","Perfected Strike+1","Disarm+1","Demon Form+1","Rampage+1","Good Instincts+1","Double Tap+1","Armaments+1","J.A.X.+1","Barricade+1","Madness+1","Madness+1","Secret Weapon+1","Inflame+1"],"special_seed":17719,"relics":["Burning Blood","White Beast Statue","Ornamental Fan","Anchor","Du-Vu Doll","Lantern","Art of War","Magic Flower","Letter Opener","Vajra","Toxic Egg 2","Blue Candle","Tiny House","Strawberry","The Courier","Toy Ornithopter","Singing Bowl","Kunai","Juzu Bracelet","Shuriken","Blood Vial","Molten Egg 2","Velvet Choker","Pen Nib","Oddly Smooth Stone","Ice Cream","Old Coin","Mercury Hourglass","Sundial","Potion Belt","Regal Pillow","Omamori","Gambling Chip","Happy Flower","Prayer Wheel"],"potions_floor_usage":[18,18,18,18,20,20,20,22,24,24,24,24,24,25,25,25,25,28,28,28,33,33,33,33,33,33,35,35,39,39,39,39,41,41,41,45,45,45,46,46,46,46,47,47,48,48,48,50,50,50,50,50,50],"damage_taken":[{"damage":5.0,"enemies":"Jaw Worm","floor":1.0,"turns":5.0},{"damage":0.0,"enemies":"Small Slimes","floor":4.0,"turns":2.0},{"damage":12.0,"enemies":"3 Sentries","floor":7.0,"turns":11.0},{"damage":0.0,"enemies":"2 Louse","floor":8.0,"turns":2.0},{"damage":4.0,"enemies":"Blue Slaver","floor":11.0,"turns":3.0},{"damage":20.0,"enemies":"Gremlin Nob","floor":12.0,"turns":5.0},{"damage":3.0,"enemies":"2 Fungi Beasts","floor":14.0,"turns":3.0},{"damage":54.0,"enemies":"Slime Boss","floor":16.0,"turns":14.0},{"damage":21,"enemies":"2 Thieves","floor":18,"turns":4},{"damage":3,"enemies":"Spheric Guardian","floor":20,"turns":3},{"damage":6,"enemies":"Snake Plant","floor":22,"turns":3},{"damage":18,"enemies":"Book of Stabbing","floor":24,"turns":4},{"damage":14,"enemies":"Chosen and Byrds","floor":25,"turns":5},{"damage":32,"enemies":"Sentry and Sphere","floor":28,"turns":6},{"damage":63,"enemies":"Champ","floor":33,"turns":13},{"damage":0,"enemies":"3 Shapes","floor":35,"turns":3},{"damage":0,"enemies":"Orb Walker","floor":36,"turns":2},{"damage":13,"enemies":"4 Shapes","floor":39,"turns":6},{"damage":21,"enemies":"Maw","floor":41,"turns":6},{"damage":25,"enemies":"Sphere and 2 Shapes","floor":45,"turns":6},{"damage":21,"floor":46,"turns":4},{"damage":27,"enemies":"3 Darklings","floor":47,"turns":4},{"damage":17,"floor":48,"turns":5},{"damage":88,"enemies":"Donu and Deca","floor":50,"turns":9}],"seed_played":"-5610983590349585426","potions_obtained":[{"floor":1.0,"key":"Energy Potion"},{"floor":4.0,"key":"LiquidBronze"},{"floor":7.0,"key":"SkillPotion"},{"floor":11.0,"key":"Block Potion"},{"floor":16.0,"key":"Strength Potion"},{"floor":18,"key":"SkillPotion"},{"floor":20,"key":"SteroidPotion"},{"floor":22,"key":"Poison Potion"},{"floor":24,"key":"SteroidPotion"},{"floor":25,"key":"SpeedPotion"},{"floor":28,"key":"Fire Potion"},{"floor":33,"key":"SpeedPotion"},{"floor":35,"key":"Energy Potion"},{"floor":41,"key":"AttackPotion"},{"floor":47,"key":"BloodPotion"},{"floor":48,"key":"Weak Potion"}],"is_trial":false,"path_per_floor":["M","?","?","M","?","R","E","M","T","R","M","E","R","M","R","B",null,"M","?","M","$","M","R","E","M","T","?","M","?","R","?","R","B",null,"M","M","$","?","M","R","M","R","T","$","M","?","M","?","R","B"],"character_chosen":"IRONCLAD","items_purchased":["Toy Ornithopter","Good Instincts+1","Double Tap+1","Ice Cream","Potion Belt","Secret Weapon+1","Regal Pillow"],"campfire_rested":1,"item_purchase_floors":[21,21,21,37,44,44,44],"current_hp_per_floor":[80,80,68,74,74,74,76,80,80,80,80,69,69,80,80,35,85,92,92,92,92,92,92,88,92,92,65,57,39,39,39,68,47,97,97,97,97,85,93,93,95,95,95,95,92,99,86,96,96,57],"gold":249,"neow_bonus":"","is_prod":false,"is_daily":true,"chose_seed":false,"campfire_upgraded":9,"win_rate":0.0,"timestamp":1530929996,"path_taken":["M","?","?","M","?","R","E","M","T","R","M","E","R","?","R","BOSS","M","?","M","$","M","R","E","?","T","?","M","?","R","?","R","BOSS","M","M","$","?","M","R","M","R","T","$","M","?","M","?","R","BOSS"],"build_version":"2018-07-05","purchased_purges":0,"victory":true,"max_hp_per_floor":[80,80,80,80,80,80,80,80,80,80,80,80,80,80,80,80,85,92,92,92,92,92,92,92,92,92,92,92,97,97,97,97,97,97,97,97,97,97,97,97,97,97,97,97,97,99,99,99,99,99],"card_choices":[{"not_picked":["Havoc","Rupture"],"picked":"Perfected Strike","floor":7.0},{"not_picked":["Whirlwind","Clothesline"],"picked":"Disarm","floor":12.0},{"not_picked":["Fiend Fire","Dark Embrace"],"picked":"Demon Form","floor":16.0},{"not_picked":["Sword Boomerang","Searing Blow"],"picked":"Rampage","floor":17},{"not_picked":["Iron Wave","Carnage"],"picked":"Armaments+1","floor":24},{"not_picked":["Brutality","Juggernaut"],"picked":"Barricade","floor":33},{"not_picked":["Reckless Charge+1","Carnage+1","Seeing Red+1"],"picked":"Singing Bowl","floor":46},{"not_picked":["Havoc+1","Pummel+1"],"picked":"Inflame","floor":48}],"player_experience":19906,"relics_obtained":[{"floor":1.0,"key":"Ornamental Fan"},{"floor":4.0,"key":"Du-Vu Doll"},{"floor":7.0,"key":"Lantern"},{"floor":8.0,"key":"Art of War"},{"floor":9.0,"key":"Magic Flower"},{"floor":11.0,"key":"Letter Opener"},{"floor":12.0,"key":"Vajra"},{"floor":14.0,"key":"Toxic Egg 2"},{"floor":16.0,"key":"Blue Candle"},{"floor":18,"key":"Strawberry"},{"floor":20,"key":"The Courier"},{"floor":22,"key":"Singing Bowl"},{"floor":24,"key":"Kunai"},{"floor":25,"key":"Juzu Bracelet"},{"floor":26,"key":"Shuriken"},{"floor":28,"key":"Blood Vial"},{"floor":33,"key":"Molten Egg 2"},{"floor":35,"key":"Pen Nib"},{"floor":36,"key":"Oddly Smooth Stone"},{"floor":39,"key":"Old Coin"},{"floor":41,"key":"Mercury Hourglass"},{"floor":43,"key":"Sundial"},{"floor":45,"key":"Omamori"},{"floor":46,"key":"Gambling Chip"},{"floor":47,"key":"Happy Flower"},{"floor":48,"key":"Prayer Wheel"}],"event_choices":[{"event_name":"Living Wall","player_choice":"Grow","floor":2.0,"damage_taken":0.0},{"event_name":"Scrap Ooze","player_choice":"success","floor":3.0,"damage_taken":12.0},{"event_name":"Liars Game","player_choice":"agreed","floor":5.0,"damage_taken":0.0},{"event_name":"Purifier","player_choice":"One Purge","floor":19,"damage_taken":0},{"event_name":"Knowing Skull","player_choice":"GOLD GOLD ","floor":27,"damage_taken":0},{"event_name":"Forgotten Altar","player_choice":"Shed Blood","floor":29,"damage_taken":0},{"event_name":"Drug Dealer","player_choice":"Got JAXXED","floor":31,"damage_taken":0},{"event_name":"Winding Halls","player_choice":"Embrace Madness","floor":38,"damage_taken":0},{"event_name":"MindBloom","player_choice":"Fight","floor":46,"damage_taken":0},{"event_name":"Mysterious Sphere","player_choice":"Fight","floor":48,"damage_taken":0}],"boss_relics":[{"not_picked":["Eternal Feather","Mark of Pain"],"picked":"Tiny House"},{"not_picked":["Cursed Key","Astrolabe"],"picked":"Velvet Choker"}],"items_purged_floors":[],"is_endless":false,"potions_floor_spawned":[1,4,7,8,11,12,14,16,18,20,22,24,25,28,33,35,36,39,41,45,46,47,48],"ascension_level":0}