{"gold_per_floor":[118,137,137,312,326,353,365,365,388,400,400,420,431,442,442,537,537,554,568,579,597,308,323,352,370,393,393,425,81,81,81,81,81],"floor_reached":33,"playtime":3537,"items_purged":["Strike_B","Doubt"],"score":293,"play_id":"5535be24-f189-4cb8-84f2-94f94496e45e","local_time":"20180710230844","is_ascension_mode":false,"campfire_choices":[{"data":"Dualcast","floor":8,"key":"SMITH"},{"data":"Buffer","floor":11,"key":"SMITH"},{"floor":15,"key":"REST"},{"floor":27,"key":"REST"},{"floor":30,"key":"REST"},{"data":"Rainbow","floor":32,"key":"SMITH"}],"neow_cost":"NONE","seed_source_timestamp":11158889859206,"circlet_count":0,"master_deck":["Strike_B+1","Strike_B","Strike_B+1","Defend_B","Defend_B+1","Defend_B+1","Defend_B","Zap","Dualcast+1","Static Discharge+1","FTL","Glacier","Buffer+1","Rebound","Redo","BootSequence","Doom and Gloom","Rainbow+1","Barrage+1","Compile Driver+1","Beam Cell+1","Capacitor","Ball Lightning","Loop","Reinforced Body","Seek"],"relics":["Cracked Core","Regal Pillow","Whetstone","Vajra","Black Star","Lee\u0027s Waffle","Juzu Bracelet","War Paint","Ancient Tea Set","Pen Nib","Centennial Puzzle","Meat on the Bone","Girya"],"potions_floor_usage":[],"damage_taken":[{"damage":1,"enemies":"Jaw Worm","floor":1,"turns":3},{"damage":0,"enemies":"Cultist","floor":2,"turns":4},{"damage":5,"enemies":"2 Louse","floor":5,"turns":2},{"damage":3,"enemies":"3 Sentries","floor":6,"turns":7},{"damage":8,"enemies":"Exordium Wildlife","floor":7,"turns":3},{"damage":0,"enemies":"Large Slime","floor":10,"turns":3},{"damage":0,"enemies":"Red Slaver","floor":12,"turns":4},{"damage":11,"enemies":"Lots of Slimes","floor":13,"turns":4},{"damage":7,"enemies":"Gremlin Gang","floor":14,"turns":3},{"damage":54,"enemies":"The Guardian","floor":16,"turns":12},{"damage":6,"enemies":"Shell Parasite","floor":18,"turns":6},{"damage":10,"enemies":"Spheric Guardian","floor":19,"turns":4},{"damage":21,"enemies":"Snake Plant","floor":20,"turns":3},{"damage":0,"enemies":"Centurion and Healer","floor":21,"turns":6},{"damage":24,"enemies":"Sentry and Sphere","floor":23,"turns":8},{"damage":28,"enemies":"Book of Stabbing","floor":24,"turns":4},{"damage":8,"enemies":"Snecko","floor":25,"turns":4},{"damage":19,"enemies":"Slavers","floor":28,"turns":5},{"damage":90,"enemies":"Collector","floor":33,"turns":6}],"seed_played":"8831699362441597409","potions_obtained":[{"floor":1,"key":"Block Potion"},{"floor":5,"key":"AttackPotion"},{"floor":7,"key":"Fire Potion"},{"floor":12,"key":"Block Potion"},{"floor":25,"key":"Fire Potion"}],"is_trial":false,"path_per_floor":["M","M","?","?","M","E","M","R","T","M","R","M","M","M","R","B",null,"M","M","M","M","$","M","E","M","T","R","E","$","R","T","R"],"character_chosen":"DEFECT","items_purchased":["Ball Lightning","Lee\u0027s Waffle","Meat on the Bone"],"campfire_rested":3,"item_purchase_floors":[22,22,29],"current_hp_per_floor":[74,74,74,74,69,66,58,58,58,58,58,58,47,40,75,21,75,69,59,38,38,82,58,30,22,22,61,42,42,81,81,81,0],"gold":81,"neow_bonus":"RANDOM_COMMON_RELIC","is_prod":false,"is_daily":false,"chose_seed":false,"campfire_upgraded":3,"win_rate":0,"timestamp":1531289324,"path_taken":["M","M","?","?","M","E","?","R","T","?","R","M","?","M","R","BOSS","M","?","M","M","$","M","E","M","T","R","E","$","R","?","R","BOSS"],"build_version":"2018-07-05","purchased_purges":2,"victory":false,"max_hp_per_floor":[75,75,75,75,75,75,75,75,75,75,75,75,75,75,75,75,75,75,75,75,75,82,82,82,82,82,82,82,82,82,82,82,82],"card_choices":[{"not_picked":["Stack","Heatsinks"],"picked":"Static Discharge","floor":1},{"not_picked":["Blizzard","Compile Driver"],"picked":"FTL","floor":2},{"not_picked":["Undo","Coolheaded"],"picked":"Glacier","floor":5},{"not_picked":["Redo","Sweeping Beam"],"picked":"Buffer","floor":6},{"not_picked":["Conserve Battery","Static Discharge"],"picked":"Rebound","floor":7},{"not_picked":["Coolheaded","Leap","Darkness"],"picked":"SKIP","floor":10},{"not_picked":["Machine Learning","Hologram"],"picked":"Redo","floor":12},{"not_picked":["Compile Driver","Sweeping Beam"],"picked":"BootSequence","floor":13},{"not_picked":["Auto Shields","Cold Snap"],"picked":"Doom and Gloom","floor":14},{"not_picked":["Buffer","Echo Form"],"picked":"Rainbow","floor":16},{"not_picked":["Stack","Beam Cell"],"picked":"Barrage+1","floor":18},{"not_picked":["Darkness","Double Energy"],"picked":"Compile Driver+1","floor":19},{"not_picked":["Self Repair","Streamline"],"picked":"Beam Cell+1","floor":20},{"not_picked":["Compile Driver+1","Cold Snap"],"picked":"Capacitor","floor":21},{"not_picked":["BootSequence+1","Coolheaded","Hello World"],"picked":"SKIP","floor":23},{"not_picked":["Conserve Battery","Steam+1"],"picked":"Loop","floor":24},{"not_picked":["Redo","Rebound"],"picked":"Reinforced Body","floor":25},{"not_picked":["Beam Cell","Conserve Battery"],"picked":"Seek","floor":28}],"player_experience":16488,"relics_obtained":[{"floor":6,"key":"Whetstone"},{"floor":9,"key":"Vajra"},{"floor":24,"key":"Juzu Bracelet"},{"floor":24,"key":"War Paint"},{"floor":26,"key":"Ancient Tea Set"},{"floor":28,"key":"Pen Nib"},{"floor":28,"key":"Centennial Puzzle"},{"floor":31,"key":"Girya"}],"event_choices":[{"event_name":"Upgrade Shrine","player_choice":"Upgraded","floor":3,"damage_taken":0},{"event_name":"Liars Game","player_choice":"agreed","floor":4,"damage_taken":0}],"boss_relics":[{"not_picked":["Lizard Tail","Tiny House"],"picked":"Black Star"}],"items_purged_floors":[22,29],"is_endless":false,"potions_floor_spawned":[1,5,7,12,14,20,21,23,24,25],"killed_by":"Collector","ascension_level":0}