{"gold_per_floor":[112,112,131,56,81,81,105,140,140,160,160,196,210,61,61,154,154,168,93,108,3,3],"floor_reached":22,"playtime":1481,"items_purged":["Strike_R","Strike_R"],"score":333,"play_id":"3a53e3bd-b421-4cf3-9b7f-10cb97447a00","local_time":"20190218215134","is_ascension_mode":true,"campfire_choices":[{"data":"Bash","floor":6.0,"key":"SMITH"},{"data":"Armaments","floor":11.0,"key":"SMITH"},{"data":"Rampage","floor":15.0,"key":"SMITH"}],"neow_cost":"NONE","seed_source_timestamp":0,"circlet_count":0,"master_deck":["AscendersBane","Strike_R","Strike_R","Defend_R+1","Defend_R+1","Defend_R","Defend_R","Bash+1","Battle Trance","Rampage+1","Armaments+1","Clothesline","Impervious","True Grit","Cleave","Reaper","Shrug It Off","Flame Barrier","Spot Weakness"],"special_seed":0,"relics":["Burning Blood","War Paint","Golden Idol","Gambling Chip","Girya","Letter Opener","Runic Cube"],"potions_floor_usage":[22],"damage_taken":[{"damage":0.0,"enemies":"Jaw Worm","floor":1.0,"turns":5.0},{"damage":2.0,"enemies":"Small Slimes","floor":3.0,"turns":4.0},{"damage":2.0,"enemies":"2 Louse","floor":5.0,"turns":3.0},{"damage":9.0,"enemies":"Looter","floor":7.0,"turns":3.0},{"damage":40.0,"enemies":"Lagavulin","floor":8.0,"turns":7.0},{"damage":1.0,"enemies":"Exordium Thugs","floor":10.0,"turns":6.0},{"damage":6.0,"enemies":"Gremlin Nob","floor":12.0,"turns":3.0},{"damage":5.0,"enemies":"Blue Slaver","floor":13.0,"turns":3.0},{"damage":44.0,"enemies":"Slime Boss","floor":16.0,"turns":12.0},{"damage":26.0,"enemies":"Spheric Guardian","floor":18.0,"turns":6.0},{"damage":34,"enemies":"3 Byrds","floor":20,"turns":7},{"damage":11,"enemies":"Snake Plant","floor":22,"turns":4}],"seed_played":"343146381079031843","potions_obtained":[{"floor":7.0,"key":"Explosive Potion"},{"floor":8.0,"key":"Fire Potion"},{"floor":10.0,"key":"AttackPotion"},{"floor":12.0,"key":"Regen Potion"},{"floor":20,"key":"AttackPotion"}],"is_trial":false,"path_per_floor":["M","?","M","$","M","R","M","E","T","M","R","E","M","$","R","B",null,"M","?","M","$","M"],"character_chosen":"IRONCLAD","items_purchased":["Cleave","Flame Barrier","Spot Weakness"],"campfire_rested":0,"item_purchase_floors":[14,21,21],"current_hp_per_floor":[74,56,60,60,64,64,61,27,27,32,32,32,33,33,33,10,59,39,39,11,11,0],"gold":3,"neow_bonus":"RANDOM_COMMON_RELIC","is_prod":false,"is_daily":false,"chose_seed":false,"campfire_upgraded":3,"win_rate":0,"timestamp":1550548294,"path_taken":["M","?","M","$","M","R","M","E","T","M","R","E","M","$","R","BOSS","M","?","M","$","M"],"build_version":"2019-01-23","purchased_purges":2,"victory":false,"max_hp_per_floor":[75,75,75,75,75,75,75,75,75,75,75,75,75,75,75,75,75,75,75,75,75,75],"card_choices":[{"not_picked":["Twin Strike","Evolve"],"picked":"Battle Trance","floor":1.0},{"not_picked":["Searing Blow","Havoc"],"picked":"Rampage","floor":3.0},{"not_picked":["Perfected Strike","Thunderclap"],"picked":"Armaments","floor":5.0},{"not_picked":["Heavy Blade","Whirlwind"],"picked":"Clothesline","floor":7.0},{"not_picked":["Sword Boomerang","Blood for Blood"],"picked":"Impervious","floor":8.0},{"not_picked":["Dropkick","Armaments","Perfected Strike"],"picked":"SKIP","floor":10.0},{"not_picked":["Warcry","Seeing Red","Iron Wave"],"picked":"SKIP","floor":12.0},{"not_picked":["Intimidate","Anger"],"picked":"True Grit","floor":13.0},{"not_picked":["Limit Break","Barricade"],"picked":"Reaper","floor":16.0},{"not_picked":["Bloodletting","Second Wind","Sentinel"],"picked":"SKIP","floor":18.0},{"not_picked":["Fire Breathing+1","Twin Strike"],"picked":"Shrug It Off","floor":20}],"player_experience":508154,"relics_obtained":[{"floor":8.0,"key":"Gambling Chip"},{"floor":9.0,"key":"Girya"},{"floor":12.0,"key":"Letter Opener"}],"event_choices":[{"damage_healed":0.0,"max_hp_gain":0.0,"max_hp_loss":0.0,"gold_gain":0.0,"event_name":"Golden Idol","player_choice":"Take Damage","floor":2.0,"gold_loss":0.0,"damage_taken":18.0,"relics_obtained":["Golden Idol"]},{"cards_removed":["Strike_R"],"damage_healed":0,"gold_gain":0,"player_choice":"Gave Gold","damage_taken":0,"max_hp_gain":0,"max_hp_loss":0,"event_name":"Beggar","floor":19,"gold_loss":75}],"is_beta":false,"boss_relics":[{"not_picked":["Astrolabe","White Beast Statue"],"picked":"Runic Cube"}],"items_purged_floors":[4,14],"is_endless":false,"potions_floor_spawned":[7,8,10,12,20],"killed_by":"Snake Plant","ascension_level":14}