{"path_per_floor":["M","$","?","M","?","E","R","E","T","E","$","M","R","M","R","B",null,"M","$","?","$","?","E","R","M","T","R","$","M","$","M","R","B",null,"M","M","$","M","M","R","$","R","T","M","M","?","R","M","R","B"],"character_chosen":"THE_SILENT","items_purchased":["Apotheosis","Ancient Tea Set","Caltrops","Vajra"],"gold_per_floor":[116,41,41,58,58,385,385,410,410,445,9,28,28,42,42,138,138,149,99,14,14,14,42,42,52,52,52,2,21,21,38,38,136,136,152,167,16,32,52,52,2,2,2,15,28,28,28,41,41,41],"floor_reached":51,"campfire_rested":0,"playtime":3604,"current_hp_per_floor":[70,70,70,70,70,70,70,68,68,56,56,56,56,56,56,50,76,62,62,62,62,42,42,42,41,41,41,41,41,41,41,41,41,42,42,42,42,42,42,42,42,42,42,42,42,42,42,42,42,42],"items_purged":["Strike_G","Strike_G","Strike_G","Strike_G","Defend_G"],"gold":41,"score":1006,"play_id":"d80c4d15-7a25-4147-a9be-f95cf8620cb5","local_time":"20180504040914","is_prod":false,"is_daily":false,"chose_seed":false,"is_ascension_mode":true,"campfire_upgraded":10,"timestamp":1525421354,"path_taken":["M","$","?","M","?","E","R","E","T","E","$","M","R","M","R","BOSS","M","$","?","$","?","E","R","?","T","R","$","M","?","M","R","BOSS","M","M","$","M","M","R","$","R","T","M","M","?","R","M","R","BOSS"],"build_version":"2018-05-03","seed_source_timestamp":190566895986444,"purchased_purges":5,"victory":true,"master_deck":["Defend_G","Defend_G","Defend_G","Defend_G","Survivor+1","Neutralize","Dagger Throw","Footwork+1","Predator+1","Dagger Spray","Apotheosis+1","Caltrops+1","Adrenaline+1","Ghostly+1","Ghostly+1","Ghostly","Ghostly","Ghostly","Well Laid Plans+1","Footwork+1","Cloak And Dagger+1","Underhanded Strike+1","Glass Knife+1","Leg Sweep+1","Prepared+1","Cloak And Dagger+1","Dodge and Roll+1","Infinite Blades+1"],"max_hp_per_floor":[70,70,70,70,70,70,70,84,84,84,84,84,84,84,84,84,84,84,84,84,84,42,42,42,42,42,42,42,42,42,42,42,42,42,42,42,42,42,42,42,42,42,42,42,42,42,42,42,42,42],"relics":["Ring of the Snake","NeowsBlessing","Old Coin","Mango","Shuriken","Smiling Mask","Ancient Tea Set","Sozu","Molten Egg 2","Bag of Preparation","Mercury Hourglass","Cursed Key","Vajra"],"card_choices":[{"not_picked":["Dodge and Roll","PiercingWail"],"picked":"Dagger Throw","floor":1},{"not_picked":["Riddle With Holes","Deadly Poison"],"picked":"Predator","floor":4},{"not_picked":["Underhanded Strike","Dagger Throw"],"picked":"Dagger Spray","floor":10},{"not_picked":["A Thousand Cuts","Wraith Form v2"],"picked":"Adrenaline","floor":16},{"not_picked":["Heel Hook","Backstab"],"picked":"Well Laid Plans","floor":23},{"not_picked":["Dodge and Roll","Endless Agony"],"picked":"Footwork","floor":25},{"not_picked":["Deflect","Flying Knee"],"picked":"Cloak And Dagger","floor":29},{"not_picked":["Dagger Throw","Expertise"],"picked":"Underhanded Strike","floor":31},{"not_picked":["Night Terror","Unload"],"picked":"Glass Knife","floor":33},{"not_picked":["Backflip","Acrobatics"],"picked":"Leg Sweep","floor":35},{"not_picked":["Backflip","All Out Attack"],"picked":"Prepared","floor":38},{"not_picked":["PiercingWail","Prepared"],"picked":"Cloak And Dagger","floor":44},{"not_picked":["Sucker Punch","Terror"],"picked":"Dodge and Roll","floor":45},{"not_picked":["Finisher","Distraction"],"picked":"Infinite Blades","floor":48}],"player_experience":430644,"potions_floor_usage":[8,16,23],"damage_taken":[{"damage":0,"enemies":"Jaw Worm","floor":1,"turns":1},{"damage":0,"enemies":"Cultist","floor":4,"turns":1},{"damage":0,"enemies":"3 Sentries","floor":6,"turns":1},{"damage":16,"enemies":"Gremlin Nob","floor":8,"turns":3},{"damage":12,"enemies":"3 Sentries","floor":10,"turns":7},{"damage":0,"enemies":"2 Louse","floor":12,"turns":2},{"damage":0,"enemies":"Blue Slaver","floor":14,"turns":3},{"damage":6,"enemies":"Hexaghost","floor":16,"turns":9},{"damage":14,"enemies":"2 Thieves","floor":18,"turns":4},{"damage":0,"enemies":"Slavers","floor":23,"turns":6},{"damage":1,"enemies":"Chosen","floor":25,"turns":5},{"damage":0,"enemies":"Centurion and Healer","floor":29,"turns":6},{"damage":0,"enemies":"Snake Plant","floor":31,"turns":4},{"damage":0,"enemies":"Collector","floor":33,"turns":8},{"damage":0,"enemies":"Orb Walker","floor":35,"turns":3},{"damage":0,"enemies":"3 Darklings","floor":36,"turns":4},{"damage":0,"enemies":"Maw","floor":38,"turns":8},{"damage":0,"enemies":"Sphere and 2 Shapes","floor":39,"turns":4},{"damage":0,"enemies":"4 Shapes","floor":44,"turns":6},{"damage":0,"enemies":"Maw","floor":45,"turns":7},{"damage":0,"enemies":"Sphere and 2 Shapes","floor":48,"turns":3},{"damage":0,"enemies":"Donu and Deca","floor":50,"turns":10}],"event_choices":[{"event_name":"Transmorgrifier","player_choice":"Transform","floor":3,"damage_taken":0},{"event_name":"Liars Game","player_choice":"disagreed","floor":5,"damage_taken":0},{"event_name":"Addict","player_choice":"Obtained Relic","floor":20,"damage_taken":0},{"event_name":"Ghosts","player_choice":"Became a Ghost","floor":22,"damage_taken":0},{"event_name":"Mysterious Sphere","player_choice":"Ignore","floor":46,"damage_taken":0}],"boss_relics":[{"not_picked":["Tiny House","Calling Bell"],"picked":"Sozu"},{"not_picked":["Pandora\u0027s Box","Snecko Eye"],"picked":"Cursed Key"}],"potions_floor_spawned":[4,10,16,29,31,36,39,48],"seed_played":"-3333775729494117261","ascension_level":5,"is_trial":false}