{"gold_per_floor":[118,118,128,53,70,105,105,118,118,118],"floor_reached":10,"playtime":656,"items_purged":["Writhe"],"score":85,"play_id":"deb53259-6b1e-422c-91be-2d654aa15643","local_time":"20181203213529","is_ascension_mode":true,"campfire_choices":[{"floor":7,"key":"REST"}],"neow_cost":"CURSE","seed_source_timestamp":620456184959768,"circlet_count":0,"master_deck":["Defend_G","Defend_G","Defend_G","Defend_G","Defend_G","Strike_G","Strike_G","Strike_G","Survivor","Neutralize","Masterful Stab","A Thousand Cuts","Blur","Cloak And Dagger","Cloak And Dagger","Die Die Die","Well Laid Plans"],"relics":["Ring of the Snake","Anchor","Tough Bandages"],"potions_floor_usage":[6,10],"damage_taken":[{"damage":0,"enemies":"Small Slimes","floor":1,"turns":3},{"damage":0,"enemies":"2 Louse","floor":3,"turns":3},{"damage":0,"enemies":"Jaw Worm","floor":5,"turns":4},{"damage":47,"enemies":"Lagavulin","floor":6,"turns":12},{"damage":12,"enemies":"Exordium Thugs","floor":8,"turns":6},{"damage":31,"enemies":"Lagavulin Event","floor":10,"turns":8}],"seed_played":"1128409691228115432","potions_obtained":[{"floor":1,"key":"FearPotion"},{"floor":5,"key":"Energy Potion"}],"is_trial":false,"path_per_floor":["M","?","M","$","M","E","R","M","T","?"],"character_chosen":"THE_SILENT","items_purchased":[],"campfire_rested":1,"item_purchase_floors":[],"current_hp_per_floor":[70,67,67,67,67,20,41,29,29,0],"gold":118,"neow_bonus":"TRANSFORM_TWO_CARDS","is_prod":false,"is_daily":false,"chose_seed":false,"campfire_upgraded":0,"win_rate":0,"timestamp":1543894529,"path_taken":["M","?","M","$","M","E","R","M","T","?"],"build_version":"2018-11-15","purchased_purges":1,"victory":false,"max_hp_per_floor":[70,70,70,70,70,70,70,70,70,70],"card_choices":[{"not_picked":["Slice","Outmaneuver"],"picked":"Blur","floor":1},{"not_picked":["Underhanded Strike","Calculated Gamble"],"picked":"Cloak And Dagger","floor":3},{"not_picked":["Underhanded Strike","Backflip"],"picked":"Cloak And Dagger","floor":5},{"not_picked":["Setup","Flying Knee"],"picked":"Die Die Die","floor":6},{"not_picked":["Flying Knee","Deadly Poison"],"picked":"Well Laid Plans","floor":8}],"player_experience":241768,"relics_obtained":[{"floor":6,"key":"Tough Bandages"}],"event_choices":[{"damage_healed":0,"gold_gain":0,"player_choice":"Success","damage_taken":3,"relics_obtained":["Anchor"],"max_hp_gain":0,"max_hp_loss":0,"event_name":"Scrap Ooze","floor":2,"gold_loss":0},{"damage_healed":0,"gold_gain":0,"player_choice":"Searched \u00271\u0027 times","damage_taken":0,"max_hp_gain":0,"max_hp_loss":0,"event_name":"Dead Adventurer","floor":10,"gold_loss":0}],"is_beta":false,"boss_relics":[],"items_purged_floors":[4],"is_endless":false,"potions_floor_spawned":[1,5],"killed_by":"Lagavulin Event","ascension_level":5}