{"path_per_floor":["M","M","$","M","M","R","E","?","T","R","E","M","R","?","R","B",null,"M","?","?","M","$","E","R","M","T","M","R","$","M","M","R","B",null,"M","M","T","?","M","E","R","?","T","M","M","R","M","$","R"],"character_chosen":"THE_SILENT","items_purchased":["Noxious Fumes","Bag of Preparation","Leg Sweep","Strawberry"],"gold_per_floor":[115,127,53,73,84,84,113,113,113,113,144,157,157,232,232,335,335,346,346,346,363,67,125,125,139,139,152,152,3,22,38,38,141,141,160,171,171,0,10,39,39,39,63,74,93,93,108,8,8,8],"floor_reached":50,"campfire_rested":2,"playtime":3605,"current_hp_per_floor":[70,70,70,63,59,59,36,59,59,59,58,58,58,47,47,35,61,56,56,49,49,49,47,47,41,41,36,36,43,37,27,43,13,45,54,54,68,68,59,26,26,26,26,27,40,40,32,32,54,0],"items_purged":["Defend_G","Bite"],"gold":8,"score":655,"play_id":"1ab93e5e-d0f9-44d4-b933-857c084ad8b0","local_time":"20180413225518","is_prod":false,"is_daily":false,"chose_seed":false,"is_ascension_mode":true,"campfire_upgraded":8,"timestamp":1523652918,"path_taken":["M","M","$","M","M","R","E","?","T","R","E","M","R","?","R","BOSS","M","?","?","M","$","E","R","M","T","?","R","?","M","M","R","BOSS","M","M","?","?","?","E","R","?","T","M","M","R","M","?","R","BOSS"],"build_version":"2018-04-12","seed_source_timestamp":138020095392959,"purchased_purges":2,"victory":false,"master_deck":["Defend_G","Defend_G","Defend_G","Defend_G","Survivor","Neutralize+1","Bouncing Flask+1","PiercingWail","Noxious Fumes+1","Quick Slash+1","Malaise+1","Terror+1","Tools of the Trade+1","Bite","Bite","Bite","Bite","Flying Knee","Leg Sweep+1","Heel Hook+1","Burst+1"],"max_hp_per_floor":[70,70,70,70,70,70,70,70,70,70,70,70,70,70,70,70,70,70,70,49,49,49,49,49,49,49,49,49,56,56,56,56,56,56,56,56,70,70,70,70,70,70,70,72,74,74,76,76,76,76],"relics":["Ring of the Snake","Bronze Scales","Du-Vu Doll","Frozen Egg 2","Anchor","Runic Dome","Bag of Preparation","Tiny Chest","Lantern","Strawberry","Velvet Choker","Mango","Red Mask","Juzu Bracelet","Singing Bowl"],"card_choices":[{"not_picked":["Sucker Punch","Dodge and Roll"],"picked":"Bouncing Flask","floor":1},{"not_picked":["Skewer","Dagger Throw"],"picked":"PiercingWail","floor":2},{"not_picked":["Riddle With Holes","Sucker Punch"],"picked":"Quick Slash","floor":4},{"not_picked":["Calculated Gamble","Acrobatics"],"picked":"Malaise","floor":5},{"not_picked":["Grand Finale","Riddle With Holes"],"picked":"Backflip","floor":7},{"not_picked":["Deflect","Masterful Stab"],"picked":"Terror","floor":12},{"not_picked":["Storm of Steel","Night Terror"],"picked":"Tools of the Trade","floor":16},{"not_picked":["Bane","Backstab"],"picked":"Flying Knee","floor":21},{"not_picked":["Masterful Stab","Deflect"],"picked":"Heel Hook","floor":27},{"not_picked":["Tools of the Trade","Night Terror"],"picked":"Burst","floor":33}],"player_experience":240310,"potions_floor_usage":[16,16,33,50,50,50],"damage_taken":[{"damage":0,"enemies":"Jaw Worm","floor":1,"turns":5},{"damage":0,"enemies":"Small Slimes","floor":2,"turns":4},{"damage":7,"enemies":"2 Louse","floor":4,"turns":3},{"damage":4,"enemies":"Blue Slaver","floor":5,"turns":4},{"damage":23,"enemies":"Gremlin Nob","floor":7,"turns":5},{"damage":1,"enemies":"3 Sentries","floor":11,"turns":5},{"damage":0,"enemies":"Large Slime","floor":12,"turns":5},{"damage":12,"enemies":"Slime Boss","floor":16,"turns":9},{"damage":5,"enemies":"Chosen","floor":18,"turns":4},{"damage":1,"enemies":"Shell Parasite","floor":21,"turns":5},{"damage":9,"enemies":"Gremlin Leader","floor":23,"turns":6},{"damage":14,"enemies":"Snecko","floor":25,"turns":5},{"damage":15,"enemies":"Snake Plant","floor":27,"turns":6},{"damage":18,"enemies":"Chosen and Byrds","floor":30,"turns":6},{"damage":26,"enemies":"Centurion and Healer","floor":31,"turns":7},{"damage":54,"enemies":"Automaton","floor":33,"turns":10},{"damage":5,"enemies":"3 Darklings","floor":35,"turns":5},{"damage":6,"enemies":"3 Shapes","floor":36,"turns":6},{"damage":21,"enemies":"Maw","floor":39,"turns":8},{"damage":39,"enemies":"2 Orb Walkers","floor":40,"turns":6},{"damage":11,"enemies":"4 Shapes","floor":44,"turns":8},{"damage":3,"enemies":"3 Darklings","floor":45,"turns":6},{"damage":28,"enemies":"Sphere and 2 Shapes","floor":47,"turns":6},{"damage":75,"enemies":"Donu and Deca","floor":50,"turns":8}],"event_choices":[{"event_name":"Big Fish","player_choice":"Banana","floor":8,"damage_taken":0},{"event_name":"World of Goop","player_choice":"Gather Gold","floor":14,"damage_taken":0},{"event_name":"Drug Dealer","player_choice":"Ignored","floor":19,"damage_taken":0},{"event_name":"Vampires","player_choice":"Became a vampire","floor":20,"damage_taken":0},{"event_name":"Tomb of Lord Red Mask","player_choice":"Paid","floor":38,"damage_taken":0}],"boss_relics":[{"not_picked":["White Beast Statue","Black Star"],"picked":"Runic Dome"},{"not_picked":["Philosopher\u0027s Stone","Lizard Tail"],"picked":"Velvet Choker"}],"potions_floor_spawned":[5,7,11,21,30,31,33,39,40,44,45],"seed_played":"5409033043706196090","killed_by":"Donu and Deca","ascension_level":5,"is_trial":false}