{"gold_per_floor":[13,29,46,64,80,80,108,108,131,131,150,175,475,0,0,0],"floor_reached":16,"playtime":4196,"items_purged":["Strike_R"],"score":207,"play_id":"de216b95-5f66-4fe6-bae6-279ca1546cd8","local_time":"20190309015542","is_ascension_mode":true,"campfire_choices":[{"data":"Hemokinesis","floor":6,"key":"SMITH"},{"floor":8,"key":"REST"},{"floor":15,"key":"REST"}],"neow_cost":"NO_GOLD","seed_source_timestamp":435765801421432,"circlet_count":0,"master_deck":["AscendersBane","Strike_R","Strike_R","Strike_R","Strike_R","Defend_R","Defend_R","Defend_R","Defend_R","Bash","Headbutt","Hemokinesis+1","Iron Wave","True Grit+1","Shrug It Off","Feed","Carnage"],"relics":["Burning Blood","Turnip","Calipers","Vajra","Blood Vial","Old Coin","WingedGreaves"],"potions_floor_usage":[7,12,16],"damage_taken":[{"damage":19,"enemies":"Small Slimes","floor":1,"turns":5},{"damage":11,"enemies":"Jaw Worm","floor":2,"turns":4},{"damage":5,"enemies":"2 Louse","floor":3,"turns":3},{"damage":17,"enemies":"Blue Slaver","floor":4,"turns":5},{"damage":9,"enemies":"2 Fungi Beasts","floor":5,"turns":3},{"damage":31,"enemies":"3 Sentries","floor":7,"turns":11},{"damage":3,"enemies":"Large Slime","floor":11,"turns":6},{"damage":33,"enemies":"Lagavulin","floor":12,"turns":7},{"damage":34,"enemies":"Hexaghost","floor":16,"turns":10}],"seed_played":"-2968179873720525971","potions_obtained":[{"floor":4,"key":"LiquidBronze"},{"floor":5,"key":"Swift Potion"},{"floor":11,"key":"SkillPotion"},{"floor":12,"key":"SpeedPotion"}],"is_trial":false,"path_per_floor":["M","M","M","M","M","R","E","R","T","?","M","E","T","$","R","B"],"character_chosen":"IRONCLAD","items_purchased":["WingedGreaves","Carnage"],"campfire_rested":2,"item_purchase_floors":[14,14],"current_hp_per_floor":[55,50,51,40,37,37,12,34,34,34,37,10,10,10,32,0],"gold":0,"neow_bonus":"ONE_RARE_RELIC","is_prod":false,"is_daily":false,"chose_seed":false,"campfire_upgraded":1,"win_rate":0,"timestamp":1552114542,"path_taken":["M","M","M","M","M","R","E","R","T","?","M","E","?","?","R","BOSS"],"build_version":"2019-01-23","purchased_purges":1,"victory":false,"max_hp_per_floor":[75,75,75,75,75,75,75,75,75,75,75,75,75,75,75,75],"card_choices":[{"not_picked":["Heavy Blade","Thunderclap"],"picked":"Headbutt","floor":1},{"not_picked":["Thunderclap","Clash","Seeing Red"],"picked":"SKIP","floor":2},{"not_picked":["Entrench","Armaments"],"picked":"Hemokinesis","floor":3},{"not_picked":["Pommel Strike","Entrench"],"picked":"Iron Wave","floor":4},{"not_picked":["Dropkick","Second Wind"],"picked":"True Grit","floor":5},{"not_picked":["Heavy Blade","Wild Strike"],"picked":"Shrug It Off","floor":7},{"not_picked":["Iron Wave","Flex"],"picked":"Feed","floor":11},{"not_picked":["Flex","Anger","Thunderclap"],"picked":"SKIP","floor":12}],"player_experience":888041,"relics_obtained":[{"floor":7,"key":"Calipers"},{"floor":9,"key":"Vajra"},{"floor":12,"key":"Blood Vial"},{"floor":13,"key":"Old Coin"}],"event_choices":[{"damage_healed":0,"gold_gain":0,"player_choice":"Grow","damage_taken":0,"max_hp_gain":0,"max_hp_loss":0,"event_name":"Living Wall","floor":10,"gold_loss":0,"cards_upgraded":["True Grit"]}],"is_beta":false,"boss_relics":[],"items_purged_floors":[14],"is_endless":false,"potions_floor_spawned":[4,5,11,12],"killed_by":"Hexaghost","ascension_level":17}