{"gold_per_floor":[119,132,2,21,39,39,68,83,83,83,83,100,100,117,117,190,190,202,217,235,285,72,98,98,98,98,98,98,112,112,122,122,122],"floor_reached":33,"playtime":1802,"items_purged":["Strike_B"],"score":511,"play_id":"521bfcf3-5069-41da-b96b-6b9825b4e3b6","local_time":"20190225203521","is_ascension_mode":true,"campfire_choices":[{"data":"Zap","floor":6,"key":"SMITH"},{"floor":10,"key":"REST"},{"floor":13,"key":"REST"},{"floor":15,"key":"REST"},{"data":"Core Surge","floor":25,"key":"SMITH"},{"data":"Streamline","floor":28,"key":"SMITH"},{"data":"Capacitor","floor":30,"key":"SMITH"},{"data":"Biased Cognition","floor":32,"key":"SMITH"}],"neow_cost":"TEN_PERCENT_HP_LOSS","seed_source_timestamp":939293983948343,"circlet_count":0,"master_deck":["AscendersBane","Strike_B","Strike_B","Strike_B","Defend_B","Defend_B","Defend_B","Defend_B","Zap+1","Dualcast","Biased Cognition+1","Capacitor+1","Leap","Streamline+1","Conserve Battery","Rebound","Cold Snap","Coolheaded+1","Genetic Algorithm","Core Surge+1","Cold Snap","Beam Cell+1"],"relics":["Cracked Core","Centennial Puzzle","Torii","Coffee Dripper","ClockworkSouvenir","Pocketwatch","Oddly Smooth Stone","Singing Bowl"],"potions_floor_usage":[7,23,33,33],"damage_taken":[{"damage":3,"enemies":"2 Louse","floor":1,"turns":2},{"damage":1,"enemies":"Cultist","floor":2,"turns":3},{"damage":5,"enemies":"Small Slimes","floor":4,"turns":3},{"damage":4,"enemies":"Blue Slaver","floor":5,"turns":5},{"damage":32,"enemies":"Gremlin Nob","floor":7,"turns":4},{"damage":13,"enemies":"Large Slime","floor":8,"turns":4},{"damage":20,"enemies":"Exordium Thugs","floor":12,"turns":5},{"damage":1,"enemies":"2 Fungi Beasts","floor":14,"turns":2},{"damage":17,"enemies":"Hexaghost","floor":16,"turns":14},{"damage":12,"enemies":"Spheric Guardian","floor":18,"turns":4},{"damage":1,"enemies":"Chosen","floor":19,"turns":5},{"damage":23,"enemies":"Centurion and Healer","floor":20,"turns":12},{"damage":15,"enemies":"Book of Stabbing","floor":23,"turns":5},{"damage":15,"enemies":"Colosseum Slavers","floor":24,"turns":4},{"damage":0,"enemies":"Cultist and Chosen","floor":29,"turns":5},{"damage":1,"enemies":"Sentry and Sphere","floor":31,"turns":6},{"damage":21,"enemies":"Champ","floor":33,"turns":12}],"seed_played":"-3316334297875032038","potions_obtained":[{"floor":2,"key":"Ancient Potion"},{"floor":4,"key":"FearPotion"},{"floor":12,"key":"FairyPotion"},{"floor":16,"key":"SteroidPotion"},{"floor":29,"key":"SkillPotion"},{"floor":31,"key":"FocusPotion"}],"is_trial":false,"path_per_floor":["M","M","$","M","M","R","E","M","T","R","?","M","R","M","R","B",null,"M","M","M","?","$","E","?","R","T","T","R","M","R","M","R","B"],"character_chosen":"DEFECT","items_purchased":["Streamline","ClockworkSouvenir"],"campfire_rested":3,"item_purchase_floors":[3,22],"current_hp_per_floor":[61,60,60,55,51,51,19,6,6,25,25,5,24,23,42,25,54,42,41,18,18,18,3,6,6,6,6,6,8,8,9,9,0],"gold":122,"neow_bonus":"THREE_RARE_CARDS","is_prod":false,"is_daily":false,"chose_seed":false,"campfire_upgraded":5,"win_rate":0,"timestamp":1551148521,"path_taken":["M","M","$","M","M","R","E","M","T","R","?","M","R","M","R","BOSS","M","M","M","?","$","E","?","R","T","?","R","M","R","M","R","BOSS"],"build_version":"2019-01-23","purchased_purges":1,"victory":false,"max_hp_per_floor":[64,64,64,64,64,64,64,64,64,64,64,64,64,64,64,64,64,64,64,64,64,64,64,64,64,64,64,64,66,66,68,68,68],"card_choices":[{"not_picked":["Echo Form","Amplify"],"picked":"Biased Cognition","floor":0},{"not_picked":["Rebound","Streamline"],"picked":"Capacitor","floor":1},{"not_picked":["Rebound","Hologram"],"picked":"Leap","floor":2},{"not_picked":["Tempest","Redo"],"picked":"Conserve Battery","floor":4},{"not_picked":["Reprogram","Hello World"],"picked":"Rebound","floor":5},{"not_picked":["Rebound","Loop"],"picked":"Cold Snap","floor":7},{"not_picked":["Melter","Lockon"],"picked":"Coolheaded","floor":8},{"not_picked":["Turbo","Undo"],"picked":"Genetic Algorithm","floor":12},{"not_picked":["Conserve Battery","Aggregate","Leap"],"picked":"SKIP","floor":14},{"not_picked":["Rainbow","Fission"],"picked":"Core Surge","floor":16},{"not_picked":["Leap","Streamline"],"picked":"Cold Snap","floor":18},{"not_picked":["Gash","Steam","Undo"],"picked":"SKIP","floor":19},{"not_picked":["Turbo","Gash"],"picked":"Beam Cell+1","floor":20},{"not_picked":["Conserve Battery","Force Field+1","Rebound"],"picked":"SKIP","floor":23},{"not_picked":["Lockon+1","Beam Cell","Conserve Battery"],"picked":"Singing Bowl","floor":29},{"not_picked":["Beam Cell+1","Redo","Compile Driver"],"picked":"Singing Bowl","floor":31}],"player_experience":536293,"relics_obtained":[{"floor":7,"key":"Centennial Puzzle"},{"floor":9,"key":"Torii"},{"floor":23,"key":"Pocketwatch"},{"floor":26,"key":"Oddly Smooth Stone"},{"floor":27,"key":"Singing Bowl"}],"event_choices":[{"damage_healed":0,"gold_gain":0,"player_choice":"Upgraded","damage_taken":0,"max_hp_gain":0,"max_hp_loss":0,"event_name":"Upgrade Shrine","floor":11,"gold_loss":0,"cards_upgraded":["Coolheaded"]},{"damage_healed":0,"gold_gain":50,"player_choice":"Stole From Cult","damage_taken":0,"max_hp_gain":0,"max_hp_loss":0,"event_name":"Nest","floor":21,"gold_loss":0},{"damage_healed":0,"gold_gain":0,"player_choice":"Fight","damage_taken":0,"max_hp_gain":0,"max_hp_loss":0,"event_name":"Colosseum","floor":24,"gold_loss":0},{"damage_healed":0,"gold_gain":0,"player_choice":"Fled From Nobs","damage_taken":0,"max_hp_gain":0,"max_hp_loss":0,"event_name":"Colosseum","floor":24,"gold_loss":0}],"is_beta":false,"boss_relics":[{"not_picked":["Philosopher\u0027s Stone","Calling Bell"],"picked":"Coffee Dripper"}],"items_purged_floors":[3],"is_endless":false,"potions_floor_spawned":[2,4,12,16,24,29,31],"killed_by":"Champ","ascension_level":18}