{"gold_per_floor":[114,124,124,143,143,170,182,194,255,281,318,343,370,382,394,502,514,537,559,571,212,212,212],"floor_reached":23,"playtime":2500,"items_purged":["Strike_B"],"score":201,"play_id":"2e9510db-3471-4e04-99df-59b127ef3457","local_time":"20190302203539","is_ascension_mode":false,"campfire_choices":[{"data":"Aggregate","floor":7,"key":"SMITH"},{"floor":15,"key":"REST"}],"neow_cost":"NONE","seed_source_timestamp":8807945156469,"circlet_count":0,"master_deck":["Strike_B","Strike_B","Defend_B","Defend_B","Defend_B","Defend_B+1","Zap+1","Dualcast","Streamline","Darkness","Reboot","Genetic Algorithm","Aggregate+1","Redo","Static Discharge","Coolheaded","Steam","Machine Learning","Cold Snap","Loop+1","Consume+1","Compile Driver"],"relics":["Cracked Core","NeowsBlessing","MawBank","DataDisk","Potion Belt","Inserter","Regal Pillow"],"potions_floor_usage":[18,23],"damage_taken":[{"damage":0,"enemies":"Cultist","floor":1,"turns":1},{"damage":0,"enemies":"2 Louse","floor":2,"turns":1},{"damage":0,"enemies":"Jaw Worm","floor":4,"turns":1},{"damage":24,"enemies":"3 Sentries","floor":6,"turns":6},{"damage":0,"enemies":"Exordium Wildlife","floor":10,"turns":3},{"damage":18,"enemies":"Lagavulin","floor":11,"turns":7},{"damage":5,"enemies":"Large Slime","floor":12,"turns":6},{"damage":1,"enemies":"Blue Slaver","floor":13,"turns":3},{"damage":3,"enemies":"The Guardian","floor":16,"turns":11},{"damage":4,"enemies":"3 Byrds","floor":18,"turns":5},{"damage":9,"enemies":"2 Thieves","floor":19,"turns":5},{"damage":67,"enemies":"Gremlin Leader","floor":23,"turns":7}],"seed_played":"1679497059385658655","potions_obtained":[{"floor":2,"key":"SpeedPotion"},{"floor":6,"key":"AttackPotion"},{"floor":11,"key":"Energy Potion"},{"floor":12,"key":"Fire Potion"},{"floor":13,"key":"Strength Potion"},{"floor":19,"key":"FearPotion"}],"is_trial":false,"path_per_floor":["M","M","?","M","?","E","R","$","T","M","E","M","M","$","R","B",null,"M","M","?","$","?","E"],"character_chosen":"DEFECT","items_purchased":["Consume","Compile Driver","Regal Pillow","PowerPotion"],"campfire_rested":1,"item_purchase_floors":[21,21,21,21],"current_hp_per_floor":[75,75,75,75,60,36,36,36,36,36,18,13,12,12,34,31,75,71,62,62,62,62,0],"gold":212,"neow_bonus":"THREE_ENEMY_KILL","is_prod":false,"is_daily":false,"chose_seed":false,"campfire_upgraded":1,"win_rate":0,"timestamp":1551551739,"path_taken":["M","?","?","?","?","E","R","?","T","M","E","M","M","$","R","BOSS","M","M","?","$","?","E"],"build_version":"2019-01-23","purchased_purges":1,"victory":false,"max_hp_per_floor":[75,75,75,75,75,75,75,75,75,75,75,75,75,75,75,75,75,75,75,75,75,75,75],"card_choices":[{"not_picked":["Redo","Doom and Gloom"],"picked":"Streamline","floor":1},{"not_picked":["Sunder","Auto Shields"],"picked":"Darkness","floor":2},{"not_picked":["Rebound","Sweeping Beam"],"picked":"Genetic Algorithm","floor":4},{"not_picked":["Streamline","Barrage"],"picked":"Aggregate","floor":6},{"not_picked":["Beam Cell","Streamline"],"picked":"Redo","floor":10},{"not_picked":["Force Field","Sweeping Beam"],"picked":"Static Discharge","floor":11},{"not_picked":["Undo","Chaos"],"picked":"Coolheaded","floor":12},{"not_picked":["Skim","Steam Power"],"picked":"Steam","floor":13},{"not_picked":["All For One","Meteor Strike"],"picked":"Machine Learning","floor":16},{"not_picked":["Loop","Double Energy+1"],"picked":"Cold Snap","floor":18},{"not_picked":["Steam Power","Sunder+1"],"picked":"Loop+1","floor":19}],"player_experience":579458,"relics_obtained":[{"floor":6,"key":"MawBank"},{"floor":9,"key":"DataDisk"},{"floor":11,"key":"Potion Belt"}],"event_choices":[{"damage_healed":0,"gold_gain":0,"cards_transformed":["Strike_B"],"player_choice":"Transformed","damage_taken":0,"max_hp_gain":0,"max_hp_loss":0,"event_name":"Transmorgrifier","floor":3,"gold_loss":0,"cards_obtained":["Reboot"]},{"damage_healed":0,"gold_gain":0,"player_choice":"Entered Light","damage_taken":15,"max_hp_gain":0,"max_hp_loss":0,"event_name":"Shining Light","floor":5,"gold_loss":0,"cards_upgraded":["Defend_B","Zap"]},{"damage_healed":0,"gold_gain":0,"player_choice":"Ignored","damage_taken":0,"max_hp_gain":0,"max_hp_loss":0,"event_name":"Cursed Tome","floor":20,"gold_loss":0},{"damage_healed":0,"gold_gain":0,"player_choice":"Forge","damage_taken":0,"max_hp_gain":0,"max_hp_loss":0,"event_name":"Accursed Blacksmith","floor":22,"gold_loss":0,"cards_upgraded":["Consume"]}],"is_beta":false,"boss_relics":[{"not_picked":["Pandora\u0027s Box","FrozenCore"],"picked":"Inserter"}],"items_purged_floors":[21],"is_endless":false,"potions_floor_spawned":[2,6,11,12,13,19],"killed_by":"Gremlin Leader","ascension_level":0}