{"gold_per_floor":[115,133,145,145,159,175,201,218,218,218,228,228,242,261,261,261],"floor_reached":16,"playtime":1646,"items_purged":[],"score":108,"play_id":"59e6fa08-9ed6-484e-9dc6-07d053f8d1ee","local_time":"20180922021515","is_ascension_mode":false,"campfire_choices":[{"data":"Fire Breathing","floor":10,"key":"SMITH"},{"data":"Anger","floor":12,"key":"SMITH"},{"floor":15,"key":"REST"}],"neow_cost":"NONE","seed_source_timestamp":123649474659894,"circlet_count":0,"master_deck":["Strike_R","Strike_R","Strike_R","Strike_R","Defend_R","Defend_R","Defend_R","Defend_R","Bash","Reckless Charge","Fire Breathing+1","Rupture","Inflame","Flex","Anger+1","Perfected Strike","Fire Breathing","Flex","Shrug It Off","Sword Boomerang"],"relics":["Burning Blood","Dream Catcher","Gremlin Horn"],"potions_floor_usage":[7,11,11,16,16,16],"damage_taken":[{"damage":0,"enemies":"2 Louse","floor":1,"turns":4},{"damage":8,"enemies":"Cultist","floor":2,"turns":5},{"damage":1,"enemies":"Jaw Worm","floor":3,"turns":4},{"damage":2,"enemies":"Large Slime","floor":5,"turns":5},{"damage":11,"enemies":"Blue Slaver","floor":6,"turns":4},{"damage":39,"enemies":"3 Sentries","floor":7,"turns":9},{"damage":23,"enemies":"3 Louse","floor":8,"turns":3},{"damage":19,"enemies":"Lots of Slimes","floor":11,"turns":4},{"damage":4,"enemies":"Large Slime","floor":13,"turns":5},{"damage":8,"enemies":"3 Louse","floor":14,"turns":2},{"damage":47,"enemies":"The Guardian","floor":16,"turns":10}],"seed_played":"-1915563784001888825","potions_obtained":[{"floor":1,"key":"SpeedPotion"},{"floor":4,"key":"Fire Potion"},{"floor":4,"key":"Swift Potion"},{"floor":4,"key":"FearPotion"},{"floor":6,"key":"Regen Potion"},{"floor":7,"key":"Strength Potion"},{"floor":11,"key":"Fire Potion"},{"floor":14,"key":"Energy Potion"}],"is_trial":false,"path_per_floor":["M","M","M","?","M","M","E","M","T","R","M","R","M","M","R"],"character_chosen":"IRONCLAD","items_purchased":[],"campfire_rested":1,"item_purchase_floors":[],"current_hp_per_floor":[80,78,80,80,80,75,42,25,25,25,21,21,23,21,45,0],"gold":261,"neow_bonus":"REMOVE_CARD","is_prod":false,"is_daily":false,"chose_seed":false,"campfire_upgraded":2,"win_rate":0.0,"timestamp":1537571715,"path_taken":["M","M","M","?","M","M","E","M","T","R","M","R","M","M","R","BOSS"],"build_version":"2018-09-20","purchased_purges":0,"victory":false,"max_hp_per_floor":[80,80,80,80,80,80,80,80,80,80,80,80,80,80,80,80],"card_choices":[{"not_picked":["Rage","Shrug It Off"],"picked":"Reckless Charge","floor":1},{"not_picked":["Bloodletting","Cleave"],"picked":"Fire Breathing","floor":2},{"not_picked":["Body Slam","Heavy Blade"],"picked":"Rupture","floor":3},{"not_picked":["Dropkick","Disarm"],"picked":"Inflame","floor":5},{"not_picked":["Sword Boomerang","Inflame"],"picked":"Flex","floor":6},{"not_picked":["Flame Barrier","Dropkick"],"picked":"Anger","floor":7},{"not_picked":["Juggernaut","Twin Strike"],"picked":"Perfected Strike","floor":8},{"not_picked":["Body Slam","Burning Pact"],"picked":"Fire Breathing","floor":11},{"not_picked":["Searing Blow","Metallicize"],"picked":"Flex","floor":13},{"not_picked":["Clash","Warcry"],"picked":"Shrug It Off","floor":14},{"not_picked":["Power Through","Combust"],"picked":"Sword Boomerang","floor":15}],"player_experience":19435,"relics_obtained":[{"floor":7,"key":"Dream Catcher"},{"floor":9,"key":"Gremlin Horn"}],"event_choices":[{"event_name":"The Lab","player_choice":"Got Potions","floor":4,"damage_taken":0}],"is_beta":false,"boss_relics":[],"items_purged_floors":[],"is_endless":false,"potions_floor_spawned":[1,6,7,11,14],"killed_by":"The Guardian","ascension_level":0}