{"gold_per_floor":[359,359,23,36,51,51,84,102,125,125,139,139,156,156],"floor_reached":14,"playtime":531,"items_purged":["Strike_R"],"score":143,"play_id":"1fd86ed9-76f3-4994-8fc8-c96dcadd7e14","local_time":"20180916230243","is_ascension_mode":true,"campfire_choices":[{"data":"Bash","floor":6,"key":"SMITH"},{"floor":10,"key":"REST"}],"neow_cost":"PERCENT_DAMAGE","seed_source_timestamp":607740883245688,"circlet_count":0,"master_deck":["Strike_R","Strike_R","Strike_R","Strike_R","Defend_R+1","Defend_R","Defend_R","Defend_R+1","Bash+1","AscendersBane","Flex","Iron Wave","Burning Pact","Reaper","Clothesline","Perfected Strike"],"special_seed":0,"relics":["Burning Blood","Lee\u0027s Waffle","Art of War","Orichalcum"],"potions_floor_usage":[7,7],"damage_taken":[{"damage":12,"enemies":"2 Louse","floor":1,"turns":3},{"damage":0,"enemies":"Small Slimes","floor":4,"turns":3},{"damage":6,"enemies":"Cultist","floor":5,"turns":3},{"damage":38,"enemies":"Lagavulin","floor":7,"turns":6},{"damage":48,"enemies":"Large Slime","floor":8,"turns":7},{"damage":19,"enemies":"2 Fungi Beasts","floor":11,"turns":4},{"damage":18,"enemies":"Exordium Thugs","floor":13,"turns":6},{"damage":16,"enemies":"Gremlin Nob","floor":14,"turns":3}],"seed_played":"-530373081750779797","potions_obtained":[{"floor":5,"key":"SkillPotion"},{"floor":8,"key":"GamblersBrew"},{"floor":11,"key":"LiquidBronze"}],"is_trial":false,"path_per_floor":["M","?","$","M","M","R","E","M","T","R","M","?","M"],"character_chosen":"IRONCLAD","items_purchased":["Lee\u0027s Waffle","Block Potion"],"campfire_rested":1,"item_purchase_floors":[3,3],"current_hp_per_floor":[45,45,87,87,87,87,55,17,17,43,34,17,11,0],"gold":156,"neow_bonus":"TWO_FIFTY_GOLD","is_prod":false,"is_daily":false,"chose_seed":false,"campfire_upgraded":1,"win_rate":0,"timestamp":1537153363,"path_taken":["M","?","$","M","M","R","E","M","T","R","M","?","M","E"],"build_version":"2018-09-06","purchased_purges":1,"victory":false,"max_hp_per_floor":[80,80,87,87,87,87,87,87,87,87,87,87,87,87],"card_choices":[{"not_picked":["Armaments","Dropkick"],"picked":"Flex","floor":1},{"not_picked":["Intimidate","Twin Strike"],"picked":"Iron Wave","floor":4},{"not_picked":["Body Slam","Warcry"],"picked":"Burning Pact","floor":5},{"not_picked":["Anger","Body Slam"],"picked":"Reaper","floor":7},{"not_picked":["Hemokinesis","Ghostly Armor"],"picked":"Clothesline","floor":8},{"not_picked":["Hemokinesis","Anger","Clothesline"],"picked":"SKIP","floor":11},{"not_picked":["Twin Strike","Clothesline"],"picked":"Perfected Strike","floor":13}],"player_experience":555404,"relics_obtained":[{"floor":7,"key":"Art of War"},{"floor":9,"key":"Orichalcum"}],"event_choices":[{"event_name":"Scrap Ooze","player_choice":"unsuccessful","floor":2,"damage_taken":0},{"event_name":"Shining Light","player_choice":"Entered Light","floor":12,"damage_taken":0}],"is_beta":false,"boss_relics":[],"items_purged_floors":[3],"is_endless":false,"potions_floor_spawned":[5,8,11],"killed_by":"Gremlin Nob","ascension_level":11}