{"gold_per_floor":[113,123,140,140,153,153,172,201,201,228,228,239,259,271,271,375,375,386,411,411,423,443,468,486,517,517,536,536,546,561,586,586,687,687,705,369,389,389,401,401,429,429,452,482,495,513,588,56,56,56,56,56,6,38,38],"floor_reached":55,"playtime":4253,"items_purged":["Strike_G","Decay"],"score":935,"play_id":"b0625491-f6c9-4123-97ae-575cd3c6bb63","local_time":"20181217215327","is_ascension_mode":false,"campfire_choices":[{"data":"Glass Knife","floor":6.0,"key":"SMITH"},{"data":"Tools of the Trade","floor":15.0,"key":"SMITH"},{"data":"Envenom","floor":28.0,"key":"SMITH"},{"data":"Noxious Fumes","floor":32.0,"key":"SMITH"},{"floor":40,"key":"RECALL"},{"data":"Catalyst","floor":49,"key":"SMITH"},{"floor":52,"key":"DIG"}],"neow_cost":"NONE","seed_source_timestamp":0,"circlet_count":0,"master_deck":["Defend_G","Defend_G","Defend_G","Defend_G","Defend_G","Strike_G","Strike_G","Survivor","Neutralize","Glass Knife+1","Dash","Dash","Crippling Poison","Leg Sweep","Envenom+1","PiercingWail","Backflip","Tools of the Trade+1","Dash","Die Die Die","Backflip+1","Backstab","Well Laid Plans","Quick Slash+1","Glass Knife","Terror","Noxious Fumes+1","Malaise","Cloak And Dagger+1","Catalyst+1","Dagger Throw+1","Corpse Explosion","Malaise","Swift Strike","Panache"],"special_seed":0,"relics":["Ring of the Snake","Shovel","Ornamental Fan","Boot","Velvet Choker","Red Mask","Pen Nib","Thread and Needle","Ginger","Snake Skull","Pantograph","Cursed Key","Dodecahedron","Nunchaku","Dream Catcher","Kunai","Bottled Lightning","Vajra"],"potions_floor_usage":[41,54,55,55],"damage_taken":[{"damage":3.0,"enemies":"Jaw Worm","floor":1.0,"turns":4.0},{"damage":0.0,"enemies":"Small Slimes","floor":2.0,"turns":2.0},{"damage":0.0,"enemies":"Cultist","floor":3.0,"turns":3.0},{"damage":0.0,"enemies":"Looter","floor":5.0,"turns":3.0},{"damage":9.0,"enemies":"Large Slime","floor":7.0,"turns":6.0},{"damage":14.0,"enemies":"Gremlin Nob","floor":8.0,"turns":5.0},{"damage":8.0,"enemies":"3 Sentries","floor":10.0,"turns":8.0},{"damage":0.0,"enemies":"Red Slaver","floor":12.0,"turns":4.0},{"damage":2.0,"enemies":"Blue Slaver","floor":13.0,"turns":3.0},{"damage":0.0,"enemies":"3 Louse","floor":14.0,"turns":4.0},{"damage":19.0,"enemies":"Hexaghost","floor":16.0,"turns":15.0},{"damage":10.0,"enemies":"Spheric Guardian","floor":18.0,"turns":4.0},{"damage":3.0,"enemies":"Masked Bandits","floor":19.0,"turns":4.0},{"damage":7.0,"enemies":"Chosen","floor":21.0,"turns":5.0},{"damage":5.0,"enemies":"Shelled Parasite and Fungi","floor":22.0,"turns":4.0},{"damage":0.0,"enemies":"Gremlin Leader","floor":23.0,"turns":8.0},{"damage":0.0,"enemies":"3 Cultists","floor":24.0,"turns":6.0},{"damage":3.0,"enemies":"Slavers","floor":25.0,"turns":6.0},{"damage":0.0,"enemies":"Cultist and Chosen","floor":27.0,"turns":5.0},{"damage":0.0,"enemies":"Shelled Parasite and Fungi","floor":29.0,"turns":4.0},{"damage":0.0,"enemies":"Sentry and Sphere","floor":30.0,"turns":5.0},{"damage":0.0,"enemies":"Book of Stabbing","floor":31.0,"turns":5.0},{"damage":7.0,"enemies":"Collector","floor":33.0,"turns":6.0},{"damage":0,"enemies":"3 Darklings","floor":35,"turns":5},{"damage":0,"enemies":"Orb Walker","floor":37,"turns":2},{"damage":2,"enemies":"Sphere and 2 Shapes","floor":39,"turns":5},{"damage":0,"enemies":"Giant Head","floor":41,"turns":7},{"damage":9,"enemies":"Nemesis","floor":44,"turns":7},{"damage":12,"enemies":"3 Darklings","floor":45,"turns":3},{"damage":1,"enemies":"Jaw Worm Horde","floor":46,"turns":2},{"damage":5,"enemies":"Time Eater","floor":50,"turns":8},{"damage":0,"enemies":"Shield and Spear","floor":54,"turns":5},{"damage":81,"enemies":"The Heart","floor":55,"turns":6}],"seed_played":"-1176823318448388580","potions_obtained":[{"floor":1.0,"key":"SteroidPotion"},{"floor":5.0,"key":"Regen Potion"},{"floor":8.0,"key":"PowerPotion"},{"floor":10.0,"key":"Regen Potion"},{"floor":16.0,"key":"SmokeBomb"},{"floor":19.0,"key":"Block Potion"},{"floor":21.0,"key":"EssenceOfSteel"},{"floor":24.0,"key":"PowerPotion"},{"floor":35,"key":"AttackPotion"},{"floor":37,"key":"PowerPotion"},{"floor":44,"key":"GamblersBrew"},{"floor":45,"key":"Dexterity Potion"}],"is_trial":false,"path_per_floor":["M","M","M","?","M","R","M","E","T","E","?","M","M","M","R","B",null,"M","?","T","M","M","E","M","E","T","M","R","M","M","E","R","B","B",null,"M","$","M","?","M","R","E","?","T","E","M","M","?","$","R","B",null,"R","$","E","B"],"character_chosen":"THE_SILENT","items_purchased":["Dodecahedron","Kunai","Panache","PowerPotion"],"campfire_rested":0,"item_purchase_floors":[36,48,48,53],"current_hp_per_floor":[67,67,67,67,67,67,58,53,53,45,38,38,36,36,36,32,70,60,57,57,50,45,45,45,42,42,42,42,42,42,42,42,60,70,70,70,70,70,68,68,68,68,68,59,47,46,39,39,39,59,70,70,70,70,0],"gold":38,"neow_bonus":"ONE_RANDOM_RARE_CARD","is_prod":false,"is_daily":false,"chose_seed":false,"campfire_upgraded":5,"win_rate":0,"timestamp":1545105207,"path_taken":["M","M","M","?","M","R","M","E","T","E","?","M","M","M","R","BOSS","M","?","?","?","M","E","M","E","T","M","R","M","M","E","R","BOSS","BOSS","M","$","M","?","M","R","E","?","T","E","M","?","?","$","R","BOSS","R","$","E","BOSS"],"build_version":"2018-12-13","purchased_purges":2,"victory":false,"max_hp_per_floor":[70,70,70,70,70,70,70,70,70,70,70,70,70,70,70,70,70,70,70,70,70,70,70,70,70,70,70,70,70,70,70,70,70,70,70,70,70,70,70,70,70,70,70,70,70,70,70,70,70,70,70,70,70,70,70],"card_choices":[{"not_picked":["Concentrate","Deadly Poison"],"picked":"Dash","floor":1.0},{"not_picked":["Prepared","Backstab"],"picked":"Dash","floor":2.0},{"not_picked":["Blade Dance","Reflex"],"picked":"Crippling Poison","floor":3.0},{"not_picked":["Dagger Spray","Crippling Poison"],"picked":"Leg Sweep","floor":5.0},{"not_picked":["Tactician","Setup"],"picked":"Envenom","floor":7.0},{"not_picked":["Underhanded Strike","Venomology"],"picked":"PiercingWail","floor":8.0},{"not_picked":["Blade Dance","Flying Knee"],"picked":"Backflip","floor":10.0},{"not_picked":["Blur","Blade Dance"],"picked":"Tools of the Trade","floor":12.0},{"not_picked":["Backflip","Quick Slash"],"picked":"Dodge and Roll","floor":13.0},{"not_picked":["Predator","Dagger Spray"],"picked":"Dash","floor":14.0},{"not_picked":["Tools of the Trade","Wraith Form v2"],"picked":"Die Die Die","floor":16.0},{"not_picked":["Masterful Stab","Dodge and Roll"],"picked":"Backflip+1","floor":18.0},{"not_picked":["Concentrate+1","Dodge and Roll+1"],"picked":"Backstab","floor":19.0},{"not_picked":["Slice","Poisoned Stab"],"picked":"Well Laid Plans","floor":21.0},{"not_picked":["Accuracy","Sucker Punch"],"picked":"Quick Slash+1","floor":22.0},{"not_picked":["Accuracy+1","Flechettes","Concentrate"],"picked":"SKIP","floor":23.0},{"not_picked":["Crippling Poison","Poisoned Stab","Flying Knee"],"picked":"SKIP","floor":24.0},{"not_picked":["PiercingWail","Bouncing Flask"],"picked":"Glass Knife","floor":25.0},{"not_picked":["Tactician","Backflip"],"picked":"Terror","floor":27.0},{"not_picked":["Infinite Blades","Eviscerate+1","Distraction"],"picked":"SKIP","floor":29.0},{"not_picked":["Deflect","Outmaneuver+1","Deadly Poison+1"],"picked":"SKIP","floor":30.0},{"not_picked":["Predator","Bane+1"],"picked":"Noxious Fumes","floor":31.0},{"not_picked":["Unload","After Image"],"picked":"Malaise","floor":33},{"not_picked":["Blade Dance","Prepared+1"],"picked":"Cloak And Dagger+1","floor":35},{"not_picked":["Bouncing Flask","Blade Dance"],"picked":"Catalyst","floor":37},{"not_picked":["Deflect+1","Cloak And Dagger"],"picked":"Dagger Throw+1","floor":39},{"not_picked":["Acrobatics+1","Leg Sweep+1"],"picked":"Corpse Explosion","floor":41},{"not_picked":["Poisoned Stab+1","Backflip","Prepared"],"picked":"SKIP","floor":44},{"not_picked":["Predator","Riddle With Holes","Crippling Poison"],"picked":"SKIP","floor":45},{"not_picked":["Poisoned Stab","All Out Attack+1","Concentrate+1"],"picked":"SKIP","floor":46},{"not_picked":["Eviscerate","Poisoned Stab","PiercingWail"],"picked":"SKIP","floor":54}],"player_experience":270292,"relics_obtained":[{"floor":8.0,"key":"Shovel"},{"floor":9.0,"key":"Ornamental Fan"},{"floor":10.0,"key":"Boot"},{"floor":19.0,"key":"Red Mask"},{"floor":20.0,"key":"Pen Nib"},{"floor":23.0,"key":"Thread and Needle"},{"floor":25.0,"key":"Ginger"},{"floor":26.0,"key":"Snake Skull"},{"floor":31.0,"key":"Pantograph"},{"floor":41,"key":"Nunchaku"},{"floor":44,"key":"Dream Catcher"},{"floor":52,"key":"Bottled Lightning"},{"floor":54,"key":"Vajra"}],"event_choices":[{"cards_removed":["Strike_G"],"damage_healed":0.0,"max_hp_gain":0.0,"max_hp_loss":0.0,"gold_gain":0.0,"event_name":"Living Wall","player_choice":"Forget","floor":4.0,"gold_loss":0.0,"damage_taken":0.0},{"cards_removed":["Strike_G"],"damage_healed":0.0,"max_hp_gain":0.0,"max_hp_loss":0.0,"gold_gain":0.0,"event_name":"Golden Wing","player_choice":"Card Removal","floor":11.0,"gold_loss":0.0,"damage_taken":7.0},{"damage_healed":0.0,"max_hp_gain":0.0,"max_hp_loss":0.0,"gold_gain":0.0,"event_name":"Masked Bandits","player_choice":"Fought Bandits","floor":19.0,"gold_loss":0.0,"damage_taken":0.0},{"cards_removed":["Dodge and Roll"],"damage_healed":0,"gold_gain":0,"player_choice":"Removed Skill","damage_taken":0,"max_hp_gain":0,"max_hp_loss":0,"event_name":"Falling","floor":38,"gold_loss":0},{"damage_healed":0,"gold_gain":0,"player_choice":"2 cards matched","damage_taken":0,"max_hp_gain":0,"max_hp_loss":0,"event_name":"Match and Keep!","floor":42,"gold_loss":0,"cards_obtained":["Malaise","Swift Strike"]},{"damage_healed":0,"gold_gain":75,"player_choice":"Touch","damage_taken":7,"max_hp_gain":0,"max_hp_loss":0,"event_name":"FaceTrader","floor":47,"gold_loss":0}],"is_beta":false,"boss_relics":[{"not_picked":["Pandora\u0027s Box","Astrolabe"],"picked":"Velvet Choker"},{"not_picked":["Tiny House","WristBlade"],"picked":"Cursed Key"}],"items_purged_floors":[36,48],"is_endless":false,"potions_floor_spawned":[1,5,8,10,13,14,16,19,21,23,24,29,30,35,37,44,45],"killed_by":"The Heart","ascension_level":0}