{"path_per_floor":["M","M","M","?","?","R","E","$","T","R","E","R","M","E","R","B",null,"M","?","M","M"],"character_chosen":"IRONCLAD","items_purchased":["Offering"],"gold_per_floor":[119,138,154,154,154,154,188,27,50,50,76,76,92,122,122,226,226,246,246,256,266,266],"floor_reached":22,"campfire_rested":0,"playtime":781,"current_hp_per_floor":[80,80,80,80,80,80,82,82,82,82,71,71,65,39,39,26,79,64,64,54,12,0],"items_purged":[],"gold":266,"score":280,"play_id":"4c23f8b4-5710-4347-8e07-22380f5c28da","local_time":"20180515150857","is_prod":false,"is_daily":false,"chose_seed":false,"is_ascension_mode":true,"campfire_upgraded":4,"timestamp":1526411337,"path_taken":["M","M","M","?","?","R","E","$","T","R","E","R","?","E","R","BOSS","M","?","M","M","M"],"build_version":"2018-05-14v2","seed_source_timestamp":553842520866954,"purchased_purges":0,"victory":false,"master_deck":["Strike_R","Strike_R","Strike_R","Strike_R","Strike_R","Defend_R","Defend_R","Defend_R","Defend_R","Bash+1","Cleave+1","Shrug It Off","Regret","Offering+1","Blood for Blood+1","Shrug It Off","Barricade","Rage","Pommel Strike+1"],"max_hp_per_floor":[80,80,80,80,80,80,94,94,94,94,96,96,96,96,96,96,96,98,98,98,98,98],"relics":["Burning Blood","Oddly Smooth Stone","Happy Flower","Mango","Art of War","Singing Bowl","Regal Pillow","Philosopher\u0027s Stone","Turnip"],"card_choices":[{"not_picked":["Rupture","Blood for Blood"],"picked":"Cleave","floor":1},{"not_picked":["Cleave","Flex"],"picked":"Shrug It Off","floor":2},{"not_picked":["Thunderclap","Warcry","Intimidate"],"picked":"SKIP","floor":3},{"not_picked":["Clash","Thunderclap","Combust"],"picked":"SKIP","floor":7},{"not_picked":["Seeing Red","Evolve","Wild Strike"],"picked":"Singing Bowl","floor":11},{"not_picked":["Seeing Red","Feel No Pain"],"picked":"Blood for Blood","floor":13},{"not_picked":["Spot Weakness","Flex"],"picked":"Shrug It Off","floor":14},{"not_picked":["Impervious","Juggernaut"],"picked":"Barricade","floor":16},{"not_picked":["Fire Breathing","Twin Strike","Carnage"],"picked":"Singing Bowl","floor":18},{"not_picked":["Iron Wave","Clash"],"picked":"Rage","floor":20},{"not_picked":["Cleave","Sentinel"],"picked":"Pommel Strike+1","floor":21}],"player_experience":143623,"potions_floor_usage":[7,7,16,21],"damage_taken":[{"damage":0,"enemies":"Small Slimes","floor":1,"turns":4},{"damage":6,"enemies":"Jaw Worm","floor":2,"turns":3},{"damage":0,"enemies":"Cultist","floor":3,"turns":3},{"damage":18,"enemies":"Lagavulin","floor":7,"turns":5},{"damage":19,"enemies":"Gremlin Nob","floor":11,"turns":4},{"damage":12,"enemies":"Looter","floor":13,"turns":2},{"damage":32,"enemies":"Lagavulin","floor":14,"turns":4},{"damage":19,"enemies":"Slime Boss","floor":16,"turns":7},{"damage":23,"enemies":"Shell Parasite","floor":18,"turns":5},{"damage":16,"enemies":"Chosen","floor":20,"turns":3},{"damage":48,"enemies":"3 Cultists","floor":21,"turns":6},{"damage":20,"enemies":"Snake Plant","floor":22,"turns":1}],"relics_obtained":[{"floor":7,"key":"Mango"},{"floor":9,"key":"Art of War"},{"floor":11,"key":"Singing Bowl"},{"floor":14,"key":"Regal Pillow"}],"event_choices":[{"event_name":"Big Fish","player_choice":"Box","floor":4,"damage_taken":0},{"event_name":"Liars Game","player_choice":"disagreed","floor":5,"damage_taken":0},{"event_name":"The Mausoleum","player_choice":"Yes","floor":19,"damage_taken":0}],"boss_relics":[{"not_picked":["White Beast Statue","Runic Pyramid"],"picked":"Philosopher\u0027s Stone"}],"potions_floor_spawned":[2,3,11,20],"seed_played":"-6326881590816471115","killed_by":"Snake Plant","ascension_level":5,"potions_obtained":[{"floor":2,"key":"FearPotion"},{"floor":3,"key":"Poison Potion"},{"floor":11,"key":"Fire Potion"},{"floor":20,"key":"PowerPotion"}],"is_trial":false}