{"path_per_floor":["M","M","M","?","?","R","E","T","T","R","M","R","E","M","R","B",null,"M","M","$","?","M","R","E","R","T","M","R","M","$","?","R","B",null,"M","M","?","?","M","R","M","R","T","$","R","E","$","?","R"],"character_chosen":"DEFECT","items_purchased":["Glacier","Self Repair","Apotheosis","Electrodynamics"],"gold_per_floor":[209,220,231,231,231,231,263,288,288,288,298,298,326,339,339,435,435,435,451,43,43,57,57,87,87,87,102,102,115,15,15,15,112,112,126,139,139,139,150,150,167,167,167,9,9,39,39,39,39,39],"floor_reached":50,"campfire_rested":2,"playtime":2599,"item_purchase_floors":[20,20,20,44],"current_hp_per_floor":[68,67,67,67,67,67,35,35,42,42,33,33,29,29,29,29,82,82,55,55,55,60,60,40,40,40,50,50,60,60,60,60,14,82,80,60,60,60,26,50,51,51,51,51,75,62,62,62,62,0],"items_purged":["Strike_B","Strike_B"],"gold":39,"score":688,"play_id":"1e6ed28e-df0f-47ba-8f16-cd11d9429d6c","local_time":"20180528221441","is_prod":false,"is_daily":false,"chose_seed":false,"is_ascension_mode":true,"campfire_upgraded":10,"win_rate":0,"timestamp":1527560081,"campfire_choices":[{"data":"Defragment","floor":6,"key":"SMITH"},{"data":"Dualcast","floor":10,"key":"SMITH"},{"data":"Reprogram","floor":12,"key":"SMITH"},{"data":"Go for the Eyes","floor":15,"key":"SMITH"},{"data":"Apotheosis","floor":23,"key":"SMITH"},{"data":"Hologram","floor":25,"key":"SMITH"},{"data":"Glacier","floor":28,"key":"SMITH"},{"data":"White Noise","floor":32,"key":"SMITH"},{"floor":40,"key":"REST"},{"data":"Creative AI","floor":42,"key":"SMITH"},{"floor":45,"key":"REST"},{"data":"Electrodynamics","floor":49,"key":"SMITH"}],"path_taken":["M","M","M","?","?","R","E","?","T","R","?","R","E","M","R","BOSS","M","M","$","?","M","R","E","R","T","?","R","M","?","?","R","BOSS","M","M","?","?","M","R","M","R","T","$","R","E","$","?","R","BOSS"],"build_version":"2018-05-25","seed_source_timestamp":720220120333527,"purchased_purges":2,"victory":false,"master_deck":["Strike_B","Defend_B","Defend_B","Defend_B","Defend_B","Zap","Dualcast+1","Defragment+1","Chaos+1","Stack","Reprogram+1","White Noise+1","Go for the Eyes+1","Hyperbeam","Hologram+1","Leap","Darkness","All For One","Glacier+1","Self Repair","Apotheosis+1","Double Energy+1","Defragment+1","Steam+1","Creative AI+1","Reprogram+1","Force Field","Capacitor","Chill","Electrodynamics+1","Stack"],"max_hp_per_floor":[75,75,75,75,75,75,75,75,82,82,82,82,82,82,82,82,82,82,82,82,82,82,82,82,82,82,82,82,82,82,82,82,82,82,82,82,82,82,82,82,82,82,82,82,82,82,82,82,82,82],"relics":["Cracked Core","Ancient Tea Set","Happy Flower","Strawberry","Boot","Orrery","Vajra","Molten Egg 2","Cursed Key","Shuriken"],"card_choices":[{"not_picked":["Sweeping Beam","Lockon"],"picked":"Defragment","floor":1},{"not_picked":["Streamline","Beam Cell"],"picked":"Chaos","floor":2},{"not_picked":["Sweeping Beam","Aggregate"],"picked":"Stack","floor":3},{"not_picked":["White Noise","Static Discharge"],"picked":"Reprogram","floor":7},{"not_picked":["Sweeping Beam","Force Field"],"picked":"Cold Snap","floor":11},{"not_picked":["Rebound","Sweeping Beam"],"picked":"White Noise","floor":13},{"not_picked":["Blizzard","Reprogram"],"picked":"Go for the Eyes","floor":14},{"not_picked":["Thunder Strike","Multi-Cast"],"picked":"Hyperbeam","floor":16},{"not_picked":["Streamline","Go for the Eyes"],"picked":"Hologram","floor":17},{"not_picked":["Ball Lightning","Genetic Algorithm"],"picked":"Leap","floor":17},{"not_picked":["Consume","Steam Power"],"picked":"Darkness","floor":17},{"not_picked":["Ball Lightning","Streamline"],"picked":"All For One","floor":19},{"not_picked":["Streamline+1","Melter"],"picked":"Double Energy+1","floor":22},{"not_picked":["Stack","Aggregate+1","Coolheaded"],"picked":"SKIP","floor":24},{"not_picked":["Turbo","Lockon+1"],"picked":"Defragment+1","floor":27},{"not_picked":["Fusion","Double Energy"],"picked":"Steam+1","floor":29},{"not_picked":["Hyperbeam+1","Biased Cognition"],"picked":"Creative AI","floor":33},{"not_picked":["Beam Cell+1","Steam"],"picked":"Reprogram+1","floor":35},{"not_picked":["Cold Snap+1","Redo"],"picked":"Force Field","floor":36},{"not_picked":["Force Field","Sweeping Beam+1"],"picked":"Capacitor","floor":39},{"not_picked":["Ball Lightning+1","Rip and Tear+1"],"picked":"Chill","floor":41},{"not_picked":["Cold Snap+1","Go for the Eyes+1"],"picked":"Stack","floor":46}],"player_experience":247109,"potions_floor_usage":[13,18,33,39,50,50],"damage_taken":[{"damage":7,"enemies":"Jaw Worm","floor":1,"turns":3},{"damage":1,"enemies":"2 Louse","floor":2,"turns":2},{"damage":0,"enemies":"Cultist","floor":3,"turns":3},{"damage":32,"enemies":"3 Sentries","floor":7,"turns":8},{"damage":9,"enemies":"Exordium Thugs","floor":11,"turns":5},{"damage":4,"enemies":"Gremlin Nob","floor":13,"turns":3},{"damage":0,"enemies":"Blue Slaver","floor":14,"turns":2},{"damage":0,"enemies":"The Guardian","floor":16,"turns":9},{"damage":0,"enemies":"2 Thieves","floor":18,"turns":1},{"damage":27,"enemies":"Chosen","floor":19,"turns":6},{"damage":9,"enemies":"Centurion and Healer","floor":22,"turns":4},{"damage":30,"enemies":"Book of Stabbing","floor":24,"turns":6},{"damage":0,"enemies":"Snecko","floor":27,"turns":4},{"damage":0,"enemies":"Chosen and Byrds","floor":29,"turns":4},{"damage":46,"enemies":"Automaton","floor":33,"turns":18},{"damage":9,"enemies":"Orb Walker","floor":35,"turns":4},{"damage":30,"enemies":"Flame Bruiser 1 Orb","floor":36,"turns":7},{"damage":41,"enemies":"3 Darklings","floor":39,"turns":5},{"damage":6,"enemies":"4 Shapes","floor":41,"turns":5},{"damage":33,"enemies":"Nemesis","floor":46,"turns":9},{"damage":71,"enemies":"Awakened One","floor":50,"turns":6}],"relics_obtained":[{"floor":7,"key":"Ancient Tea Set"},{"floor":8,"key":"Happy Flower"},{"floor":9,"key":"Strawberry"},{"floor":13,"key":"Boot"},{"floor":24,"key":"Vajra"},{"floor":26,"key":"Molten Egg 2"},{"floor":46,"key":"Shuriken"}],"event_choices":[{"event_name":"Living Wall","player_choice":"Forget","floor":4,"damage_taken":0},{"event_name":"Upgrade Shrine","player_choice":"Upgraded","floor":5,"damage_taken":0},{"event_name":"Drug Dealer","player_choice":"Ignored","floor":21,"damage_taken":0},{"event_name":"Addict","player_choice":"Ignored","floor":31,"damage_taken":0},{"event_name":"The Lab","player_choice":"Got Potions","floor":37,"damage_taken":0},{"event_name":"Tomb of Lord Red Mask","player_choice":"Ignored","floor":38,"damage_taken":0}],"boss_relics":[{"not_picked":["Lizard Tail","Tiny House"],"picked":"Orrery"},{"not_picked":["Calling Bell","Nuclear Battery"],"picked":"Cursed Key"}],"items_purged_floors":[20,30],"potions_floor_spawned":[1,3,16,18,22,29,33,35,39],"seed_played":"6979658561972661488","killed_by":"Awakened One","ascension_level":4,"potions_obtained":[{"floor":1,"key":"Swift Potion"},{"floor":3,"key":"SpeedPotion"},{"floor":16,"key":"SmokeBomb"},{"floor":22,"key":"GamblersBrew"},{"floor":29,"key":"Fire Potion"},{"floor":33,"key":"Poison Potion"},{"floor":35,"key":"GamblersBrew"},{"floor":37,"key":"Dexterity Potion"},{"floor":39,"key":"GamblersBrew"}],"is_trial":false}