{"path_per_floor":["M","?","?","$","?","E","R","M","T","$","M","M","R","M","R","B",null,"M","?","?","M","M","R","E","R","T","M","?","M","?","M","R","B",null,"M","$","?","M","M","E","R","E","T","M","?","M","R","T","R","B"],"character_chosen":"IRONCLAD","items_purchased":["Shrug It Off","Apotheosis","Seeing Red"],"gold_per_floor":[113,113,113,38,38,70,70,80,80,27,47,58,58,71,71,173,173,185,100,100,114,128,128,159,159,237,250,250,265,265,280,280,385,385,397,24,0,10,24,57,57,87,166,183,183,199,199,272,272,272],"floor_reached":51,"campfire_rested":2,"playtime":7474,"current_hp_per_floor":[80,64,64,64,64,43,43,52,52,52,61,55,55,57,57,14,80,73,73,73,67,65,65,38,63,63,59,59,62,47,50,50,26,77,80,80,80,80,68,30,54,40,40,23,70,57,57,57,57,41],"items_purged":["Regret","Strike_R"],"gold":272,"play_id":"dc2c48eb-8d9d-4fbd-b658-7feade622e45","is_prod":false,"is_daily":false,"campfire_rituals":0,"campfire_upgraded":7,"is_hardmode":false,"path_taken":["M","?","?","?","?","E","R","M","T","$","?","M","R","M","R","BOSS","M","?","?","M","M","R","E","R","T","M","?","?","?","?","R","BOSS","M","?","?","M","M","E","R","E","T","M","?","M","R","?","R","BOSS"],"build_version":"2018-01-11-PROD2","purchased_purges":2,"victory":true,"master_deck":["Strike_R","Defend_R","Defend_R","Defend_R","Defend_R","Bash","Sever Soul","Rampage","Shrug It Off","Inflame","Evolve","Heavy Blade","Feed","Headbutt","Spot Weakness","True Grit","Double Tap","Clumsy","Writhe","Flex","Reaper","Clumsy","Thunderclap","Apotheosis","Seeing Red","Infernal Blade","Reaper","Doubt","Iron Wave","Pommel Strike","Pain"],"max_hp_per_floor":[80,80,80,80,80,80,80,80,80,80,80,80,80,80,80,80,80,80,80,80,80,83,83,86,86,86,89,89,89,94,97,97,97,77,80,80,80,80,80,80,80,80,80,80,70,78,78,78,78,78],"relics":["Burning Blood","Ornamental Fan","Magic Flower","Kunai","Cursed Key","Pantograph","Molten Egg","Toolbox","Torii","Runic Cube","Red Mask","War Paint","Oddly Smooth Stone","Shuriken","Paper Frog"],"campfire_meditates":0,"card_choices":[{"not_picked":["Shockwave","Anger"],"picked":"Sever Soul"},{"not_picked":["Shockwave","Reckless Charge"],"picked":"Rampage"},{"not_picked":["Dual Wield","Anger"],"picked":"Inflame"},{"not_picked":["Bludgeon","Iron Wave"],"picked":"Evolve"},{"not_picked":["Sword Boomerang","Headbutt"],"picked":"Heavy Blade"},{"not_picked":["Reaper","Limit Break"],"picked":"Feed"},{"not_picked":["Inflame","Evolve"],"picked":"Headbutt"},{"not_picked":["Rampage","Second Wind"],"picked":"Spot Weakness"},{"not_picked":["Headbutt","Wild Strike"],"picked":"True Grit"},{"not_picked":["Headbutt","Body Slam"],"picked":"Double Tap"},{"not_picked":["Clothesline","Rupture"],"picked":"Flex"},{"not_picked":["Berserk","Juggernaut"],"picked":"Reaper"},{"not_picked":["Shrug It Off","Blood for Blood"],"picked":"Thunderclap"},{"not_picked":["Wild Strike","Demon Form"],"picked":"Infernal Blade"},{"not_picked":["Hemokinesis","Dual Wield"],"picked":"Reaper"},{"not_picked":["Armaments","Flame Barrier"],"picked":"Iron Wave"},{"not_picked":["Spot Weakness","Flex"],"picked":"Pommel Strike"}],"player_experience":56058,"potions_floor_usage":[16,16,22,24,24,33,40,42,42],"damage_taken":[{"damage":6,"enemies":"2 Louse","floor":1,"turns":3},{"damage":27,"enemies":"Gremlin Nob","floor":6,"turns":4},{"damage":0,"enemies":"Small Slimes","floor":8,"turns":3},{"damage":0,"enemies":"Cultist","floor":11,"turns":2},{"damage":15,"enemies":"Exordium Wildlife","floor":12,"turns":3},{"damage":7,"enemies":"Looter","floor":14,"turns":4},{"damage":52,"enemies":"Hexaghost","floor":16,"turns":7},{"damage":16,"enemies":"Spheric Guardian","floor":18,"turns":4},{"damage":15,"enemies":"Chosen","floor":21,"turns":4},{"damage":16,"enemies":"Snake Plant","floor":22,"turns":4},{"damage":41,"enemies":"Slavers","floor":24,"turns":4},{"damage":18,"enemies":"Snecko","floor":27,"turns":4},{"damage":6,"enemies":"Sentry and Sphere","floor":29,"turns":3},{"damage":11,"enemies":"Slaver and Parasite","floor":31,"turns":5},{"damage":71,"enemies":"Champ","floor":33,"turns":10},{"damage":8,"enemies":"3 Shapes","floor":35,"turns":6},{"damage":9,"enemies":"3 Darklings","floor":38,"turns":5},{"damage":48,"enemies":"Maw","floor":39,"turns":8},{"damage":47,"enemies":"Giant Head","floor":40,"turns":7},{"damage":69,"enemies":"2 Orb Walkers","floor":42,"turns":6},{"damage":38,"enemies":"Sphere and 2 Shapes","floor":44,"turns":4},{"damage":52,"enemies":"4 Shapes","floor":46,"turns":5},{"damage":78,"enemies":"Time Eater","floor":50,"turns":7}],"event_choices":[{"event_name":"Shining Light","player_choice":"Entered Light","floor":2,"damage_taken":0},{"event_name":"Big Fish","player_choice":"Box","floor":3,"damage_taken":0},{"event_name":"Living Wall","player_choice":"Forget","floor":5,"damage_taken":0},{"event_name":"Addict","player_choice":"Obtained Relic","floor":19,"damage_taken":0},{"event_name":"Back to Basics","player_choice":"Elegance","floor":20,"damage_taken":0},{"event_name":"The Mausoleum","player_choice":"Yes","floor":28,"damage_taken":0},{"event_name":"Forgotten Altar","player_choice":"Shed Blood","floor":30,"damage_taken":0},{"event_name":"Tomb of Lord Red Mask","player_choice":"Paid","floor":37,"damage_taken":0},{"event_name":"The Moai Head","player_choice":"Heal","floor":45,"damage_taken":0}],"boss_relics":[{"not_picked":["White Beast Statue","Runic Dome"],"picked":"Cursed Key"},{"not_picked":["Calling Bell","Black Star"],"picked":"Runic Cube"}],"potions_floor_spawned":[8,11,14,16,21,22,33,38,39,40,44],"seed_played":"-4876235291410667059","is_trial":false}