{"gold_per_floor":[110,129,146,165,184,209,209,221,269,298,308,308,10,10,10,107,157,169,188,188,237,255,255,270,270,270,289,289,321,321,4,4,102,102,120,120,131,231,251,269,269,302,379,379,405,87,87,101,101,101,101,101,51,83,83],"floor_reached":55,"playtime":5069,"items_purged":["Strike_G","Strike_G","Strike_G","Strike_G"],"score":814,"play_id":"eee88004-44d8-4a97-b8a0-89417cd7d47b","local_time":"20181215170142","is_ascension_mode":false,"campfire_choices":[{"data":"After Image","floor":7.0,"key":"SMITH"},{"data":"Tools of the Trade","floor":15.0,"key":"SMITH"},{"data":"A Thousand Cuts","floor":23.0,"key":"SMITH"},{"data":"Footwork","floor":25.0,"key":"SMITH"},{"floor":32.0,"key":"REST"},{"floor":41,"key":"RECALL"},{"floor":44,"key":"REST"},{"data":"Malaise","floor":49,"key":"SMITH"},{"data":"Leg Sweep","floor":52,"key":"SMITH"}],"neow_cost":"NONE","seed_source_timestamp":0,"circlet_count":0,"master_deck":["Defend_G","Defend_G+1","Defend_G","Defend_G","Defend_G","Survivor","Neutralize","Backflip","Quick Slash","Leg Sweep+1","Tools of the Trade+1","After Image+1","Malaise+1","Cloak And Dagger+1","A Thousand Cuts+1","Crippling Poison","Footwork+1","Acrobatics+1","Cloak And Dagger+1","Quick Slash","Quick Slash+1","After Image+1","Cloak And Dagger","Infinite Blades","Terror","Swift Strike","Envenom","Cloak And Dagger+1","Backstab+1","Slice+1","Trip+1","Dodge and Roll+1"],"special_seed":0,"relics":["Ring of the Snake","Ginger","Boot","Smiling Mask","Shuriken","Tiny House","Pen Nib","Bag of Preparation","Singing Bowl","WristBlade","Oddly Smooth Stone","Du-Vu Doll","Art of War","Bottled Lightning","Toxic Egg 2","Strawberry","Vajra"],"potions_floor_usage":[39,45,55,55,55],"damage_taken":[{"damage":2.0,"enemies":"Cultist","floor":1.0,"turns":4.0},{"damage":0.0,"enemies":"Jaw Worm","floor":2.0,"turns":4.0},{"damage":0.0,"enemies":"Small Slimes","floor":3.0,"turns":3.0},{"damage":2.0,"enemies":"2 Fungi Beasts","floor":4.0,"turns":5.0},{"damage":0.0,"enemies":"Red Slaver","floor":5.0,"turns":4.0},{"damage":5.0,"enemies":"3 Sentries","floor":6.0,"turns":12.0},{"damage":0.0,"enemies":"Exordium Wildlife","floor":8.0,"turns":4.0},{"damage":32.0,"enemies":"Lagavulin","floor":10.0,"turns":13.0},{"damage":2.0,"enemies":"Blue Slaver","floor":11.0,"turns":5.0},{"damage":8.0,"enemies":"Slime Boss","floor":16.0,"turns":9.0},{"damage":0.0,"enemies":"Chosen","floor":18.0,"turns":8.0},{"damage":0.0,"enemies":"3 Byrds","floor":19.0,"turns":5.0},{"damage":12.0,"enemies":"Centurion and Healer","floor":22.0,"turns":11.0},{"damage":0.0,"enemies":"Snecko","floor":24.0,"turns":6.0},{"damage":14.0,"enemies":"3 Cultists","floor":27.0,"turns":6.0},{"damage":25.0,"enemies":"Slavers","floor":29.0,"turns":5.0},{"damage":13.0,"enemies":"Collector","floor":33.0,"turns":12.0},{"damage":8,"enemies":"Orb Walker","floor":35,"turns":5},{"damage":3,"enemies":"3 Darklings","floor":37,"turns":9},{"damage":0,"enemies":"Mind Bloom Boss Battle","floor":38,"turns":7},{"damage":2,"enemies":"Transient","floor":39,"turns":5},{"damage":6,"enemies":"4 Shapes","floor":40,"turns":7},{"damage":25,"enemies":"Nemesis","floor":42,"turns":5},{"damage":11,"enemies":"Giant Head","floor":45,"turns":7},{"damage":1,"enemies":"Writhing Mass","floor":48,"turns":8},{"damage":54,"enemies":"Donu and Deca","floor":50,"turns":13},{"damage":59,"enemies":"Shield and Spear","floor":54,"turns":9},{"damage":44,"enemies":"The Heart","floor":55,"turns":2}],"seed_played":"-1463148659522261850","potions_obtained":[{"floor":1.0,"key":"FearPotion"},{"floor":3.0,"key":"EssenceOfSteel"},{"floor":8.0,"key":"AttackPotion"},{"floor":10.0,"key":"GhostInAJar"},{"floor":17.0,"key":"Poison Potion"},{"floor":18.0,"key":"Energy Potion"},{"floor":24.0,"key":"Regen Potion"},{"floor":27.0,"key":"Energy Potion"},{"floor":33.0,"key":"Ancient Potion"},{"floor":38,"key":"PowerPotion"},{"floor":39,"key":"Ancient Potion"},{"floor":40,"key":"Explosive Potion"},{"floor":42,"key":"Regen Potion"},{"floor":45,"key":"SteroidPotion"},{"floor":54,"key":"PowerPotion"}],"is_trial":false,"path_per_floor":["M","M","M","M","M","E","R","M","T","E","M","?","$","?","R","B",null,"M","M","T","T","M","R","M","R","T","M","?","E","?","$","R","B",null,"M","T","M","?","M","M","R","E","T","R","E","$","?","M","R","B",null,"R","$","E","B"],"character_chosen":"THE_SILENT","items_purchased":["Shuriken","Cloak And Dagger","Infinite Blades","Terror","Swift Strike","Trip+1","Strawberry","Dodge and Roll+1"],"campfire_rested":2,"item_purchase_floors":[13,31,31,31,31,46,46,46],"current_hp_per_floor":[75,75,75,73,73,68,68,68,68,36,34,34,34,34,34,26,82,82,82,82,82,70,70,70,70,70,56,56,45,45,45,70,57,84,76,76,75,77,75,69,69,46,46,73,79,86,86,87,87,33,101,101,101,44,0],"gold":83,"neow_bonus":"TEN_PERCENT_HP_BONUS","is_prod":false,"is_daily":false,"chose_seed":false,"campfire_upgraded":6,"win_rate":0,"timestamp":1544914902,"path_taken":["M","M","M","M","M","E","R","M","T","E","M","?","$","?","R","BOSS","M","M","?","?","?","R","?","R","T","M","?","E","?","$","R","BOSS","M","?","M","?","M","M","R","E","T","R","E","$","?","?","R","BOSS","R","$","E","BOSS"],"build_version":"2018-12-13","purchased_purges":4,"victory":false,"max_hp_per_floor":[77,77,77,77,77,77,77,77,77,77,77,77,77,77,77,77,82,82,82,82,82,82,82,82,82,82,82,82,84,84,84,84,84,84,84,84,86,88,88,88,88,90,90,90,92,99,99,101,101,101,101,101,101,103,103],"card_choices":[{"not_picked":["All Out Attack","Dodge and Roll"],"picked":"Backflip","floor":1.0},{"not_picked":["Flying Knee","Deadly Poison"],"picked":"Quick Slash","floor":2.0},{"not_picked":["Flying Knee","Dagger Throw"],"picked":"Leg Sweep","floor":3.0},{"not_picked":["Sucker Punch","Flying Knee","Blade Dance"],"picked":"SKIP","floor":4.0},{"not_picked":["Sucker Punch","Dodge and Roll"],"picked":"Tools of the Trade","floor":5.0},{"not_picked":["Heel Hook","Dodge and Roll"],"picked":"After Image","floor":6.0},{"not_picked":["Sucker Punch","Heel Hook","Dagger Spray"],"picked":"SKIP","floor":8.0},{"not_picked":["Terror","Sucker Punch"],"picked":"Malaise","floor":10.0},{"not_picked":["Reflex","Dagger Spray"],"picked":"Cloak And Dagger","floor":11.0},{"not_picked":["Wraith Form v2","Night Terror"],"picked":"A Thousand Cuts","floor":16.0},{"not_picked":["Underhanded Strike","Backflip"],"picked":"Crippling Poison","floor":17.0},{"not_picked":["Eviscerate","Calculated Gamble"],"picked":"Footwork","floor":18.0},{"not_picked":["Flying Knee","Bane"],"picked":"Acrobatics+1","floor":19.0},{"not_picked":["Skewer+1","Flying Knee"],"picked":"Cloak And Dagger+1","floor":22.0},{"not_picked":["Deflect+1","Finisher"],"picked":"Quick Slash","floor":24.0},{"not_picked":["Underhanded Strike","Outmaneuver"],"picked":"Quick Slash+1","floor":27.0},{"not_picked":["Night Terror","Poisoned Stab","Quick Slash"],"picked":"Singing Bowl","floor":29.0},{"not_picked":["Doppelganger","Grand Finale"],"picked":"Envenom","floor":33.0},{"not_picked":["Bouncing Flask+1","Predator"],"picked":"Cloak And Dagger+1","floor":35},{"not_picked":["Deadly Poison","Concentrate","Acrobatics"],"picked":"Singing Bowl","floor":37},{"not_picked":["Quick Slash+1","Poisoned Stab","Skewer+1"],"picked":"Singing Bowl","floor":38},{"not_picked":["Prepared","Poisoned Stab"],"picked":"Backstab+1","floor":39},{"not_picked":["Quick Slash+1","Dagger Spray+1"],"picked":"Slice+1","floor":40},{"not_picked":["Quick Slash","Finisher","Flechettes+1"],"picked":"Singing Bowl","floor":42},{"not_picked":["All Out Attack","Masterful Stab","Infinite Blades+1"],"picked":"Singing Bowl","floor":45},{"not_picked":["Poisoned Stab+1","Bane+1","Grand Finale"],"picked":"Singing Bowl","floor":48},{"not_picked":["Expertise+1","Slice","Poisoned Stab"],"picked":"Singing Bowl","floor":54}],"player_experience":260166,"relics_obtained":[{"floor":6.0,"key":"Ginger"},{"floor":9.0,"key":"Boot"},{"floor":10.0,"key":"Smiling Mask"},{"floor":21.0,"key":"Pen Nib"},{"floor":26.0,"key":"Bag of Preparation"},{"floor":29.0,"key":"Singing Bowl"},{"floor":36,"key":"Oddly Smooth Stone"},{"floor":38,"key":"Du-Vu Doll"},{"floor":42,"key":"Art of War"},{"floor":43,"key":"Bottled Lightning"},{"floor":45,"key":"Toxic Egg 2"},{"floor":54,"key":"Vajra"}],"event_choices":[{"cards_removed":["Strike_G"],"damage_healed":0.0,"max_hp_gain":0.0,"max_hp_loss":0.0,"gold_gain":0.0,"event_name":"Living Wall","player_choice":"Forget","floor":12.0,"gold_loss":0.0,"damage_taken":0.0},{"damage_healed":0.0,"max_hp_gain":0.0,"max_hp_loss":0.0,"gold_gain":0.0,"event_name":"Upgrade Shrine","player_choice":"Upgraded","floor":14.0,"gold_loss":0.0,"damage_taken":0.0,"cards_upgraded":["Cloak And Dagger"]},{"damage_healed":0.0,"max_hp_gain":0.0,"max_hp_loss":0.0,"gold_gain":0.0,"event_name":"Ghosts","player_choice":"Ignored","floor":28.0,"gold_loss":0.0,"damage_taken":0.0},{"damage_healed":0.0,"max_hp_gain":0.0,"max_hp_loss":0.0,"gold_gain":0.0,"event_name":"Duplicator","player_choice":"Copied","floor":30.0,"gold_loss":0.0,"damage_taken":0.0,"cards_obtained":["After Image"]},{"damage_healed":0,"gold_gain":0,"player_choice":"Fight","damage_taken":0,"max_hp_gain":0,"max_hp_loss":0,"event_name":"MindBloom","floor":38,"gold_loss":0},{"damage_healed":0,"gold_gain":0,"player_choice":"Ignored","damage_taken":0,"max_hp_gain":0,"max_hp_loss":0,"event_name":"SecretPortal","floor":47,"gold_loss":0}],"is_beta":false,"boss_relics":[{"not_picked":["Velvet Choker","Lizard Tail"],"picked":"Tiny House"},{"not_picked":["Runic Pyramid","Runic Dome"],"picked":"WristBlade"}],"items_purged_floors":[13,31,46,53],"is_endless":false,"potions_floor_spawned":[1,3,8,10,18,24,27,33,38,39,40,42,45,54],"killed_by":"The Heart","ascension_level":0}