{"gold_per_floor":[368,7,7,7,22,22,33,46,71,87,87,166,166,110,110,186,186,197,197,112,130,130],"floor_reached":22,"playtime":680,"items_purged":["Strike_G"],"score":339,"play_id":"46f9f587-1fdb-4886-b8e3-d2578bdfae45","local_time":"20190304132951","is_ascension_mode":true,"campfire_choices":[{"data":"Crippling Poison","floor":6,"key":"SMITH"},{"data":"Dash","floor":11,"key":"SMITH"},{"data":"Footwork","floor":13,"key":"SMITH"},{"data":"Poisoned Stab","floor":15,"key":"SMITH"}],"neow_cost":"TEN_PERCENT_HP_LOSS","seed_source_timestamp":460422416179779,"circlet_count":0,"master_deck":["AscendersBane","Defend_G","Defend_G","Defend_G","Defend_G","Strike_G","Strike_G","Survivor","Neutralize","All Out Attack+1","Footwork+1","The Bomb","Crippling Poison+1","Backflip","Dash+1","Poisoned Stab+1","Corpse Explosion","Slice+1","Burst+1","Cloak And Dagger+1","Blur","Ghostly","Ghostly","Ghostly","Dodge and Roll"],"relics":["Ring of the Snake","Bag of Marbles","Lantern","Dodecahedron","Astrolabe","Kunai"],"potions_floor_usage":[16,18,22],"damage_taken":[{"damage":9,"enemies":"Jaw Worm","floor":1,"turns":5},{"damage":0,"enemies":"2 Louse","floor":5,"turns":1},{"damage":0,"enemies":"Small Slimes","floor":7,"turns":2},{"damage":0,"enemies":"2 Fungi Beasts","floor":8,"turns":1},{"damage":0,"enemies":"Looter","floor":10,"turns":3},{"damage":9,"enemies":"The Guardian","floor":16,"turns":11},{"damage":15,"enemies":"Chosen","floor":18,"turns":4},{"damage":0,"enemies":"3 Byrds","floor":21,"turns":3},{"damage":32,"enemies":"Shelled Parasite and Fungi","floor":22,"turns":6}],"seed_played":"3504128883861696424","potions_obtained":[{"floor":8,"key":"SkillPotion"},{"floor":16,"key":"Regen Potion"},{"floor":21,"key":"PowerPotion"}],"is_trial":false,"path_per_floor":["M","$","?","?","M","R","M","M","T","M","R","T","R","$","R","B",null,"M","?","?","M","M"],"character_chosen":"THE_SILENT","items_purchased":["Footwork","The Bomb","Poisoned Stab"],"campfire_rested":0,"item_purchase_floors":[2,2,14],"current_hp_per_floor":[50,50,50,24,24,24,24,24,24,24,24,24,24,24,24,15,49,48,30,30,30,0],"gold":130,"neow_bonus":"TWO_FIFTY_GOLD","is_prod":false,"is_daily":false,"chose_seed":false,"campfire_upgraded":4,"win_rate":0,"timestamp":1551673791,"path_taken":["M","$","?","?","M","R","M","M","T","M","R","?","R","$","R","BOSS","M","?","?","M","M"],"build_version":"2019-01-23","purchased_purges":1,"victory":false,"max_hp_per_floor":[60,60,60,60,60,60,60,60,60,60,60,60,60,60,60,60,60,60,30,30,30,30],"card_choices":[{"not_picked":["Sucker Punch","Concentrate"],"picked":"All Out Attack","floor":1},{"not_picked":["Finisher","Prepared"],"picked":"Crippling Poison","floor":5},{"not_picked":["Choke","Dodge and Roll","Slice"],"picked":"SKIP","floor":7},{"not_picked":["Sucker Punch","After Image"],"picked":"Backflip","floor":8},{"not_picked":["Poisoned Stab","Deflect"],"picked":"Dash","floor":10},{"not_picked":["Venomology","Glass Knife"],"picked":"Corpse Explosion","floor":16},{"not_picked":["Underhanded Strike","Quick Slash"],"picked":"Blur","floor":18},{"not_picked":["Setup","Skewer"],"picked":"Dodge and Roll","floor":21}],"player_experience":621827,"relics_obtained":[{"floor":9,"key":"Lantern"},{"floor":12,"key":"Dodecahedron"}],"event_choices":[{"damage_healed":0,"gold_gain":0,"player_choice":"Grow","damage_taken":0,"max_hp_gain":0,"max_hp_loss":0,"event_name":"Living Wall","floor":3,"gold_loss":0,"cards_upgraded":["All Out Attack"]},{"damage_healed":0,"gold_gain":0,"player_choice":"Success","damage_taken":26,"relics_obtained":["Bag of Marbles"],"max_hp_gain":0,"max_hp_loss":0,"event_name":"Scrap Ooze","floor":4,"gold_loss":0},{"damage_healed":0,"gold_gain":0,"player_choice":"Became a Ghost","damage_taken":0,"max_hp_gain":0,"max_hp_loss":30,"event_name":"Ghosts","floor":19,"gold_loss":0,"cards_obtained":["Ghostly","Ghostly","Ghostly"]},{"damage_healed":0,"gold_gain":0,"player_choice":"Obtained Relic","damage_taken":0,"relics_obtained":["Kunai"],"max_hp_gain":0,"max_hp_loss":0,"event_name":"Addict","floor":20,"gold_loss":85}],"is_beta":false,"boss_relics":[{"not_picked":["Lizard Tail","Coffee Dripper"],"picked":"Astrolabe"}],"items_purged_floors":[2],"is_endless":false,"potions_floor_spawned":[8,16,21],"killed_by":"Shelled Parasite and Fungi","ascension_level":19}