{"gold_per_floor":[109,109,129,140,140,140,157,190,190,190,221,234,250,260,260,335,335,352,267,298,17,17,17,30,60,60,60,89,118,130,241,253,337,349,375,73,85,185,199,199],"floor_reached":40,"playtime":2172,"items_purged":["Strike_R"],"score":719,"play_id":"ad30d57e-5194-43b9-ba4d-2198a5a0012d","local_time":"20190301141848","is_ascension_mode":true,"campfire_choices":[{"data":"Inflame","floor":6,"key":"SMITH"},{"data":"Double Tap","floor":15,"key":"SMITH"},{"floor":23,"key":"REST"},{"data":"Twin Strike","floor":27,"key":"SMITH"},{"floor":30,"key":"REST"},{"floor":32,"key":"RECALL"}],"neow_cost":"NONE","seed_source_timestamp":749874016611549,"circlet_count":0,"master_deck":["AscendersBane","Strike_R","Strike_R","Defend_R","Defend_R","Defend_R","Bash+1","Flame Barrier","Inflame+1","Twin Strike","Dropkick","Seeing Red","Twin Strike+1","Double Tap+1","Headbutt","Reaper","Dropkick","Heavy Blade","Thunderclap+1","Burning Pact","Evolve","Ghostly Armor+1","Shrug It Off+1","Limit Break+1","Good Instincts+1","Rage+1","Dual Wield+1"],"relics":["Burning Blood","Regal Pillow","Question Card","Matryoshka","Dream Catcher","Velvet Choker","Bronze Scales","Red Mask","Shuriken","Nilry\u0027s Codex","Nunchaku","Toxic Egg 2","MawBank","Empty Cage","Bag of Preparation","FossilizedHelix"],"potions_floor_usage":[7,7,11,11,20,28,37,39],"damage_taken":[{"damage":13,"enemies":"Small Slimes","floor":1,"turns":4},{"damage":0,"enemies":"2 Louse","floor":3,"turns":4},{"damage":1,"enemies":"Cultist","floor":4,"turns":4},{"damage":3,"enemies":"Blue Slaver","floor":7,"turns":3},{"damage":27,"enemies":"Gremlin Nob","floor":8,"turns":4},{"damage":33,"enemies":"Lagavulin","floor":11,"turns":6},{"damage":0,"enemies":"Large Slime","floor":12,"turns":4},{"damage":12,"enemies":"Exordium Wildlife","floor":13,"turns":3},{"damage":8,"enemies":"Blue Slaver","floor":14,"turns":2},{"damage":22,"enemies":"Hexaghost","floor":16,"turns":9},{"damage":25,"enemies":"Shell Parasite","floor":18,"turns":5},{"damage":7,"enemies":"Masked Bandits","floor":20,"turns":3},{"damage":22,"enemies":"Spheric Guardian","floor":24,"turns":4},{"damage":28,"enemies":"Slavers","floor":25,"turns":5},{"damage":38,"enemies":"Book of Stabbing","floor":28,"turns":4},{"damage":12,"enemies":"3 Cultists","floor":29,"turns":4},{"damage":56,"enemies":"Champ","floor":33,"turns":7},{"damage":28,"enemies":"3 Darklings","floor":35,"turns":5},{"damage":41,"enemies":"3 Shapes","floor":37,"turns":4},{"damage":20,"enemies":"Mind Bloom Boss Battle","floor":38,"turns":5},{"damage":51,"enemies":"Transient","floor":39,"turns":5},{"damage":11,"enemies":"Nemesis","floor":40,"turns":3}],"seed_played":"4397415345890719452","potions_obtained":[{"floor":3,"key":"Energy Potion"},{"floor":7,"key":"Fruit Juice"},{"floor":8,"key":"SteroidPotion"},{"floor":10,"key":"Poison Potion"},{"floor":18,"key":"Fire Potion"},{"floor":20,"key":"LiquidBronze"},{"floor":33,"key":"FearPotion"},{"floor":37,"key":"Fruit Juice"},{"floor":38,"key":"Dexterity Potion"}],"is_trial":false,"path_per_floor":["M","?","M","M","?","R","M","E","T","?","E","M","M","M","R","B",null,"M","?","?","$","?","R","M","E","T","R","E","M","R","?","R","B",null,"M","$","M","?","M","E"],"character_chosen":"IRONCLAD","items_purchased":["Shuriken","Heavy Blade","Bag of Preparation","Good Instincts+1"],"campfire_rested":2,"item_purchase_floors":[21,21,36,36],"current_hp_per_floor":[65,58,64,69,69,69,77,56,56,56,29,35,29,27,27,11,67,58,58,57,57,41,81,65,52,52,52,21,30,70,70,70,28,71,63,63,43,47,8,0],"gold":199,"neow_bonus":"RANDOM_COMMON_RELIC","is_prod":false,"is_daily":false,"chose_seed":false,"campfire_upgraded":3,"win_rate":0,"timestamp":1551467928,"path_taken":["M","?","M","M","?","R","M","E","T","?","E","?","M","M","R","BOSS","M","?","?","$","?","R","?","E","T","R","E","M","R","?","R","BOSS","M","$","M","?","M","E"],"build_version":"2019-01-23","purchased_purges":1,"victory":false,"max_hp_per_floor":[80,80,80,80,80,80,85,85,85,85,85,85,85,85,85,85,85,85,85,85,85,85,85,85,85,85,85,85,85,85,85,85,85,85,85,85,90,90,90,90],"card_choices":[{"not_picked":["Wild Strike","Headbutt"],"picked":"Flame Barrier","floor":1},{"not_picked":["Wild Strike","Corruption"],"picked":"Inflame","floor":3},{"not_picked":["Sentinel","True Grit"],"picked":"Twin Strike","floor":4},{"not_picked":["Blood for Blood","Havoc"],"picked":"Dropkick","floor":7},{"not_picked":["Wild Strike","Flex"],"picked":"Seeing Red","floor":8},{"not_picked":["Bloodletting","Warcry","Wild Strike"],"picked":"Twin Strike","floor":11},{"not_picked":["Perfected Strike","Havoc","Anger"],"picked":"Double Tap","floor":12},{"not_picked":["Combust","Feel No Pain","Perfected Strike","Body Slam"],"picked":"SKIP","floor":13},{"not_picked":["Carnage","Sword Boomerang","Havoc"],"picked":"Headbutt","floor":14},{"not_picked":["Feed","Exhume","Juggernaut"],"picked":"Reaper","floor":16},{"not_picked":["Searing Blow","Body Slam+1","Sword Boomerang","Reckless Charge"],"picked":"SKIP","floor":18},{"not_picked":["Iron Wave","Feel No Pain","Clothesline"],"picked":"Dropkick","floor":20},{"not_picked":["Pommel Strike+1","Headbutt","Combust"],"picked":"Thunderclap+1","floor":23},{"not_picked":["Metallicize+1","True Grit","Wild Strike"],"picked":"Burning Pact","floor":24},{"not_picked":["Immolate","Corruption+1","Rupture"],"picked":"Evolve","floor":25},{"not_picked":["Armaments+1","Whirlwind","Hemokinesis"],"picked":"Ghostly Armor+1","floor":28},{"not_picked":["Wild Strike+1","Metallicize","Uppercut","Bloodletting+1"],"picked":"SKIP","floor":29},{"not_picked":["Flame Barrier+1","Evolve","Iron Wave"],"picked":"Shrug It Off+1","floor":30},{"not_picked":["Dark Embrace","Offering+1","Demon Form"],"picked":"Limit Break+1","floor":33},{"not_picked":["Flex+1","Heavy Blade+1","Entrench+1","Armaments+1"],"picked":"SKIP","floor":35},{"not_picked":["Seeing Red+1","Wild Strike","Cleave"],"picked":"Rage+1","floor":37},{"not_picked":["Twin Strike+1","Pommel Strike","Blood for Blood"],"picked":"Dual Wield+1","floor":39}],"player_experience":742228,"relics_obtained":[{"floor":8,"key":"Question Card"},{"floor":9,"key":"Matryoshka"},{"floor":11,"key":"Dream Catcher"},{"floor":20,"key":"Red Mask"},{"floor":22,"key":"Nilry\u0027s Codex"},{"floor":25,"key":"Nunchaku"},{"floor":26,"key":"Toxic Egg 2"},{"floor":28,"key":"MawBank"},{"floor":38,"key":"FossilizedHelix"}],"event_choices":[{"cards_removed":["Defend_R"],"damage_healed":0,"gold_gain":0,"player_choice":"Card Removal","damage_taken":7,"max_hp_gain":0,"max_hp_loss":0,"event_name":"Golden Wing","floor":2,"gold_loss":0},{"damage_healed":0,"gold_gain":0,"player_choice":"Grow","damage_taken":0,"max_hp_gain":0,"max_hp_loss":0,"event_name":"Living Wall","floor":5,"gold_loss":0,"cards_upgraded":["Bash"]},{"damage_healed":0,"gold_gain":0,"player_choice":"Got Potions","damage_taken":0,"max_hp_gain":0,"max_hp_loss":0,"event_name":"Lab","floor":10,"gold_loss":0},{"damage_healed":0,"gold_gain":0,"player_choice":"Obtained Relic","damage_taken":0,"relics_obtained":["Bronze Scales"],"max_hp_gain":0,"max_hp_loss":0,"event_name":"Addict","floor":19,"gold_loss":85},{"damage_healed":0,"gold_gain":0,"player_choice":"Fought Bandits","damage_taken":0,"max_hp_gain":0,"max_hp_loss":0,"event_name":"Masked Bandits","floor":20,"gold_loss":0},{"damage_healed":0,"gold_gain":0,"player_choice":"Obtained Book","damage_taken":16,"max_hp_gain":0,"max_hp_loss":0,"event_name":"Cursed Tome","floor":22,"gold_loss":0},{"damage_healed":0,"gold_gain":99,"player_choice":"Stole From Cult","damage_taken":0,"max_hp_gain":0,"max_hp_loss":0,"event_name":"Nest","floor":31,"gold_loss":0},{"damage_healed":0,"gold_gain":0,"player_choice":"Fight","damage_taken":0,"max_hp_gain":0,"max_hp_loss":0,"event_name":"MindBloom","floor":38,"gold_loss":0}],"is_beta":false,"boss_relics":[{"not_picked":["Tiny House","Runic Dome"],"picked":"Velvet Choker"},{"not_picked":["Calling Bell","Cursed Key"],"picked":"Empty Cage"}],"items_purged_floors":[36],"is_endless":false,"potions_floor_spawned":[3,7,8,18,20,33,37,38],"killed_by":"Nemesis","ascension_level":13}