{"path_per_floor":["M","M","M","M","?","E","M","R","T","M","R","M","M","M","R","B",null,"M","?","$","M","M","R","T","?","T"],"character_chosen":"IRONCLAD","items_purchased":["Apotheosis","Blood Vial","Shrug It Off"],"gold_per_floor":[218,234,245,257,257,288,298,298,298,308,308,323,339,351,351,453,453,469,469,32,43,58,58,58,58,58,58],"floor_reached":27,"campfire_rested":0,"playtime":2225,"current_hp_per_floor":[73,73,76,75,75,18,34,34,34,48,48,46,53,70,70,68,77,39,39,39,31,46,46,46,46,46,0],"items_purged":["Strike_R"],"gold":58,"score":318,"play_id":"ff7c85d6-4c94-4023-a7d6-2759dbe99b30","local_time":"20180505105327","is_prod":false,"is_daily":false,"chose_seed":false,"is_ascension_mode":true,"campfire_upgraded":4,"timestamp":1525532007,"path_taken":["M","M","M","M","?","E","M","R","T","M","R","M","M","M","R","BOSS","BOSS","M","?","$","M","M","R","?","?","T","E"],"build_version":"2018-05-03","seed_source_timestamp":302097763674584,"purchased_purges":1,"victory":false,"master_deck":["Strike_R","Strike_R","Strike_R","Strike_R","Defend_R","Defend_R","Defend_R","Defend_R","Bash+1","Havoc","Battle Trance+1","Ghostly Armor","Reaper","Cleave","Flame Barrier","Spot Weakness","Combust+1","Bloodletting","Pommel Strike","Barricade","Headbutt+1","Apotheosis+1","Shrug It Off","Entrench","Body Slam"],"max_hp_per_floor":[80,80,80,80,80,80,80,80,80,80,80,80,80,80,80,80,80,80,80,80,80,80,80,80,80,80,80],"relics":["Burning Blood","Bag of Marbles","Regal Pillow","Runic Dome","Pen Nib","Blood Vial","Molten Egg 2","Ornamental Fan"],"card_choices":[{"not_picked":["Iron Wave","Power Through"],"picked":"Havoc","floor":1.0},{"not_picked":["Havoc","Fire Breathing"],"picked":"Battle Trance","floor":2.0},{"not_picked":["Clash","Battle Trance"],"picked":"Ghostly Armor","floor":3.0},{"not_picked":["Pommel Strike","Intimidate"],"picked":"Flame Barrier","floor":6.0},{"not_picked":["Clash","Dual Wield"],"picked":"Spot Weakness","floor":7.0},{"not_picked":["Heavy Blade","Flex"],"picked":"Combust","floor":12.0},{"not_picked":["Evolve","Armaments"],"picked":"Bloodletting","floor":13.0},{"not_picked":["Seeing Red","Flame Barrier"],"picked":"Pommel Strike","floor":14.0},{"not_picked":["Impervious","Demon Form"],"picked":"Barricade","floor":16},{"not_picked":["Flex","Perfected Strike"],"picked":"Headbutt","floor":18},{"not_picked":["Armaments","True Grit"],"picked":"Entrench","floor":21},{"not_picked":["Pommel Strike","Dual Wield"],"picked":"Body Slam","floor":22}],"player_experience":483474,"potions_floor_usage":[22,27,27],"damage_taken":[{"damage":5.0,"enemies":"Small Slimes","floor":1.0,"turns":6.0},{"damage":6.0,"enemies":"Cultist","floor":2.0,"turns":4.0},{"damage":3.0,"enemies":"2 Louse","floor":3.0,"turns":3.0},{"damage":7.0,"enemies":"Looter","floor":4.0,"turns":4.0},{"damage":63.0,"enemies":"Lagavulin","floor":6.0,"turns":9.0},{"damage":2.0,"enemies":"Exordium Wildlife","floor":7.0,"turns":3.0},{"damage":6.0,"enemies":"2 Fungi Beasts","floor":10.0,"turns":5.0},{"damage":18.0,"enemies":"Exordium Thugs","floor":12.0,"turns":6.0},{"damage":2.0,"enemies":"3 Louse","floor":13.0,"turns":3.0},{"damage":3.0,"enemies":"2 Fungi Beasts","floor":14.0,"turns":3.0},{"damage":26.0,"enemies":"Slime Boss","floor":16.0,"turns":7.0},{"damage":44,"enemies":"Spheric Guardian","floor":18,"turns":6},{"damage":16,"enemies":"3 Byrds","floor":21,"turns":3},{"damage":25,"enemies":"Centurion and Healer","floor":22,"turns":10},{"damage":78,"enemies":"Slavers","floor":27,"turns":4}],"event_choices":[{"event_name":"Match and Keep!","player_choice":"2 cards matched","floor":5.0,"damage_taken":0.0},{"event_name":"Match and Keep!","player_choice":"2 cards matched","floor":5.0,"damage_taken":0.0},{"event_name":"The Mausoleum","player_choice":"Yes","floor":19,"damage_taken":0},{"event_name":"Beggar","player_choice":"Ignored","floor":25,"damage_taken":0}],"boss_relics":[{"not_picked":["Orrery","Lizard Tail"],"picked":"Runic Dome"}],"potions_floor_spawned":[3,6,10,12,14,16,18],"seed_played":"-3417697510241103160","killed_by":"Slavers","ascension_level":9,"is_trial":false}