{"path_per_floor":["M","?","M","M","?","R","M","E","T","$","?","E","M","M","R","B",null,"M","?","?","$","M","R","M","M","T","R","M","?","R","?","R","B",null,"M","?","?","M","?","R","M","M","T","M","M","$","?","$","R","B"],"character_chosen":"DEFECT","items_purchased":["War Paint","Apotheosis","Loop"],"gold_per_floor":[118,118,129,141,141,141,159,190,190,37,37,72,89,108,108,203,203,214,214,129,54,48,48,66,78,78,78,92,72,72,72,72,175,175,192,192,192,204,204,204,222,233,233,250,267,12,0,0,0,0],"floor_reached":51,"campfire_rested":2,"playtime":3077,"item_purchase_floors":[10,46,46],"current_hp_per_floor":[69,69,70,72,72,72,74,63,63,63,63,54,43,47,47,42,77,59,43,43,43,45,45,28,19,19,42,46,46,46,46,46,41,81,83,83,83,83,83,83,67,61,71,45,20,20,20,20,49,27],"items_purged":["Strike_B"],"gold":0,"score":659,"play_id":"585d32b1-f17d-48f4-9536-88f8f9668ed6","local_time":"20180522133043","is_prod":false,"is_daily":false,"chose_seed":false,"is_ascension_mode":false,"campfire_upgraded":6,"timestamp":1527010243,"campfire_choices":[{"data":"Dualcast","floor":6,"key":"SMITH"},{"data":"Hologram","floor":15,"key":"SMITH"},{"data":"Defragment","floor":23,"key":"SMITH"},{"floor":27,"key":"REST"},{"data":"Ball Lightning","floor":30,"key":"SMITH"},{"data":"Scrape","floor":32,"key":"SMITH"},{"data":"Hologram","floor":40,"key":"SMITH"},{"floor":49,"key":"REST"}],"path_taken":["M","?","M","M","?","R","M","E","T","$","?","E","M","M","R","BOSS","M","?","?","$","M","R","?","M","T","R","M","?","R","?","R","BOSS","M","?","?","M","?","R","M","?","T","M","?","$","?","$","R","BOSS"],"build_version":"2018-05-21v2","seed_source_timestamp":169872393470730,"purchased_purges":1,"victory":true,"master_deck":["Strike_B","Strike_B","Defend_B+1","Defend_B","Defend_B","Zap+1","Dualcast+1","Gash+1","Undo","Glacier","Defragment+1","Hologram+1","Cold Snap","Scrape+1","Echo Form","Leap+1","Ball Lightning+1","Skim","Seek","Secret Technique","Hologram+1","Leap+1","Buffer","Apotheosis","Loop"],"max_hp_per_floor":[75,75,75,75,75,75,75,75,75,75,75,75,75,77,77,77,77,77,77,77,77,77,77,79,79,79,79,81,81,81,81,81,81,81,83,83,83,83,83,83,85,87,97,97,97,97,97,97,97,97],"relics":["Cracked Core","Blood Vial","Singing Bowl","Bottled Lightning","War Paint","Bottled Flame","Runic Dome","Enchiridion","Oddly Smooth Stone","Letter Opener","Snecko Eye","Pear","Red Mask"],"card_choices":[{"not_picked":["Melter","Steam Power"],"picked":"Gash","floor":1},{"not_picked":["Redo","Barrage"],"picked":"Undo","floor":3},{"not_picked":["Beam Cell","Turbo"],"picked":"Glacier","floor":4},{"not_picked":["Streamline","Coolheaded"],"picked":"Defragment","floor":7},{"not_picked":["Streamline","Heatsinks"],"picked":"Hologram","floor":8},{"not_picked":["Streamline","Sweeping Beam"],"picked":"Cold Snap","floor":12},{"not_picked":["Turbo","Coolheaded"],"picked":"Scrape","floor":13},{"not_picked":["Heatsinks","Barrage","Redo"],"picked":"Singing Bowl","floor":14},{"not_picked":["Creative AI","Fission"],"picked":"Echo Form","floor":16},{"not_picked":["Capacitor","Double Energy"],"picked":"Leap+1","floor":18},{"not_picked":["Capacitor","Doom and Gloom"],"picked":"Ball Lightning","floor":22},{"not_picked":["Stack","Axe Kick+1","Redo"],"picked":"Singing Bowl","floor":24},{"not_picked":["White Noise","Stack"],"picked":"Skim","floor":25},{"not_picked":["Leap","Meteor Strike","Stack"],"picked":"Singing Bowl","floor":28},{"not_picked":["Electrodynamics","Buffer"],"picked":"Seek","floor":33},{"not_picked":["Redo","Streamline","Turbo+1"],"picked":"Singing Bowl","floor":35},{"not_picked":["Purity","Transmutation"],"picked":"Secret Technique","floor":37},{"not_picked":["Chill+1","Go for the Eyes"],"picked":"Hologram","floor":38},{"not_picked":["Turbo+1","Hologram","Hello World+1"],"picked":"Singing Bowl","floor":41},{"not_picked":["Beam Cell","Rebound+1","Cold Snap"],"picked":"Singing Bowl","floor":42},{"not_picked":["Sweeping Beam","Turbo"],"picked":"Leap+1","floor":44},{"not_picked":["Beam Cell+1","Redo+1"],"picked":"Buffer","floor":45}],"player_experience":228249,"potions_floor_usage":[8,12,16,16,18,33,33,33,44,50,50,50],"damage_taken":[{"damage":6,"enemies":"Jaw Worm","floor":1,"turns":3},{"damage":1,"enemies":"Cultist","floor":3,"turns":3},{"damage":0,"enemies":"2 Louse","floor":4,"turns":1},{"damage":0,"enemies":"2 Fungi Beasts","floor":7,"turns":3},{"damage":12,"enemies":"Lagavulin","floor":8,"turns":8},{"damage":11,"enemies":"Gremlin Nob","floor":12,"turns":5},{"damage":13,"enemies":"Gremlin Gang","floor":13,"turns":7},{"damage":0,"enemies":"Blue Slaver","floor":14,"turns":3},{"damage":7,"enemies":"The Guardian","floor":16,"turns":9},{"damage":18,"enemies":"3 Byrds","floor":18,"turns":4},{"damage":0,"enemies":"2 Thieves","floor":22,"turns":5},{"damage":21,"enemies":"Snake Plant","floor":24,"turns":3},{"damage":11,"enemies":"Slaver and Parasite","floor":25,"turns":5},{"damage":0,"enemies":"Sentry and Sphere","floor":28,"turns":5},{"damage":14,"enemies":"Automaton","floor":33,"turns":10},{"damage":0,"enemies":"3 Shapes","floor":35,"turns":4},{"damage":0,"enemies":"Orb Walker","floor":38,"turns":3},{"damage":18,"enemies":"3 Darklings","floor":41,"turns":9},{"damage":10,"enemies":"Flame Bruiser 2 Orb","floor":42,"turns":8},{"damage":28,"enemies":"Sphere and 2 Shapes","floor":44,"turns":8},{"damage":27,"enemies":"3 Darklings","floor":45,"turns":7},{"damage":24,"enemies":"Awakened One","floor":50,"turns":29}],"relics_obtained":[{"floor":8,"key":"Singing Bowl"},{"floor":9,"key":"Bottled Lightning"},{"floor":12,"key":"Bottled Flame"},{"floor":19,"key":"Enchiridion"},{"floor":26,"key":"Letter Opener"},{"floor":43,"key":"Pear"}],"event_choices":[{"event_name":"Accursed Blacksmith","player_choice":"Forge","floor":2,"damage_taken":0},{"event_name":"Liars Game","player_choice":"disagreed","floor":5,"damage_taken":0},{"event_name":"The Lab","player_choice":"Got Potions","floor":11,"damage_taken":0},{"event_name":"Cursed Tome","player_choice":"Obtained Book","floor":19,"damage_taken":0},{"event_name":"Addict","player_choice":"Obtained Relic","floor":20,"damage_taken":0},{"event_name":"The Woman in Blue","player_choice":"Bought 1 Potion","floor":29,"damage_taken":0},{"event_name":"Drug Dealer","player_choice":"Ignored","floor":31,"damage_taken":0},{"event_name":"Bonfire Elementals","player_choice":"BASIC","floor":36,"damage_taken":0},{"event_name":"SensoryStone","player_choice":"Memory 1","floor":37,"damage_taken":0},{"event_name":"Tomb of Lord Red Mask","player_choice":"Paid","floor":47,"damage_taken":0}],"boss_relics":[{"not_picked":["Tiny House","Orrery"],"picked":"Runic Dome"},{"not_picked":["Cursed Key","Philosopher\u0027s Stone"],"picked":"Snecko Eye"}],"items_purged_floors":[21],"potions_floor_spawned":[1,4,7,8,13,25,28,33,41,42,45],"seed_played":"-8799860551434111220","ascension_level":0,"potions_obtained":[{"floor":1,"key":"Strength Potion"},{"floor":4,"key":"SpeedPotion"},{"floor":7,"key":"Block Potion"},{"floor":8,"key":"Strength Potion"},{"floor":11,"key":"FocusPotion"},{"floor":13,"key":"AttackPotion"},{"floor":25,"key":"SkillPotion"},{"floor":28,"key":"SteroidPotion"},{"floor":29,"key":"EssenceOfSteel"},{"floor":33,"key":"Dexterity Potion"},{"floor":41,"key":"EssenceOfSteel"},{"floor":42,"key":"Energy Potion"},{"floor":45,"key":"PowerPotion"}],"is_trial":false}