{"gold_per_floor":[113,124,144,144,164,164,164,164,164,164,178,178,196,107,107,204,204,221,145,145,145,145,175,175,175],"floor_reached":25,"playtime":844,"items_purged":[],"score":376,"play_id":"c6d8a847-d480-444c-b0ab-cba332888605","local_time":"20181004223609","is_ascension_mode":true,"campfire_choices":[{"data":"Defragment","floor":6,"key":"SMITH"},{"data":"Dualcast","floor":8,"key":"SMITH"},{"data":"Coolheaded","floor":10,"key":"SMITH"},{"data":"Coolheaded","floor":12,"key":"SMITH"},{"data":"Loop","floor":15,"key":"SMITH"},{"floor":24,"key":"REST"}],"neow_cost":"TEN_PERCENT_HP_LOSS","seed_source_timestamp":8090698119938,"circlet_count":0,"master_deck":["Strike_B","Strike_B","Strike_B","Defend_B","Defend_B","Defend_B","Defend_B","Zap","Dualcast+1","Echo Form","Ball Lightning","Coolheaded+1","Coolheaded+1","Defragment+1","Go for the Eyes","Buffer","Loop+1","Turbo","All For One","Defragment","Writhe","Aggregate","Amplify"],"relics":["Cracked Core","Mercury Hourglass","Cursed Key","Sundial","Shovel"],"potions_floor_usage":[16,23,25],"damage_taken":[{"damage":0,"enemies":"Cultist","floor":1,"turns":3},{"damage":0,"enemies":"Small Slimes","floor":2,"turns":4},{"damage":1,"enemies":"2 Louse","floor":3,"turns":2},{"damage":35,"enemies":"Lots of Slimes","floor":5,"turns":4},{"damage":0,"enemies":"Blue Slaver","floor":11,"turns":3},{"damage":7,"enemies":"Looter","floor":13,"turns":3},{"damage":0,"enemies":"The Guardian","floor":16,"turns":12},{"damage":7,"enemies":"3 Byrds","floor":18,"turns":5},{"damage":44,"enemies":"Slavers","floor":23,"turns":5},{"damage":26,"enemies":"Gremlin Leader","floor":25,"turns":2}],"seed_played":"-9173435369794590480","potions_obtained":[{"floor":2,"key":"Ancient Potion"},{"floor":3,"key":"Strength Potion"},{"floor":5,"key":"SkillPotion"},{"floor":23,"key":"Explosive Potion"}],"is_trial":false,"path_per_floor":["M","M","M","?","M","R","$","R","T","R","M","R","M","$","R","B",null,"M","$","?","?","$","E","R"],"character_chosen":"DEFECT","items_purchased":["Loop","Turbo","Defragment"],"campfire_rested":1,"item_purchase_floors":[14,14,19],"current_hp_per_floor":[68,68,67,67,32,32,32,32,32,32,32,32,25,25,25,25,57,50,50,50,50,50,6,26,0],"gold":175,"neow_bonus":"THREE_RARE_CARDS","is_prod":false,"is_daily":false,"chose_seed":false,"campfire_upgraded":5,"win_rate":0,"timestamp":1538706969,"path_taken":["M","M","M","?","M","R","$","R","T","R","M","R","M","$","R","BOSS","M","?","?","?","$","E","R","E"],"build_version":"2018-10-04","purchased_purges":0,"victory":false,"max_hp_per_floor":[68,68,68,68,68,68,68,68,68,68,68,68,68,68,68,68,68,68,68,68,68,68,68,68,68],"card_choices":[{"not_picked":["Fission","Buffer"],"picked":"Echo Form","floor":0},{"not_picked":["Compile Driver","Leap"],"picked":"Ball Lightning","floor":1},{"not_picked":["FTL","Turbo"],"picked":"Coolheaded","floor":2},{"not_picked":["Hologram","Compile Driver"],"picked":"Coolheaded","floor":3},{"not_picked":["Beam Cell","Ball Lightning"],"picked":"Defragment","floor":5},{"not_picked":["Force Field","Conserve Battery"],"picked":"Go for the Eyes","floor":11},{"not_picked":["Barrage","Cold Snap"],"picked":"Buffer","floor":13},{"not_picked":["Hyperbeam","Echo Form"],"picked":"All For One","floor":16},{"not_picked":["Heatsinks","Barrage+1","Compile Driver"],"picked":"SKIP","floor":18},{"not_picked":["Rebound","Turbo"],"picked":"Amplify","floor":23}],"player_experience":652745,"relics_obtained":[{"floor":9,"key":"Mercury Hourglass"},{"floor":23,"key":"Shovel"}],"event_choices":[{"event_name":"Liars Game","player_choice":"disagreed","floor":4,"damage_taken":0},{"event_name":"The Mausoleum","player_choice":"Yes","floor":20,"damage_taken":0},{"event_name":"Transmorgrifier","player_choice":"Transform","floor":21,"damage_taken":0}],"is_beta":false,"boss_relics":[{"not_picked":["Calling Bell","Velvet Choker"],"picked":"Cursed Key"}],"items_purged_floors":[],"is_endless":false,"potions_floor_spawned":[2,3,5,23],"killed_by":"Gremlin Leader","ascension_level":9}