{"gold_per_floor":[211,227,22,122,133,133,168,168,221,239,239,314,340,351,351,451,451,464,464,162,180,105,105,139,139,139,158,169,183,194,210,210,307,307,321,321,341,357,377,377,388,388,412,412,412,426,438,38,38,38],"floor_reached":51,"playtime":3164,"items_purged":["Defend_B+1","Strike_B+1"],"score":979,"play_id":"3de9ba8b-95a4-4fe0-a3d7-cec5feea7e36","local_time":"20180930000524","is_ascension_mode":true,"campfire_choices":[{"data":"Gash","floor":6,"key":"SMITH"},{"data":"Spot Weakness","floor":8,"key":"SMITH"},{"data":"Skewer","floor":11,"key":"SMITH"},{"data":"Metallicize","floor":15,"key":"SMITH"},{"data":"Iron Wave","floor":23,"key":"SMITH"},{"data":"Reboot","floor":25,"key":"SMITH"},{"data":"Discovery","floor":32,"key":"SMITH"},{"data":"Heavy Blade","floor":40,"key":"SMITH"},{"data":"Go for the Eyes","floor":42,"key":"SMITH"},{"data":"Disarm","floor":45,"key":"SMITH"},{"floor":49,"key":"REST"}],"neow_cost":"NONE","seed_source_timestamp":6218240132725,"circlet_count":0,"master_deck":["Strike_B+1","Strike_B+1","Strike_B+1","Defend_B+1","Defend_B+1","Zap","Dualcast","Gash+1","Reinforced Body","Metallicize+1","Spot Weakness+1","Skewer+1","Iron Wave+1","Go for the Eyes+1","Adrenaline","Reboot+1","Fusion+1","Discovery+1","Cloak And Dagger+1","Escape Plan+1","Disarm+1","All For One","Master of Strategy","Crippling Poison+1","Heavy Blade+1","Stack+1","Masterful Stab+1","PiercingWail+1","Dark Shackles","Finesse","Doom and Gloom+1"],"relics":["Cracked Core","PrismaticShard","Anchor","Bag of Marbles","Ornamental Fan","Philosopher\u0027s Stone","Vajra","PreservedInsect","Letter Opener","Nuclear Battery","Ancient Tea Set","Unceasing Top"],"potions_floor_usage":[7,16,16,24,33,33,38,50],"damage_taken":[{"damage":0,"enemies":"2 Louse","floor":1,"turns":3},{"damage":6,"enemies":"Cultist","floor":2,"turns":3},{"damage":7,"enemies":"Jaw Worm","floor":5,"turns":3},{"damage":18,"enemies":"Gremlin Nob","floor":7,"turns":4},{"damage":0,"enemies":"Blue Slaver","floor":10,"turns":3},{"damage":7,"enemies":"3 Sentries","floor":13,"turns":7},{"damage":0,"enemies":"Red Slaver","floor":14,"turns":1},{"damage":0,"enemies":"The Guardian","floor":16,"turns":6},{"damage":0,"enemies":"Chosen","floor":18,"turns":4},{"damage":3,"enemies":"Shell Parasite","floor":21,"turns":3},{"damage":4,"enemies":"Gremlin Leader","floor":24,"turns":5},{"damage":0,"enemies":"Sentry and Sphere","floor":27,"turns":3},{"damage":2,"enemies":"Centurion and Healer","floor":28,"turns":2},{"damage":0,"enemies":"3 Cultists","floor":29,"turns":4},{"damage":0,"enemies":"Chosen and Byrds","floor":30,"turns":3},{"damage":0,"enemies":"Snecko","floor":31,"turns":3},{"damage":50,"enemies":"Collector","floor":33,"turns":9},{"damage":0,"enemies":"3 Darklings","floor":35,"turns":3},{"damage":0,"enemies":"Orb Walker","floor":37,"turns":2},{"damage":0,"enemies":"Transient","floor":38,"turns":5},{"damage":0,"enemies":"Reptomancer","floor":39,"turns":4},{"damage":0,"enemies":"Spire Growth","floor":41,"turns":3},{"damage":0,"enemies":"Transient","floor":46,"turns":5},{"damage":0,"enemies":"4 Shapes","floor":47,"turns":3},{"damage":20,"enemies":"Awakened One","floor":50,"turns":9}],"seed_played":"-2676872969155705307","potions_obtained":[{"floor":5,"key":"SteroidPotion"},{"floor":13,"key":"EssenceOfSteel"},{"floor":14,"key":"AttackPotion"},{"floor":18,"key":"Poison Potion"},{"floor":28,"key":"SpeedPotion"},{"floor":30,"key":"Fire Potion"},{"floor":31,"key":"Weak Potion"},{"floor":33,"key":"Explosive Potion"},{"floor":38,"key":"SteroidPotion"},{"floor":39,"key":"FearPotion"}],"is_trial":false,"path_per_floor":["M","M","$","?","M","R","E","R","T","M","R","?","E","M","R","B",null,"M","?","$","M","?","R","E","R","T","M","M","M","M","M","R","B",null,"M","?","M","M","M","R","M","R","T","?","R","M","M","$","R","B"],"character_chosen":"DEFECT","items_purchased":["PrismaticShard","Vajra","Reboot","Unceasing Top"],"campfire_rested":1,"item_purchase_floors":[3,20,20,48],"current_hp_per_floor":[75,69,69,69,62,62,44,44,44,44,44,37,30,30,30,30,64,64,64,64,61,61,61,57,57,57,57,55,55,55,55,55,5,58,58,58,58,58,65,65,65,65,65,60,60,60,60,60,75,55],"gold":38,"neow_bonus":"HUNDRED_GOLD","is_prod":false,"is_daily":false,"chose_seed":false,"campfire_upgraded":10,"win_rate":0,"timestamp":1538280324,"path_taken":["M","M","$","?","M","R","E","R","T","M","R","?","E","M","R","BOSS","M","?","$","?","?","R","E","R","T","M","M","M","M","M","R","BOSS","M","?","M","M","M","R","?","R","T","?","R","M","M","$","R","BOSS"],"build_version":"2018-09-27","purchased_purges":2,"victory":true,"max_hp_per_floor":[75,75,75,75,75,75,75,75,75,75,75,75,75,75,75,75,75,75,75,75,75,75,75,75,75,75,75,75,75,75,75,75,75,75,75,75,75,75,75,75,75,75,75,75,75,75,75,75,75,75],"card_choices":[{"not_picked":["Cold Snap","Sweeping Beam"],"picked":"Gash","floor":1},{"not_picked":["Hologram","Coolheaded"],"picked":"Reinforced Body","floor":2},{"not_picked":["Shockwave","Cloak And Dagger"],"picked":"Metallicize","floor":5},{"not_picked":["Feel No Pain","Iron Wave"],"picked":"Spot Weakness","floor":7},{"not_picked":["Anger","Outmaneuver","Skewer"],"picked":"SKIP","floor":10},{"not_picked":["Anger","Outmaneuver"],"picked":"Skewer","floor":10},{"not_picked":["Electrodynamics","Flex"],"picked":"Iron Wave","floor":13},{"not_picked":["True Grit","Blade Dance"],"picked":"Go for the Eyes","floor":14},{"not_picked":["Thunder Strike","Venomology"],"picked":"Adrenaline","floor":16},{"not_picked":["Dodge and Roll","Steam","Conserve Battery"],"picked":"SKIP","floor":18},{"not_picked":["Havoc","Armaments","Dodge and Roll"],"picked":"SKIP","floor":21},{"not_picked":["Bane","Carnage"],"picked":"Fusion+1","floor":24},{"not_picked":["Shrug It Off","Sweeping Beam"],"picked":"Discovery","floor":27},{"not_picked":["Glacier+1","Mind Blast"],"picked":"Cloak And Dagger+1","floor":28},{"not_picked":["Quick Slash","Finesse"],"picked":"Escape Plan+1","floor":29},{"not_picked":["Reckless Charge","Cloak And Dagger"],"picked":"Disarm","floor":30},{"not_picked":["Storm","Coolheaded+1"],"picked":"All For One","floor":31},{"not_picked":["Dark Embrace","Bullet Time"],"picked":"Master of Strategy","floor":33},{"not_picked":["Impatience+1","Caltrops"],"picked":"Crippling Poison+1","floor":35},{"not_picked":["Rebound","Flex"],"picked":"Heavy Blade","floor":37},{"not_picked":["Backstab","Twin Strike"],"picked":"Stack+1","floor":38},{"not_picked":["Leap","Slice+1"],"picked":"Masterful Stab+1","floor":39},{"not_picked":["Twin Strike","Compile Driver+1"],"picked":"PiercingWail+1","floor":41},{"not_picked":["Panache","Jack Of All Trades"],"picked":"Dark Shackles","floor":44},{"not_picked":["Panache","Sadistic Nature"],"picked":"Finesse","floor":44},{"not_picked":["Clash+1","Deflect"],"picked":"Doom and Gloom+1","floor":46},{"not_picked":["Flying Knee+1","Rebound+1","Searing Blow+1"],"picked":"SKIP","floor":47}],"player_experience":617574,"relics_obtained":[{"floor":7,"key":"Anchor"},{"floor":9,"key":"Bag of Marbles"},{"floor":13,"key":"Ornamental Fan"},{"floor":24,"key":"PreservedInsect"},{"floor":26,"key":"Letter Opener"},{"floor":43,"key":"Ancient Tea Set"}],"event_choices":[{"event_name":"Golden Shrine","player_choice":"Pray","floor":4,"damage_taken":0},{"event_name":"FaceTrader","player_choice":"Touch","floor":12,"damage_taken":0},{"event_name":"Back to Basics","player_choice":"Simplicity","floor":19,"damage_taken":0},{"event_name":"Beggar","player_choice":"Gave Gold","floor":22,"damage_taken":0},{"event_name":"Tomb of Lord Red Mask","player_choice":"Ignored","floor":36,"damage_taken":0},{"event_name":"SensoryStone","player_choice":"Memory 2","floor":44,"damage_taken":0}],"is_beta":false,"boss_relics":[{"not_picked":["Orrery","White Beast Statue"],"picked":"Philosopher\u0027s Stone"},{"not_picked":["Calling Bell","Inserter"],"picked":"Nuclear Battery"}],"items_purged_floors":[20,48],"is_endless":false,"potions_floor_spawned":[5,13,14,18,28,30,31,33,38,39,41],"ascension_level":5}