{"gold_per_floor":[110,110,110,185,43,77,77,117,117,131,131,155,115,131,131,257,257,272,272,63,86,86,86,99,99,99,117,117,117,132,155,155,278,278,303,303,316,316,335,335,355,355,355,379,392,412,412,428,428,428],"floor_reached":51,"playtime":2788,"items_purged":["Injury"],"score":951,"play_id":"872c79c7-4359-489f-9b6c-4ea858d6689e","local_time":"20190308165332","is_ascension_mode":true,"campfire_choices":[{"data":"Capacitor","floor":7,"key":"SMITH"},{"data":"Cold Snap","floor":11,"key":"SMITH"},{"data":"Zap","floor":15,"key":"SMITH"},{"data":"Sunder","floor":23,"key":"SMITH"},{"data":"Hologram","floor":25,"key":"SMITH"},{"floor":29,"key":"REST"},{"data":"Dualcast","floor":32,"key":"SMITH"},{"floor":40,"key":"REST"},{"floor":42,"key":"REST"},{"floor":49,"key":"REST"}],"neow_cost":"NONE","seed_source_timestamp":90071499934083,"circlet_count":0,"master_deck":["Strike_B","Strike_B","Defend_B","Defend_B","Defend_B","Defend_B","Zap+1","Dualcast+1","Hologram+1","Self Repair","Capacitor+1","Leap","Cold Snap+1","Ball Lightning","Sunder+1","Cold Snap+1","Core Surge","Loop+1","Loop+1","Hologram+1","Glacier","Echo Form","Defragment","Storm","Consume"],"relics":["Cracked Core","NeowsBlessing","Golden Idol","Bag of Preparation","Symbiotic Virus","Cables","Nuclear Battery","Runic Capacitor","FossilizedHelix","Nilry\u0027s Codex","Philosopher\u0027s Stone","Pen Nib"],"potions_floor_usage":[6,21,24,27,33,35,44,48,50,50],"damage_taken":[{"damage":0,"enemies":"Small Slimes","floor":1,"turns":1},{"damage":0,"enemies":"Gremlin Nob","floor":6,"turns":1},{"damage":0,"enemies":"3 Sentries","floor":8,"turns":1},{"damage":3,"enemies":"2 Louse","floor":10,"turns":3},{"damage":0,"enemies":"Jaw Worm","floor":12,"turns":3},{"damage":26,"enemies":"Gremlin Gang","floor":14,"turns":4},{"damage":21,"enemies":"The Guardian","floor":16,"turns":11},{"damage":11,"enemies":"Spheric Guardian","floor":18,"turns":4},{"damage":0,"enemies":"Chosen","floor":21,"turns":4},{"damage":27,"enemies":"Centurion and Healer","floor":24,"turns":4},{"damage":7,"enemies":"Shelled Parasite and Fungi","floor":27,"turns":4},{"damage":8,"enemies":"Snake Plant","floor":30,"turns":4},{"damage":0,"enemies":"Centurion and Healer","floor":31,"turns":4},{"damage":64,"enemies":"Automaton","floor":33,"turns":10},{"damage":6,"enemies":"3 Darklings","floor":35,"turns":7},{"damage":16,"enemies":"3 Shapes","floor":37,"turns":4},{"damage":26,"enemies":"Spire Growth","floor":39,"turns":3},{"damage":17,"enemies":"Transient","floor":41,"turns":5},{"damage":48,"enemies":"3 Darklings","floor":44,"turns":4},{"damage":26,"enemies":"Writhing Mass","floor":45,"turns":5},{"damage":0,"enemies":"Sphere and 2 Shapes","floor":46,"turns":5},{"damage":0,"enemies":"4 Shapes","floor":48,"turns":4},{"damage":24,"enemies":"Time Eater","floor":50,"turns":8}],"seed_played":"881057676611753079","potions_obtained":[{"floor":6,"key":"Fruit Juice"},{"floor":12,"key":"SpeedPotion"},{"floor":14,"key":"Regen Potion"},{"floor":18,"key":"Fire Potion"},{"floor":31,"key":"GamblersBrew"},{"floor":33,"key":"SkillPotion"},{"floor":37,"key":"Energy Potion"},{"floor":39,"key":"FocusPotion"},{"floor":46,"key":"Fire Potion"},{"floor":48,"key":"GamblersBrew"}],"is_trial":false,"path_per_floor":["M","?","?","?","$","E","R","E","T","M","R","M","$","M","R","B",null,"M","?","$","M","?","R","M","R","T","M","?","R","M","M","R","B",null,"M","?","M","?","M","R","M","R","T","M","M","M","?","M","R","B",null],"character_chosen":"DEFECT","items_purchased":["Self Repair","Sunder","Runic Capacitor"],"campfire_rested":4,"item_purchase_floors":[5,13,20],"current_hp_per_floor":[68,68,68,57,57,62,62,69,69,73,73,80,80,61,61,47,72,68,68,68,75,75,75,55,55,55,64,48,72,71,78,78,21,65,66,66,57,57,38,62,52,76,76,35,16,23,23,23,47,23],"gold":428,"neow_bonus":"THREE_ENEMY_KILL","is_prod":false,"is_daily":false,"chose_seed":false,"campfire_upgraded":6,"win_rate":0,"timestamp":1552085612,"path_taken":["M","?","?","?","$","E","R","E","T","M","R","M","$","M","R","BOSS","M","?","$","?","?","R","M","R","T","M","?","R","M","M","R","BOSS","M","?","M","?","M","R","M","R","T","M","M","M","?","?","R","BOSS"],"build_version":"2019-01-23","purchased_purges":1,"victory":true,"max_hp_per_floor":[75,75,75,75,75,80,80,80,80,80,80,80,80,80,80,80,80,80,80,80,80,80,80,80,80,80,80,80,80,80,80,80,80,80,80,80,80,80,80,80,80,80,80,80,80,80,80,80,80,80],"card_choices":[{"not_picked":["Sweeping Beam","Steam"],"picked":"Hologram","floor":1},{"not_picked":["Conserve Battery","Reboot"],"picked":"Capacitor","floor":6},{"not_picked":["Beam Cell","Turbo"],"picked":"Leap","floor":8},{"not_picked":["Go for the Eyes","Redo"],"picked":"Cold Snap","floor":10},{"not_picked":["Genetic Algorithm","Rip and Tear"],"picked":"Ball Lightning","floor":12},{"not_picked":["Reinforced Body","Stack","Hologram"],"picked":"SKIP","floor":14},{"not_picked":["Go for the Eyes","Beam Cell+1","Storm"],"picked":"SKIP","floor":18},{"not_picked":["BootSequence","Leap"],"picked":"Cold Snap+1","floor":21},{"not_picked":["Self Repair","Double Energy+1","Barrage"],"picked":"SKIP","floor":24},{"not_picked":["Beam Cell","Turbo","Capacitor"],"picked":"SKIP","floor":27},{"not_picked":["Barrage+1","Force Field","Rebound"],"picked":"SKIP","floor":30},{"not_picked":["Redo","Gash","Beam Cell"],"picked":"SKIP","floor":31},{"not_picked":["Creative AI","Amplify"],"picked":"Core Surge","floor":33},{"not_picked":["Beam Cell","Streamline"],"picked":"Loop+1","floor":35},{"not_picked":["Coolheaded","Streamline"],"picked":"Loop+1","floor":37},{"not_picked":["Melter","Go for the Eyes"],"picked":"Hologram+1","floor":39},{"not_picked":["Compile Driver","Barrage+1","Sweeping Beam"],"picked":"SKIP","floor":41},{"not_picked":["Go for the Eyes+1","Coolheaded"],"picked":"Glacier","floor":44},{"not_picked":["Redo","Hello World"],"picked":"Echo Form","floor":45},{"not_picked":["Melter+1","Go for the Eyes+1"],"picked":"Defragment","floor":46},{"not_picked":["Fusion+1","Gash+1"],"picked":"Consume","floor":48}],"player_experience":306502,"relics_obtained":[{"floor":6,"key":"Bag of Preparation"},{"floor":8,"key":"Symbiotic Virus"},{"floor":9,"key":"Cables"},{"floor":26,"key":"FossilizedHelix"},{"floor":28,"key":"Nilry\u0027s Codex"},{"floor":43,"key":"Pen Nib"}],"event_choices":[{"damage_healed":0,"gold_gain":0,"player_choice":"Leave","damage_taken":0,"max_hp_gain":0,"max_hp_loss":0,"event_name":"The Cleric","floor":2,"gold_loss":0},{"damage_healed":0,"gold_gain":0,"player_choice":"Take Wound","damage_taken":0,"relics_obtained":["Golden Idol"],"max_hp_gain":0,"max_hp_loss":0,"event_name":"Golden Idol","floor":3,"gold_loss":0,"cards_obtained":["Injury"]},{"damage_healed":0,"gold_gain":75,"player_choice":"Gather Gold","damage_taken":11,"max_hp_gain":0,"max_hp_loss":0,"event_name":"World of Goop","floor":4,"gold_loss":0},{"damage_healed":0,"gold_gain":0,"player_choice":"Ignored","damage_taken":0,"max_hp_gain":0,"max_hp_loss":0,"event_name":"Purifier","floor":19,"gold_loss":0},{"damage_healed":0,"gold_gain":0,"player_choice":"Ignored","damage_taken":0,"max_hp_gain":0,"max_hp_loss":0,"event_name":"Vampires","floor":22,"gold_loss":0},{"damage_healed":0,"gold_gain":0,"player_choice":"Obtained Book","damage_taken":16,"max_hp_gain":0,"max_hp_loss":0,"event_name":"Cursed Tome","floor":28,"gold_loss":0},{"damage_healed":0,"gold_gain":0,"player_choice":"Ignored","damage_taken":0,"max_hp_gain":0,"max_hp_loss":0,"event_name":"Mysterious Sphere","floor":36,"gold_loss":0},{"cards_removed":["Strike_B"],"damage_healed":0,"gold_gain":0,"player_choice":"Removed Attack","damage_taken":0,"max_hp_gain":0,"max_hp_loss":0,"event_name":"Falling","floor":38,"gold_loss":0},{"damage_healed":0,"gold_gain":0,"cards_transformed":["Strike_B"],"player_choice":"Transformed","damage_taken":0,"max_hp_gain":0,"max_hp_loss":0,"event_name":"Transmorgrifier","floor":47,"gold_loss":0,"cards_obtained":["Storm"]}],"is_beta":false,"boss_relics":[{"not_picked":["Ectoplasm","White Beast Statue"],"picked":"Nuclear Battery"},{"not_picked":["Calling Bell","Lizard Tail"],"picked":"Philosopher\u0027s Stone"}],"items_purged_floors":[5],"is_endless":false,"potions_floor_spawned":[6,12,14,18,31,33,37,39,46,48],"ascension_level":7}