{"gold_per_floor":[117,137,59,134,234,266,266,294,294,306,306,331,348,348,348,444,494,475,152,162,177,177,55,55,74,125,125,159,159],"floor_reached":29,"playtime":1357,"items_purged":["Strike_R"],"score":358,"play_id":"4666026c-727e-4bf5-bf88-a39d33909a04","local_time":"20190224153621","is_ascension_mode":true,"campfire_choices":[{"data":"Flame Barrier","floor":7,"key":"SMITH"},{"floor":15,"key":"REST"},{"floor":24,"key":"REST"},{"floor":27,"key":"REST"}],"neow_cost":"NONE","seed_source_timestamp":139327781691300,"circlet_count":0,"master_deck":["Strike_R","Strike_R","Strike_R","Strike_R+1","Defend_R","Defend_R","Bash","True Grit","Flame Barrier+1","Metallicize","Clothesline","Shrug It Off","Armaments","Limit Break","True Grit","Fiend Fire","Spot Weakness","Body Slam","Metallicize","Shrug It Off","Flex","Pommel Strike+1","Double Tap"],"relics":["Burning Blood","NeowsBlessing","The Courier","Ice Cream","Shuriken","Ornamental Fan","Tiny House","Molten Egg 2","Oddly Smooth Stone","Smiling Mask","Darkstone Periapt"],"potions_floor_usage":[8,16,18,18,28,28],"damage_taken":[{"damage":0,"enemies":"Small Slimes","floor":1,"turns":1},{"damage":0,"enemies":"2 Louse","floor":2,"turns":1},{"damage":0,"enemies":"Gremlin Nob","floor":6,"turns":1},{"damage":4,"enemies":"3 Sentries","floor":8,"turns":13},{"damage":0,"enemies":"Cultist","floor":10,"turns":4},{"damage":56,"enemies":"Gremlin Nob","floor":12,"turns":7},{"damage":0,"enemies":"2 Fungi Beasts","floor":13,"turns":4},{"damage":43,"enemies":"Slime Boss","floor":16,"turns":10},{"damage":6,"enemies":"2 Thieves","floor":18,"turns":5},{"damage":16,"enemies":"3 Byrds","floor":20,"turns":6},{"damage":38,"enemies":"Sentry and Sphere","floor":21,"turns":11},{"damage":16,"enemies":"Snecko","floor":25,"turns":9},{"damage":47,"enemies":"Slavers","floor":28,"turns":10},{"damage":50,"enemies":"3 Cultists","floor":29,"turns":5}],"seed_played":"4528133179827801469","potions_obtained":[{"floor":2,"key":"SkillPotion"},{"floor":6,"key":"Swift Potion"},{"floor":13,"key":"PowerPotion"},{"floor":16,"key":"Block Potion"},{"floor":17,"key":"FairyPotion"},{"floor":18,"key":"Energy Potion"},{"floor":25,"key":"Weak Potion"}],"is_trial":false,"path_per_floor":["M","M","$","?","?","E","R","E","T","M","?","E","M","?","R","B",null,"M","$","M","M","?","$","R","M","T","R","E","M"],"character_chosen":"IRONCLAD","items_purchased":["Metallicize","Molten Egg 2","Metallicize","Oddly Smooth Stone"],"campfire_rested":3,"item_purchase_floors":[3,19,19,23],"current_hp_per_floor":[80,80,80,69,69,75,75,77,77,80,80,30,36,36,60,23,71,71,71,61,29,29,29,54,44,44,69,28,0],"gold":159,"neow_bonus":"THREE_ENEMY_KILL","is_prod":false,"is_daily":false,"chose_seed":false,"campfire_upgraded":1,"win_rate":0,"timestamp":1551018981,"path_taken":["M","M","$","?","?","E","R","E","T","?","?","E","M","?","R","BOSS","M","$","?","M","?","?","R","M","T","R","E","M"],"build_version":"2019-01-23","purchased_purges":1,"victory":false,"max_hp_per_floor":[80,80,80,80,80,80,80,80,80,80,80,80,80,80,80,80,85,85,85,85,85,85,85,85,85,85,85,85,85],"card_choices":[{"not_picked":["Body Slam","Headbutt"],"picked":"True Grit","floor":1},{"not_picked":["Iron Wave","Anger"],"picked":"Flame Barrier","floor":2},{"not_picked":["Searing Blow","Heavy Blade"],"picked":"Clothesline","floor":6},{"not_picked":["Sword Boomerang","Twin Strike"],"picked":"Shrug It Off","floor":8},{"not_picked":["Burning Pact","True Grit"],"picked":"Armaments","floor":10},{"not_picked":["Berserk","Clothesline"],"picked":"Limit Break","floor":12},{"not_picked":["Wild Strike","Carnage"],"picked":"True Grit","floor":13},{"not_picked":["Double Tap","Dark Embrace"],"picked":"Fiend Fire","floor":16},{"not_picked":["Second Wind","Burning Pact"],"picked":"Spot Weakness","floor":17},{"not_picked":["Heavy Blade","Hemokinesis"],"picked":"Body Slam","floor":18},{"not_picked":["Warcry+1","Thunderclap+1"],"picked":"Shrug It Off","floor":20},{"not_picked":["Body Slam+1","Twin Strike+1"],"picked":"Flex","floor":21},{"not_picked":["Shrug It Off","Dropkick+1"],"picked":"Pommel Strike+1","floor":25},{"not_picked":["Heavy Blade+1","Spot Weakness"],"picked":"Double Tap","floor":28}],"player_experience":363207,"relics_obtained":[{"floor":6,"key":"The Courier"},{"floor":8,"key":"Ice Cream"},{"floor":9,"key":"Shuriken"},{"floor":12,"key":"Ornamental Fan"},{"floor":26,"key":"Smiling Mask"},{"floor":28,"key":"Darkstone Periapt"}],"event_choices":[{"damage_healed":0,"gold_gain":75,"player_choice":"Gather Gold","damage_taken":11,"max_hp_gain":0,"max_hp_loss":0,"event_name":"World of Goop","floor":4,"gold_loss":0},{"damage_healed":0,"gold_gain":100,"player_choice":"Pray","damage_taken":0,"max_hp_gain":0,"max_hp_loss":0,"event_name":"Golden Shrine","floor":5,"gold_loss":0},{"damage_healed":0,"gold_gain":0,"player_choice":"Ignored","damage_taken":0,"max_hp_gain":0,"max_hp_loss":0,"event_name":"Liars Game","floor":11,"gold_loss":0},{"cards_removed":["Defend_R"],"damage_healed":0,"gold_gain":0,"player_choice":"Purged","damage_taken":0,"max_hp_gain":0,"max_hp_loss":0,"event_name":"Purifier","floor":14,"gold_loss":0},{"cards_removed":["Defend_R"],"damage_healed":0,"gold_gain":0,"player_choice":"Card Removal","damage_taken":0,"max_hp_gain":0,"max_hp_loss":0,"event_name":"Wheel of Change","floor":22,"gold_loss":0}],"is_beta":false,"boss_relics":[{"not_picked":["Cursed Key","Velvet Choker"],"picked":"Tiny House"}],"items_purged_floors":[19],"is_endless":false,"potions_floor_spawned":[2,6,13,16,18,25],"killed_by":"3 Cultists","ascension_level":5}