{"gold_per_floor":[116,116,126,139,19,19,54,54,54,54,83,95,112,132,132,231,231,241,261,156,172,190,190,224,224],"floor_reached":25,"playtime":3393,"items_purged":[],"score":235,"play_id":"b12ce407-5625-43ff-8b6d-5af9b7d4445c","local_time":"20190126212855","is_ascension_mode":false,"campfire_choices":[{"data":"Flash of Steel","floor":6,"key":"SMITH"},{"floor":8,"key":"REST"},{"data":"Flying Knee","floor":10,"key":"SMITH"},{"data":"Flying Knee","floor":15,"key":"SMITH"},{"floor":23,"key":"REST"}],"neow_cost":"NONE","seed_source_timestamp":1160544133535334,"circlet_count":0,"master_deck":["Defend_G","Defend_G","Defend_G","Defend_G","Strike_G","Strike_G","Strike_G","Survivor","Neutralize","Underhanded Strike","Flying Knee+1","Infinite Blades","Flash of Steel+1","Dagger Spray","Dash","Outmaneuver","Prepared","Flying Knee+1","Noxious Fumes+1","Venomology","Blur+1","Reflex+1","Deadly Poison+1","Acrobatics+1","Catalyst","Blade Dance","Blind","Calculated Gamble","Underhanded Strike+1","Slice"],"relics":["Ring of the Snake","Tough Bandages","Frozen Egg 2","Meat on the Bone","Astrolabe","Blood Vial"],"potions_floor_usage":[16,16,16,21,22,24,24,24,25,25],"damage_taken":[{"damage":8,"enemies":"Jaw Worm","floor":1,"turns":6},{"damage":0,"enemies":"Cultist","floor":3,"turns":5},{"damage":0,"enemies":"Small Slimes","floor":4,"turns":5},{"damage":28,"enemies":"Gremlin Nob","floor":7,"turns":5},{"damage":14,"enemies":"Lagavulin","floor":11,"turns":8},{"damage":7,"enemies":"3 Louse","floor":12,"turns":3},{"damage":1,"enemies":"Exordium Wildlife","floor":13,"turns":4},{"damage":2,"enemies":"Red Slaver","floor":14,"turns":3},{"damage":29,"enemies":"Slime Boss","floor":16,"turns":8},{"damage":21,"enemies":"Spheric Guardian","floor":18,"turns":5},{"damage":15,"enemies":"Chosen","floor":19,"turns":5},{"damage":15,"enemies":"Snake Plant","floor":21,"turns":5},{"damage":17,"enemies":"Sentry and Sphere","floor":22,"turns":7},{"damage":36,"enemies":"Gremlin Leader","floor":24,"turns":8},{"damage":43,"enemies":"Masked Bandits","floor":25,"turns":3}],"seed_played":"-5417482575024762089","potions_obtained":[{"floor":7,"key":"SkillPotion"},{"floor":11,"key":"SpeedPotion"},{"floor":12,"key":"Weak Potion"},{"floor":13,"key":"Explosive Potion"},{"floor":18,"key":"FearPotion"}],"is_trial":false,"path_per_floor":["M","?","M","M","$","R","E","R","T","R","E","M","M","M","R","B",null,"M","M","$","M","M","R","E","?"],"character_chosen":"THE_SILENT","items_purchased":["Flash of Steel","Dagger Spray","Blade Dance","Blind"],"campfire_rested":2,"item_purchase_floors":[5,5,20,20],"current_hp_per_floor":[69,62,62,62,62,62,34,57,57,57,43,48,47,45,45,28,77,56,41,41,38,33,56,32,0],"gold":224,"neow_bonus":"TEN_PERCENT_HP_BONUS","is_prod":false,"is_daily":false,"chose_seed":false,"campfire_upgraded":3,"win_rate":1,"timestamp":1548534535,"path_taken":["M","?","M","?","$","R","E","R","T","R","E","M","?","M","R","BOSS","M","M","$","M","M","R","E","?"],"build_version":"2019-01-23","purchased_purges":0,"victory":false,"max_hp_per_floor":[77,77,77,77,77,77,77,77,77,77,77,77,77,77,77,77,77,77,77,77,77,77,77,77,77],"card_choices":[{"not_picked":["Prepared","Dodge and Roll"],"picked":"Underhanded Strike","floor":1},{"not_picked":["All Out Attack","Dagger Throw"],"picked":"Flying Knee","floor":3},{"not_picked":["Backflip","Distraction"],"picked":"Infinite Blades","floor":4},{"not_picked":["Choke","PiercingWail"],"picked":"Dash","floor":7},{"not_picked":["Choke","Dagger Spray"],"picked":"Outmaneuver","floor":11},{"not_picked":["Adrenaline","Deadly Poison"],"picked":"Prepared","floor":12},{"not_picked":["Prepared","Infinite Blades+1"],"picked":"Flying Knee","floor":13},{"not_picked":["Deflect","Slice"],"picked":"Noxious Fumes+1","floor":14},{"not_picked":["Bullet Time","Malaise"],"picked":"Venomology","floor":16},{"not_picked":["Dagger Throw","Bane"],"picked":"Acrobatics+1","floor":18},{"not_picked":["Blade Dance+1","Backflip"],"picked":"Catalyst","floor":19},{"not_picked":["Deadly Poison","Outmaneuver"],"picked":"Calculated Gamble","floor":21},{"not_picked":["Noxious Fumes+1","Backflip"],"picked":"Underhanded Strike+1","floor":22},{"not_picked":["Outmaneuver","Prepared"],"picked":"Slice","floor":24}],"player_experience":17566,"relics_obtained":[{"floor":7,"key":"Tough Bandages"},{"floor":9,"key":"Frozen Egg 2"},{"floor":11,"key":"Meat on the Bone"},{"floor":24,"key":"Blood Vial"}],"event_choices":[{"damage_healed":0,"gold_gain":0,"player_choice":"Damaged","damage_taken":7,"max_hp_gain":0,"max_hp_loss":0,"event_name":"Wheel of Change","floor":2,"gold_loss":0},{"damage_healed":0,"gold_gain":0,"player_choice":"Fought Bandits","damage_taken":0,"max_hp_gain":0,"max_hp_loss":0,"event_name":"Masked Bandits","floor":25,"gold_loss":0}],"is_beta":false,"boss_relics":[{"not_picked":["HoveringKite","Tiny House"],"picked":"Astrolabe"}],"items_purged_floors":[],"is_endless":false,"potions_floor_spawned":[7,11,12,13,18],"killed_by":"Masked Bandits","ascension_level":0}