{"gold_per_floor":[115,115,132,150,150,181,181,200,227,260,260,272,272,328,328,427,427,440,451,471,111,126,152,152,163,242,259,259,289,289,289,289,385,385,402,402,402,45,45,45,71,91,169,188,39,73,73,87,87,87],"floor_reached":51,"playtime":4055,"items_purged":["Strike_G","Strike_G"],"score":755,"play_id":"ca061791-cc56-4726-9bf2-e9c79437a450","local_time":"20180801180622","is_ascension_mode":false,"campfire_choices":[{"data":"Skewer","floor":7,"key":"SMITH"},{"data":"Cloak And Dagger","floor":11,"key":"SMITH"},{"data":"Leg Sweep","floor":13,"key":"SMITH"},{"data":"Tactician","floor":15,"key":"SMITH"},{"floor":24,"key":"REST"},{"data":"Doppelganger","floor":28,"key":"SMITH"},{"data":"Malaise","floor":30,"key":"SMITH"},{"floor":32,"key":"REST"},{"data":"Terror","floor":40,"key":"SMITH"},{"data":"Acrobatics","floor":47,"key":"SMITH"},{"floor":49,"key":"REST"}],"neow_cost":"NONE","seed_source_timestamp":182378059221022,"circlet_count":0,"master_deck":["Defend_G","Defend_G+1","Defend_G","Survivor+1","Neutralize+1","Predator+1","Caltrops+1","Adrenaline+1","Skewer+1","Leg Sweep+1","Heel Hook+1","Cloak And Dagger+1","Backstab","Tactician+1","Malaise+1","Outmaneuver+1","Doppelganger+1","Well Laid Plans","Skewer+1","Phantasmal Killer","Terror+1","Flying Knee","Prepared","Blade Dance+1","Outmaneuver+1","Backstab+1","Blur","Acrobatics+1","Sucker Punch+1"],"relics":["Astrolabe","Regal Pillow","Art of War","Lantern","Bag of Marbles","The Courier","Sozu","Matryoshka","Sling","Bag of Preparation","Shuriken","Bottled Lightning","Oddly Smooth Stone","Smiling Mask","Empty Cage","Frozen Eye","Anchor","War Paint","Potion Belt","Kunai","Whetstone"],"potions_floor_usage":[6,16,16,33],"damage_taken":[{"damage":0,"enemies":"Jaw Worm","floor":1,"turns":2},{"damage":0,"enemies":"Small Slimes","floor":3,"turns":3},{"damage":0,"enemies":"Cultist","floor":4,"turns":2},{"damage":2,"enemies":"3 Sentries","floor":6,"turns":7},{"damage":3,"enemies":"Exordium Wildlife","floor":8,"turns":3},{"damage":0,"enemies":"Gremlin Nob","floor":10,"turns":3},{"damage":0,"enemies":"3 Louse","floor":12,"turns":2},{"damage":0,"enemies":"3 Sentries","floor":14,"turns":6},{"damage":12,"enemies":"Slime Boss","floor":16,"turns":15},{"damage":0,"enemies":"Shell Parasite","floor":18,"turns":2},{"damage":5,"enemies":"Spheric Guardian","floor":19,"turns":3},{"damage":0,"enemies":"Snecko","floor":20,"turns":1},{"damage":7,"enemies":"Centurion and Healer","floor":22,"turns":4},{"damage":36,"enemies":"Slavers","floor":23,"turns":3},{"damage":0,"enemies":"Cultist and Chosen","floor":25,"turns":2},{"damage":11,"enemies":"Snake Plant","floor":27,"turns":2},{"damage":7,"enemies":"Book of Stabbing","floor":29,"turns":3},{"damage":39,"enemies":"Collector","floor":33,"turns":9},{"damage":0,"enemies":"Flame Bruiser 1 Orb","floor":35,"turns":2},{"damage":0,"enemies":"2 Orb Walkers","floor":41,"turns":3},{"damage":0,"enemies":"3 Darklings","floor":42,"turns":3},{"damage":4,"enemies":"4 Shapes","floor":44,"turns":5},{"damage":17,"enemies":"Nemesis","floor":46,"turns":3},{"damage":0,"enemies":"Maw","floor":48,"turns":4},{"damage":36,"enemies":"Awakened One","floor":50,"turns":10}],"seed_played":"5701244520698272929","potions_obtained":[{"floor":4,"key":"SkillPotion"},{"floor":6,"key":"Ancient Potion"},{"floor":8,"key":"SpeedPotion"},{"floor":10,"key":"LiquidBronze"},{"floor":14,"key":"EssenceOfSteel"}],"is_trial":false,"path_per_floor":["M","?","M","M","?","E","R","M","T","E","R","M","R","?","R","B",null,"M","M","M","$","M","E","R","M","T","M","R","E","R","?","R","B",null,"M","?","?","$","?","R","E","M","T","M","$","E","R","M","R","B"],"character_chosen":"THE_SILENT","items_purchased":["Matryoshka","Sling","Frozen Eye","Anchor","Prepared","Blur","Acrobatics"],"campfire_rested":3,"item_purchase_floors":[21,21,38,38,38,45,45],"current_hp_per_floor":[70,75,75,75,68,66,66,63,63,63,63,63,63,63,63,51,75,75,70,70,70,63,27,64,64,64,53,53,46,46,46,75,36,75,75,75,75,75,75,75,75,75,75,71,71,54,54,54,75,39],"gold":87,"neow_bonus":"BOSS_RELIC","is_prod":false,"is_daily":false,"chose_seed":false,"campfire_upgraded":8,"win_rate":0,"timestamp":1533135982,"path_taken":["M","?","M","M","?","E","R","?","T","E","R","M","R","?","R","BOSS","M","M","M","$","M","E","R","M","T","M","R","E","R","?","R","BOSS","M","?","?","$","?","R","E","M","T","?","?","E","R","M","R","BOSS"],"build_version":"2018-07-26","purchased_purges":2,"victory":true,"max_hp_per_floor":[70,75,75,75,75,75,75,75,75,75,75,75,75,75,75,75,75,75,75,75,75,75,75,75,75,75,75,75,75,75,75,75,75,75,75,75,75,75,75,75,75,75,75,75,75,75,75,75,75,75],"card_choices":[{"not_picked":["Deadly Poison","Sucker Punch"],"picked":"Skewer","floor":1},{"not_picked":["Slice","Deflect"],"picked":"Leg Sweep","floor":3},{"not_picked":["Poisoned Stab","Deadly Poison"],"picked":"Heel Hook","floor":4},{"not_picked":["Expertise","Predator"],"picked":"Cloak And Dagger","floor":6},{"not_picked":["PiercingWail","Underhanded Strike"],"picked":"Backstab","floor":8},{"not_picked":["Reflex","Riddle With Holes","Poisoned Stab"],"picked":"SKIP","floor":10},{"not_picked":["Heel Hook","Backflip","Leg Sweep"],"picked":"SKIP","floor":12},{"not_picked":["Slice","Deflect"],"picked":"Tactician","floor":14},{"not_picked":["Night Terror","Glass Knife"],"picked":"Malaise","floor":16},{"not_picked":["Well Laid Plans","Quick Slash"],"picked":"Flying Knee+1","floor":18},{"not_picked":["Sucker Punch","Skewer"],"picked":"Outmaneuver+1","floor":19},{"not_picked":["Heel Hook","Prepared"],"picked":"All Out Attack","floor":20},{"not_picked":["Choke","Bane","Quick Slash"],"picked":"SKIP","floor":22},{"not_picked":["Sucker Punch+1","PiercingWail"],"picked":"Doppelganger","floor":23},{"not_picked":["Bane","Quick Slash"],"picked":"Well Laid Plans","floor":25},{"not_picked":["Eviscerate","Bouncing Flask","Quick Slash+1"],"picked":"SKIP","floor":27},{"not_picked":["Noxious Fumes+1","Predator"],"picked":"Skewer+1","floor":29},{"not_picked":["Bullet Time","Die Die Die"],"picked":"Phantasmal Killer","floor":33},{"not_picked":["Dodge and Roll+1","Sucker Punch"],"picked":"Terror","floor":35},{"not_picked":["Quick Slash+1","Backflip"],"picked":"Blade Dance+1","floor":41},{"not_picked":["Bane+1","Sucker Punch+1"],"picked":"Outmaneuver+1","floor":42},{"not_picked":["Reflex+1","Deflect+1"],"picked":"Backstab+1","floor":44},{"not_picked":["Deadly Poison+1","Corpse Explosion"],"picked":"Sucker Punch+1","floor":46},{"not_picked":["Deflect","Acrobatics","Quick Slash"],"picked":"SKIP","floor":48}],"player_experience":154971,"relics_obtained":[{"floor":6,"key":"Art of War"},{"floor":9,"key":"Lantern"},{"floor":10,"key":"Bag of Marbles"},{"floor":14,"key":"The Courier"},{"floor":23,"key":"Bag of Preparation"},{"floor":26,"key":"Shuriken"},{"floor":26,"key":"Bottled Lightning"},{"floor":29,"key":"Oddly Smooth Stone"},{"floor":41,"key":"War Paint"},{"floor":43,"key":"Potion Belt"},{"floor":43,"key":"Kunai"},{"floor":46,"key":"Whetstone"}],"event_choices":[{"event_name":"Big Fish","player_choice":"Donut","floor":2,"damage_taken":0},{"event_name":"Scrap Ooze","player_choice":"success","floor":5,"damage_taken":7},{"event_name":"Dead Adventurer","player_choice":"Searched \u00273\u0027 times","floor":14,"damage_taken":0},{"event_name":"The Mausoleum","player_choice":"Yes","floor":31,"damage_taken":0},{"event_name":"Tomb of Lord Red Mask","player_choice":"Ignored","floor":36,"damage_taken":0},{"event_name":"Transmorgrifier","player_choice":"Transform","floor":37,"damage_taken":0},{"event_name":"Falling","player_choice":"Removed Attack","floor":39,"damage_taken":0}],"is_beta":false,"boss_relics":[{"not_picked":["Philosopher\u0027s Stone","Tiny House"],"picked":"Sozu"},{"not_picked":["Orrery","WristBlade"],"picked":"Empty Cage"}],"items_purged_floors":[38,45],"is_endless":false,"potions_floor_spawned":[4,6,8,10,14,19,22,23,33,46,48],"ascension_level":0}