{"gold_per_floor":[217,235,235,245,258,292,302,302,302,302,322,352,352,369,369,469,469,457,467,151,167,181,506,506],"floor_reached":24,"playtime":2957,"items_purged":["Strike_G"],"score":244,"play_id":"deae048b-f310-4a84-8a72-9e985954867b","local_time":"20190225232607","is_ascension_mode":true,"campfire_choices":[{"data":"Neutralize","floor":8,"key":"SMITH"},{"data":"Footwork","floor":10,"key":"SMITH"},{"data":"Well Laid Plans","floor":15,"key":"SMITH"}],"neow_cost":"NONE","seed_source_timestamp":48703663384151,"circlet_count":0,"master_deck":["Defend_G","Defend_G","Defend_G","Defend_G","Strike_G","Survivor","Neutralize+1","Dash","Deflect","Deadly Poison","Quick Slash","Dagger Spray","Footwork+1","Backstab","Well Laid Plans+1","Backflip","Malaise","Endless Agony+1","PiercingWail+1","Slice","Terror+1","Backflip"],"relics":["Ring of the Snake","Boot","Tingsha","Pantograph","Empty Cage","Gremlin Horn","Old Coin"],"potions_floor_usage":[5,19],"damage_taken":[{"damage":1,"enemies":"Cultist","floor":1,"turns":4},{"damage":0,"enemies":"2 Louse","floor":2,"turns":3},{"damage":0,"enemies":"Jaw Worm","floor":4,"turns":4},{"damage":11,"enemies":"Gremlin Gang","floor":5,"turns":7},{"damage":26,"enemies":"Lagavulin","floor":6,"turns":7},{"damage":1,"enemies":"Exordium Wildlife","floor":7,"turns":6},{"damage":0,"enemies":"2 Fungi Beasts","floor":11,"turns":3},{"damage":2,"enemies":"3 Sentries","floor":12,"turns":8},{"damage":2,"enemies":"Gremlin Gang","floor":14,"turns":4},{"damage":5,"enemies":"Hexaghost","floor":16,"turns":12},{"damage":9,"enemies":"2 Thieves","floor":18,"turns":4},{"damage":5,"enemies":"Spheric Guardian","floor":19,"turns":8},{"damage":5,"enemies":"Snecko","floor":21,"turns":8},{"damage":0,"enemies":"Cultist and Chosen","floor":22,"turns":8},{"damage":20,"enemies":"Gremlin Leader","floor":23,"turns":9},{"damage":0,"enemies":"Gremlin Leader","floor":24,"turns":1}],"seed_played":"-5663650451707584099","potions_obtained":[{"floor":1,"key":"EssenceOfSteel"},{"floor":5,"key":"GamblersBrew"},{"floor":7,"key":"Dexterity Potion"},{"floor":14,"key":"EssenceOfSteel"},{"floor":19,"key":"FearPotion"}],"is_trial":false,"path_per_floor":["M","M","?","M","M","E","M","R","T","R","M","E","?","M","R","B",null,"M","M","$","M","M","E","?"],"character_chosen":"THE_SILENT","items_purchased":["Gremlin Horn"],"campfire_rested":0,"item_purchase_floors":[20],"current_hp_per_floor":[69,69,62,62,51,25,24,24,24,24,24,22,22,20,20,40,70,61,56,56,51,51,31,31],"gold":506,"neow_bonus":"HUNDRED_GOLD","is_prod":false,"is_daily":false,"chose_seed":false,"campfire_upgraded":3,"win_rate":0,"timestamp":1551129967,"path_taken":["M","M","?","M","M","E","M","R","T","R","M","E","?","?","R","BOSS","M","M","$","M","M","E","?"],"build_version":"2019-01-23","purchased_purges":1,"victory":false,"max_hp_per_floor":[70,70,70,70,70,70,70,70,70,70,70,70,70,70,70,70,70,70,70,70,70,70,70,70],"card_choices":[{"not_picked":["Distraction","Poisoned Stab"],"picked":"Dash","floor":1},{"not_picked":["Dash","Prepared"],"picked":"Deflect","floor":2},{"not_picked":["Acrobatics","Deflect"],"picked":"Deadly Poison","floor":4},{"not_picked":["Endless Agony","Escape Plan"],"picked":"Quick Slash","floor":5},{"not_picked":["Poisoned Stab","Deflect"],"picked":"Dagger Spray","floor":6},{"not_picked":["PiercingWail","Setup"],"picked":"Footwork","floor":7},{"not_picked":["PiercingWail","Dagger Throw"],"picked":"Backstab","floor":11},{"not_picked":["Bouncing Flask","Choke"],"picked":"Well Laid Plans","floor":12},{"not_picked":["Underhanded Strike","Poisoned Stab"],"picked":"Backflip","floor":14},{"not_picked":["Doppelganger","Die Die Die"],"picked":"Malaise","floor":16},{"not_picked":["Well Laid Plans","Blade Dance+1"],"picked":"Endless Agony+1","floor":18},{"not_picked":["Slice","Eviscerate+1"],"picked":"PiercingWail+1","floor":19},{"not_picked":["Skewer","Expertise"],"picked":"Slice","floor":21},{"not_picked":["Predator","Dagger Spray+1"],"picked":"Terror+1","floor":22},{"not_picked":["Bane","Skewer"],"picked":"Backflip","floor":23}],"player_experience":529894,"relics_obtained":[{"floor":6,"key":"Boot"},{"floor":9,"key":"Tingsha"},{"floor":12,"key":"Pantograph"},{"floor":23,"key":"Old Coin"}],"event_choices":[{"cards_removed":["Strike_G"],"damage_healed":0,"gold_gain":0,"player_choice":"Card Removal","damage_taken":7,"max_hp_gain":0,"max_hp_loss":0,"event_name":"Golden Wing","floor":3,"gold_loss":0},{"cards_removed":["Strike_G"],"damage_healed":0,"gold_gain":0,"player_choice":"Offered Basic","damage_taken":0,"max_hp_gain":0,"max_hp_loss":0,"event_name":"Bonfire Elementals","floor":13,"gold_loss":0}],"is_beta":false,"boss_relics":[{"not_picked":["Lizard Tail","Velvet Choker"],"picked":"Empty Cage"}],"items_purged_floors":[20],"is_endless":false,"potions_floor_spawned":[1,5,7,14,19,22,23],"killed_by":"Gremlin Leader","ascension_level":1}