{"gold_per_floor":[15,30,30,46,61,96,96,129,154,229,229,229,243,257,257,329,329,348,366,366],"floor_reached":20,"playtime":803,"items_purged":[],"score":363,"play_id":"e829e5a3-341f-49e1-a4c9-bd7b95153d22","local_time":"20190304104644","is_ascension_mode":true,"campfire_choices":[{"floor":7,"key":"REST"},{"data":"Rip and Tear","floor":15,"key":"SMITH"}],"neow_cost":"NO_GOLD","seed_source_timestamp":20961947502156,"circlet_count":0,"master_deck":["AscendersBane","Zap","Dualcast","Ball Lightning","Rip and Tear+1","Steam","Cold Snap","Chill","Ball Lightning","Compile Driver","Electrodynamics","Hyperbeam","All For One","Skim","Leap","Glacier","Go for the Eyes","Hello World","Coolheaded"],"relics":["Cracked Core","Art of War","Smiling Mask","Potion Belt","Pen Nib","Pandora\u0027s Box"],"potions_floor_usage":[6,16],"damage_taken":[{"damage":7,"enemies":"Jaw Worm","floor":1,"turns":4},{"damage":0,"enemies":"2 Louse","floor":2,"turns":2},{"damage":0,"enemies":"Small Slimes","floor":4,"turns":2},{"damage":18,"enemies":"Exordium Thugs","floor":5,"turns":4},{"damage":22,"enemies":"Gremlin Nob","floor":6,"turns":4},{"damage":10,"enemies":"Lagavulin","floor":8,"turns":6},{"damage":2,"enemies":"Exordium Wildlife","floor":13,"turns":5},{"damage":6,"enemies":"Looter","floor":14,"turns":3},{"damage":6,"enemies":"Hexaghost","floor":16,"turns":9},{"damage":9,"enemies":"3 Byrds","floor":18,"turns":3},{"damage":22,"enemies":"2 Thieves","floor":19,"turns":3},{"damage":32,"enemies":"Shelled Parasite and Fungi","floor":20,"turns":4}],"seed_played":"4811643974255192015","potions_obtained":[{"floor":1,"key":"SpeedPotion"},{"floor":6,"key":"SneckoOil"},{"floor":12,"key":"Swift Potion"},{"floor":12,"key":"SkillPotion"},{"floor":14,"key":"Explosive Potion"}],"is_trial":false,"path_per_floor":["M","M","?","M","M","E","R","E","T","?","?","?","M","M","R","B",null,"M","M","M"],"character_chosen":"DEFECT","items_purchased":[],"campfire_rested":1,"item_purchase_floors":[],"current_hp_per_floor":[71,71,60,60,42,20,45,35,35,24,24,24,22,16,16,10,66,57,35,3],"gold":366,"neow_bonus":"TWENTY_PERCENT_HP_BONUS","is_prod":false,"is_daily":false,"chose_seed":false,"campfire_upgraded":1,"win_rate":0,"timestamp":1551664004,"path_taken":["M","M","?","M","M","E","R","E","T","?","?","?","?","M","R","BOSS","M","M","M"],"build_version":"2019-01-23","purchased_purges":0,"victory":false,"max_hp_per_floor":[85,85,85,85,85,85,85,85,85,85,85,85,85,85,85,85,85,85,85,85],"card_choices":[{"not_picked":["Recycle","Heatsinks","Blizzard"],"picked":"SKIP","floor":1},{"not_picked":["Hologram","Lockon"],"picked":"Ball Lightning","floor":2},{"not_picked":["Redo","Stack"],"picked":"Rip and Tear","floor":4},{"not_picked":["Turbo","Hologram"],"picked":"Steam","floor":5},{"not_picked":["Reinforced Body","Thunder Strike"],"picked":"Cold Snap","floor":6},{"not_picked":["Sweeping Beam","Leap"],"picked":"Chill","floor":8},{"not_picked":["Go for the Eyes","Beam Cell"],"picked":"Ball Lightning","floor":13},{"not_picked":["Turbo","Stack"],"picked":"Compile Driver","floor":14},{"not_picked":["Rainbow","Biased Cognition"],"picked":"Electrodynamics","floor":16},{"not_picked":["Storm","Rip and Tear","Steam"],"picked":"SKIP","floor":18},{"not_picked":["Compile Driver","Steam Power"],"picked":"Coolheaded","floor":19}],"player_experience":817991,"relics_obtained":[{"floor":6,"key":"Smiling Mask"},{"floor":8,"key":"Potion Belt"},{"floor":9,"key":"Pen Nib"}],"event_choices":[{"damage_healed":0,"gold_gain":0,"player_choice":"Success","damage_taken":11,"relics_obtained":["Art of War"],"max_hp_gain":0,"max_hp_loss":0,"event_name":"Scrap Ooze","floor":3,"gold_loss":0},{"damage_healed":0,"gold_gain":75,"player_choice":"Gather Gold","damage_taken":11,"max_hp_gain":0,"max_hp_loss":0,"event_name":"World of Goop","floor":10,"gold_loss":0},{"cards_removed":["Strike_B"],"damage_healed":0,"gold_gain":0,"player_choice":"Forget","damage_taken":0,"max_hp_gain":0,"max_hp_loss":0,"event_name":"Living Wall","floor":11,"gold_loss":0},{"damage_healed":0,"gold_gain":0,"player_choice":"Got Potions","damage_taken":0,"max_hp_gain":0,"max_hp_loss":0,"event_name":"Lab","floor":12,"gold_loss":0}],"is_beta":false,"boss_relics":[{"not_picked":["Runic Pyramid","Tiny House"],"picked":"Pandora\u0027s Box"}],"items_purged_floors":[],"is_endless":false,"potions_floor_spawned":[1,6,14],"killed_by":"Shelled Parasite and Fungi","ascension_level":19}