{"path_per_floor":["M","M","?","M","$","E","M","R","T","R","?","M","?","E","R","B",null,"M","?","$","M"],"character_chosen":"IRONCLAD","items_purchased":["Headbutt","Meat on the Bone"],"gold_per_floor":[118,130,130,148,25,66,85,85,109,109,109,127,162,205,205,334,334,358,358,15,38,38],"floor_reached":22,"campfire_rested":0,"playtime":2247,"current_hp_per_floor":[71,72,54,59,59,22,22,22,29,29,22,28,34,30,30,22,65,79,79,79,51,0],"items_purged":["Strike_R","Defend_R"],"gold":38,"score":281,"play_id":"4d908255-a570-409b-9c49-a76421bbf715","local_time":"20180505113128","is_prod":false,"is_daily":false,"chose_seed":false,"is_ascension_mode":true,"campfire_upgraded":3,"timestamp":1525534288,"path_taken":["M","M","?","M","$","E","M","R","T","R","?","?","?","E","R","BOSS","M","?","$","?","M"],"build_version":"2018-05-03","seed_source_timestamp":304857428660656,"purchased_purges":2,"victory":false,"master_deck":["Strike_R","Defend_R","Defend_R","Defend_R","Bash+1","Armaments+1","Shrug It Off","Headbutt","Carnage","Evolve+1","Wild Strike","Shrug It Off","Impervious","Bloodletting","Seeing Red"],"max_hp_per_floor":[72,72,72,72,72,72,72,72,79,79,79,79,79,79,79,79,79,79,79,79,79,79],"relics":["Burning Blood","Golden Idol","Regal Pillow","Strawberry","Odd Mushroom","Vajra","White Beast Statue","Meat on the Bone"],"card_choices":[{"not_picked":["Clash","Anger"],"picked":"Armaments","floor":1},{"not_picked":["Warcry","Headbutt"],"picked":"Shrug It Off","floor":2},{"not_picked":["Fire Breathing","Rage"],"picked":"Carnage","floor":6},{"not_picked":["Brutality","Flame Barrier"],"picked":"Evolve","floor":7},{"not_picked":["Heavy Blade","Perfected Strike"],"picked":"Wild Strike","floor":12},{"not_picked":["Hemokinesis","Pummel"],"picked":"Shrug It Off","floor":13},{"not_picked":["Juggernaut","Brutality"],"picked":"Impervious","floor":16},{"not_picked":["Headbutt","Thunderclap"],"picked":"Bloodletting","floor":18},{"not_picked":["Headbutt","Intimidate"],"picked":"Seeing Red","floor":21}],"player_experience":485699,"potions_floor_usage":[13,13,13,18,21],"damage_taken":[{"damage":7,"enemies":"Jaw Worm","floor":1,"turns":3},{"damage":0,"enemies":"2 Louse","floor":2,"turns":4},{"damage":1,"enemies":"Cultist","floor":4,"turns":3},{"damage":43,"enemies":"Lagavulin","floor":6,"turns":8},{"damage":6,"enemies":"3 Louse","floor":7,"turns":3},{"damage":0,"enemies":"Exordium Wildlife","floor":12,"turns":3},{"damage":0,"enemies":"The Mushroom Lair","floor":13,"turns":4},{"damage":10,"enemies":"3 Sentries","floor":14,"turns":7},{"damage":14,"enemies":"Slime Boss","floor":16,"turns":10},{"damage":2,"enemies":"Shell Parasite","floor":18,"turns":19},{"damage":34,"enemies":"2 Thieves","floor":21,"turns":5},{"damage":51,"enemies":"Sentry and Sphere","floor":22,"turns":9}],"event_choices":[{"event_name":"Golden Idol","player_choice":"Take Damage","floor":3,"damage_taken":0},{"event_name":"Golden Wing","player_choice":"Card Removal","floor":11,"damage_taken":0},{"event_name":"Mushrooms","player_choice":"Fought Mushrooms","floor":13,"damage_taken":0},{"event_name":"Vampires","player_choice":"Ignored","floor":19,"damage_taken":0}],"boss_relics":[{"not_picked":["Eternal Feather","Tiny House"],"picked":"White Beast Statue"}],"potions_floor_spawned":[2,6,12,14,16,18,21],"seed_played":"644133219830530756","killed_by":"Sentry and Sphere","ascension_level":9,"is_trial":false}