{"gold_per_floor":[110,123,123,146,164,164,199,199,199,199],"floor_reached":10,"playtime":579,"items_purged":[],"score":99,"play_id":"688a4571-5498-4b06-963f-a3c9af11ccdc","local_time":"20190225194305","is_ascension_mode":true,"campfire_choices":[{"data":"Bash","floor":6,"key":"SMITH"},{"floor":8,"key":"REST"}],"neow_cost":"NONE","seed_source_timestamp":890446546680750,"circlet_count":0,"master_deck":["Strike_R","Strike_R","Strike_R","Strike_R","Strike_R","Defend_R","Defend_R","Defend_R","Defend_R","Bash+1","Heavy Blade","Twin Strike","Evolve","Iron Wave","Iron Wave"],"relics":["Burning Blood","Golden Idol","Prayer Wheel","Charon\u0027s Ashes"],"potions_floor_usage":[5,10],"damage_taken":[{"damage":5,"enemies":"2 Louse","floor":1,"turns":4},{"damage":4,"enemies":"Jaw Worm","floor":2,"turns":4},{"damage":1,"enemies":"Cultist","floor":4,"turns":4},{"damage":25,"enemies":"Large Slime","floor":5,"turns":7},{"damage":35,"enemies":"3 Sentries","floor":7,"turns":10},{"damage":60,"enemies":"Lagavulin","floor":10,"turns":5}],"seed_played":"-7621569297503514226","potions_obtained":[{"floor":1,"key":"GamblersBrew"},{"floor":2,"key":"SneckoOil"}],"is_trial":false,"path_per_floor":["M","M","?","M","M","R","E","R","T","E"],"character_chosen":"IRONCLAD","items_purchased":[],"campfire_rested":1,"item_purchase_floors":[],"current_hp_per_floor":[81,83,61,66,47,47,18,44,44,0],"gold":199,"neow_bonus":"TEN_PERCENT_HP_BONUS","is_prod":false,"is_daily":false,"chose_seed":false,"campfire_upgraded":1,"win_rate":0,"timestamp":1551141785,"path_taken":["M","M","?","M","M","R","E","R","T","E"],"build_version":"2019-01-23","purchased_purges":0,"victory":false,"max_hp_per_floor":[88,88,88,88,88,88,88,88,88,88],"card_choices":[{"not_picked":["Bloodletting","Fire Breathing"],"picked":"Heavy Blade","floor":1},{"not_picked":["Clash","Corruption"],"picked":"Twin Strike","floor":2},{"not_picked":["Battle Trance","Iron Wave"],"picked":"Evolve","floor":4},{"not_picked":["Twin Strike","Clothesline"],"picked":"Iron Wave","floor":5},{"not_picked":["Body Slam","Thunderclap"],"picked":"Iron Wave","floor":7}],"player_experience":1676198,"relics_obtained":[{"floor":7,"key":"Prayer Wheel"},{"floor":9,"key":"Charon\u0027s Ashes"}],"event_choices":[{"damage_healed":0,"gold_gain":0,"player_choice":"Take Damage","damage_taken":22,"relics_obtained":["Golden Idol"],"max_hp_gain":0,"max_hp_loss":0,"event_name":"Golden Idol","floor":3,"gold_loss":0}],"is_beta":false,"boss_relics":[],"items_purged_floors":[],"is_endless":false,"potions_floor_spawned":[1,2],"killed_by":"Lagavulin","ascension_level":9}