{"path_per_floor":["M","M","?","M","M","R","E","R","T","R","E","M","T","?","R","B",null,"M","?","$","M","T","R","M","R","T","M","E","M","E","M","R","B",null,"M","M","?","M","?","R","E","M","T","M","E","R","M","$","R","B"],"character_chosen":"THE_SILENT","items_purchased":["Shovel"],"gold_per_floor":[119,129,129,139,152,152,184,184,184,184,214,230,230,289,289,389,389,389,389,27,27,27,27,27,27,27,27,27,27,27,27,27,27,27,27,27,27,27,27,27,27,27,27,27,27,27,27,27,27,27],"floor_reached":51,"campfire_rested":1,"playtime":4202,"current_hp_per_floor":[68,67,67,65,60,60,48,48,48,48,23,23,23,5,26,13,70,70,57,57,56,56,70,67,77,77,77,77,76,78,70,70,46,101,103,103,103,103,93,93,101,103,105,107,109,109,111,111,111,111],"items_purged":["Strike_G"],"gold":27,"score":1021,"play_id":"62c7489d-a877-412c-8303-510343f2fbc4","local_time":"20180412074850","is_prod":false,"is_daily":false,"is_ascension_mode":true,"campfire_upgraded":4,"timestamp":1523512130,"path_taken":["M","M","?","M","M","R","E","R","T","R","E","M","?","?","R","BOSS","M","?","$","M","?","R","M","R","T","?","E","?","E","M","R","BOSS","M","M","?","M","?","R","E","M","T","M","E","R","M","?","R","BOSS"],"build_version":"2018-04-05v2","purchased_purges":1,"victory":true,"master_deck":["Defend_G","Defend_G","Defend_G","Defend_G","Defend_G","Strike_G","Strike_G","Survivor+1","Neutralize","PiercingWail","Dagger Spray+1","Flying Knee+1","Dagger Throw","Backflip","Deflect","Cloak And Dagger","Predator","Doppelganger","Deflect+1","Slice","Dagger Throw+1","Accuracy+1","Infinite Blades","Deflect","Infinite Blades+1","After Image+1","Choke","Footwork","Bandage Up","Blind","Bandage Up","Noxious Fumes+1","Slice+1"],"max_hp_per_floor":[70,70,70,70,70,70,70,70,70,70,70,70,70,70,70,70,70,70,75,75,75,75,89,89,99,99,99,99,99,101,101,101,101,101,103,103,103,103,103,103,103,103,105,107,109,109,111,111,111,111],"relics":["Ring of the Snake","Calipers","Unceasing Top","Bronze Scales","Art of War","Mummified Hand","Ectoplasm","Shovel","Sundial","Mango","Pear","Singing Bowl","Ice Cream","Thread and Needle","Lantern","Sozu","Prayer Wheel","Bird Faced Urn","Dead Branch","Ancient Tea Set","Kunai"],"card_choices":[{"not_picked":["Reflex","Setup"],"picked":"PiercingWail","floor":1.0},{"not_picked":["Outmaneuver","Setup"],"picked":"Dagger Spray","floor":2.0},{"not_picked":["Sucker Punch","Grand Finale"],"picked":"Flying Knee","floor":4.0},{"not_picked":["Finisher","Prepared"],"picked":"Dagger Throw","floor":5.0},{"not_picked":["Distraction","Expertise"],"picked":"Backflip","floor":7.0},{"not_picked":["Bullet Time","Acrobatics"],"picked":"Deflect","floor":11.0},{"not_picked":["Acrobatics","Bane"],"picked":"Cloak And Dagger","floor":12.0},{"not_picked":["Backflip","Dagger Throw"],"picked":"Predator","floor":14.0},{"not_picked":["Night Terror","Corpse Explosion"],"picked":"Doppelganger","floor":16.0},{"not_picked":["Prepared","Poisoned Stab"],"picked":"Deflect","floor":18.0},{"not_picked":["Backflip","Poisoned Stab"],"picked":"Slice","floor":21.0},{"not_picked":["Dodge and Roll","Reflex"],"picked":"Dagger Throw","floor":24.0},{"not_picked":["Dagger Spray","Cloak And Dagger"],"picked":"Accuracy","floor":27.0},{"not_picked":["Prepared","Backflip"],"picked":"Infinite Blades","floor":28.0},{"not_picked":["Phantasmal Killer","Quick Slash"],"picked":"Deflect","floor":29.0},{"not_picked":["Quick Slash","Underhanded Strike"],"picked":"Infinite Blades","floor":31.0},{"not_picked":["A Thousand Cuts","Die Die Die"],"picked":"After Image","floor":33.0},{"not_picked":["Blur","Sucker Punch"],"picked":"Choke","floor":36.0},{"not_picked":["Tactician","Acrobatics"],"picked":"Footwork","floor":38.0},{"not_picked":["Deep Breath","Purity"],"picked":"Bandage Up","floor":39.0},{"not_picked":["Good Instincts","Dramatic Entrance"],"picked":"Blind","floor":39.0},{"not_picked":["Dark Shackles","Good Instincts"],"picked":"Bandage Up","floor":39.0},{"not_picked":["Backflip","Adrenaline"],"picked":"Noxious Fumes","floor":41.0},{"not_picked":["Outmaneuver","Bane"],"picked":"Slice","floor":42.0}],"player_experience":210902,"potions_floor_usage":[],"damage_taken":[{"damage":2.0,"enemies":"Jaw Worm","floor":1.0,"turns":7.0},{"damage":1.0,"enemies":"2 Louse","floor":2.0,"turns":4.0},{"damage":2.0,"enemies":"Small Slimes","floor":4.0,"turns":4.0},{"damage":5.0,"enemies":"Exordium Wildlife","floor":5.0,"turns":4.0},{"damage":12.0,"enemies":"3 Sentries","floor":7.0,"turns":5.0},{"damage":25.0,"enemies":"Gremlin Nob","floor":11.0,"turns":4.0},{"damage":0.0,"enemies":"2 Fungi Beasts","floor":12.0,"turns":2.0},{"damage":18.0,"enemies":"Gremlin Nob","floor":14.0,"turns":5.0},{"damage":13.0,"enemies":"Hexaghost","floor":16.0,"turns":9.0},{"damage":0.0,"enemies":"3 Byrds","floor":18.0,"turns":4.0},{"damage":1.0,"enemies":"Spheric Guardian","floor":21.0,"turns":4.0},{"damage":3.0,"enemies":"Snecko","floor":24.0,"turns":4.0},{"damage":0.0,"enemies":"Centurion and Healer","floor":27.0,"turns":6.0},{"damage":0.0,"enemies":"Slavers","floor":28.0,"turns":5.0},{"damage":1.0,"enemies":"Chosen and Byrds","floor":29.0,"turns":5.0},{"damage":0.0,"enemies":"Book of Stabbing","floor":30.0,"turns":5.0},{"damage":8.0,"enemies":"Sentry and Sphere","floor":31.0,"turns":4.0},{"damage":24.0,"enemies":"Automaton","floor":33.0,"turns":9.0},{"damage":0.0,"enemies":"3 Darklings","floor":35.0,"turns":5.0},{"damage":0.0,"enemies":"Orb Walker","floor":36.0,"turns":3.0},{"damage":0.0,"enemies":"4 Shapes","floor":38.0,"turns":5.0},{"damage":0.0,"enemies":"Nemesis","floor":41.0,"turns":7.0},{"damage":0.0,"enemies":"Maw","floor":42.0,"turns":6.0},{"damage":0.0,"enemies":"3 Darklings","floor":44.0,"turns":4.0},{"damage":0.0,"enemies":"Giant Head","floor":45.0,"turns":7.0},{"damage":3,"enemies":"4 Shapes","floor":47,"turns":5},{"damage":13,"enemies":"Time Eater","floor":50,"turns":12}],"event_choices":[{"event_name":"Living Wall","player_choice":"Forget","floor":3.0,"damage_taken":0.0},{"event_name":"Dead Adventurer","player_choice":"Searched \u00272\u0027 times","floor":14.0,"damage_taken":0.0},{"event_name":"Forgotten Altar","player_choice":"Shed Blood","floor":19.0,"damage_taken":0.0},{"event_name":"Golden Shrine","player_choice":"Pray","floor":37.0,"damage_taken":0.0},{"event_name":"SensoryStone","player_choice":"Memory 3","floor":39.0,"damage_taken":0.0}],"boss_relics":[],"potions_floor_spawned":[4,5,7,16,27,28,31,35,41,44,45,47],"seed_played":"7502586397592517355","ascension_level":4,"is_trial":false}