{"gold_per_floor":[119,137,137,148,159,187,187,199,256,256],"floor_reached":10,"playtime":577,"items_purged":[],"score":81,"play_id":"bb73095d-2a2e-4ded-bf86-674b2eb7af5b","local_time":"20190308054755","is_ascension_mode":true,"campfire_choices":[{"data":"Self Repair","floor":7,"key":"SMITH"}],"neow_cost":"NONE","seed_source_timestamp":73364898425924,"circlet_count":0,"master_deck":["Strike_B","Strike_B+1","Strike_B+1","Defend_B","Defend_B","Defend_B","Defend_B","Zap","Dualcast","Glacier","White Noise","Sweeping Beam","Self Repair+1","Hologram"],"relics":["Cracked Core","Whetstone","Incense Burner","Tiny Chest"],"potions_floor_usage":[],"damage_taken":[{"damage":0,"enemies":"Cultist","floor":1,"turns":3},{"damage":0,"enemies":"2 Louse","floor":2,"turns":1},{"damage":1,"enemies":"Jaw Worm","floor":4,"turns":3},{"damage":0,"enemies":"Large Slime","floor":5,"turns":5},{"damage":31,"enemies":"Lagavulin","floor":6,"turns":8},{"damage":0,"enemies":"Blue Slaver","floor":8,"turns":6},{"damage":3,"enemies":"Exordium Thugs","floor":10,"turns":3}],"seed_played":"3651695539557043404","potions_obtained":[{"floor":4,"key":"SkillPotion"},{"floor":6,"key":"FearPotion"}],"is_trial":false,"path_per_floor":["M","M","?","M","M","E","R","M","T","M"],"character_chosen":"DEFECT","items_purchased":[],"campfire_rested":0,"item_purchase_floors":[],"current_hp_per_floor":[75,75,68,67,67,36,36,46,46,43],"gold":256,"neow_bonus":"RANDOM_COMMON_RELIC","is_prod":false,"is_daily":false,"chose_seed":false,"campfire_upgraded":1,"win_rate":0,"timestamp":1552016875,"path_taken":["M","M","?","M","M","E","R","M","T","M"],"build_version":"2019-01-23","purchased_purges":0,"victory":false,"max_hp_per_floor":[75,75,75,75,75,75,75,75,75,75],"card_choices":[{"not_picked":["Sweeping Beam","White Noise"],"picked":"Glacier","floor":1},{"not_picked":["BootSequence","Redo"],"picked":"White Noise","floor":2},{"not_picked":["Redo","Blizzard"],"picked":"Sweeping Beam","floor":4},{"not_picked":["Turbo","Coolheaded","Glacier"],"picked":"SKIP","floor":5},{"not_picked":["Buffer","Redo"],"picked":"Self Repair","floor":6},{"not_picked":["Self Repair","Defragment"],"picked":"Hologram","floor":8}],"player_experience":705032,"relics_obtained":[{"floor":6,"key":"Incense Burner"},{"floor":9,"key":"Tiny Chest"}],"event_choices":[{"cards_removed":["Strike_B"],"damage_healed":0,"gold_gain":0,"player_choice":"Card Removal","damage_taken":7,"max_hp_gain":0,"max_hp_loss":0,"event_name":"Golden Wing","floor":3,"gold_loss":0}],"is_beta":false,"boss_relics":[],"items_purged_floors":[],"is_endless":false,"potions_floor_spawned":[4,6],"killed_by":"Exordium Thugs","ascension_level":3}