{"gold_per_floor":[118,134,153,168,183,183,183,183,207,242,317,317,328,328,328,328],"floor_reached":16,"playtime":617,"items_purged":[],"score":158,"play_id":"d5e213e9-417e-4b67-bcbe-35c4d3435cb8","local_time":"20180917000255","is_ascension_mode":true,"campfire_choices":[{"data":"True Grit","floor":6,"key":"SMITH"},{"data":"Cleave","floor":8,"key":"SMITH"},{"floor":12,"key":"REST"},{"floor":15,"key":"REST"}],"neow_cost":"NONE","seed_source_timestamp":611315021497704,"circlet_count":0,"master_deck":["Strike_R","Strike_R","Strike_R","Defend_R","Defend_R","Defend_R","Defend_R","Bash","AscendersBane","Headbutt","Cleave+1","True Grit+1","Warcry","Shrug It Off","Inflame"],"relics":["Burning Blood","Gremlin Horn","Potion Belt","Bottled Lightning"],"potions_floor_usage":[10,10,13],"damage_taken":[{"damage":1,"enemies":"Cultist","floor":1,"turns":4},{"damage":1,"enemies":"2 Louse","floor":2,"turns":3},{"damage":3,"enemies":"Small Slimes","floor":3,"turns":3},{"damage":56,"enemies":"Gremlin Gang","floor":4,"turns":6},{"damage":6,"enemies":"Exordium Wildlife","floor":5,"turns":4},{"damage":17,"enemies":"Gremlin Nob","floor":10,"turns":4},{"damage":21,"enemies":"Exordium Thugs","floor":13,"turns":4},{"damage":48,"enemies":"Slime Boss","floor":16,"turns":9}],"seed_played":"946460623494966138","potions_obtained":[{"floor":4,"key":"EssenceOfSteel"},{"floor":5,"key":"Energy Potion"},{"floor":10,"key":"SkillPotion"}],"is_trial":false,"path_per_floor":["M","M","M","M","M","R","T","R","T","E","?","R","M","?","R"],"character_chosen":"IRONCLAD","items_purchased":[],"campfire_rested":2,"item_purchase_floors":[],"current_hp_per_floor":[77,80,80,30,30,30,30,30,30,19,8,32,17,17,41,0],"gold":328,"neow_bonus":"REMOVE_CARD","is_prod":false,"is_daily":false,"chose_seed":false,"campfire_upgraded":2,"win_rate":0,"timestamp":1537156975,"path_taken":["M","M","M","M","M","R","?","R","T","E","?","R","M","?","R","BOSS"],"build_version":"2018-09-06","purchased_purges":0,"victory":false,"max_hp_per_floor":[80,80,80,80,80,80,80,80,80,80,80,80,80,80,80,80],"card_choices":[{"not_picked":["Flex","Clash"],"picked":"Headbutt","floor":1},{"not_picked":["Second Wind","Dark Embrace"],"picked":"Cleave","floor":2},{"not_picked":["Thunderclap","Ghostly Armor"],"picked":"True Grit","floor":3},{"not_picked":["Bloodletting","Blood for Blood","Havoc"],"picked":"SKIP","floor":4},{"not_picked":["Body Slam","Dual Wield"],"picked":"Warcry","floor":5},{"not_picked":["Seeing Red","Rupture"],"picked":"Shrug It Off","floor":10},{"not_picked":["Havoc","Uppercut"],"picked":"Inflame","floor":13}],"player_experience":556352,"relics_obtained":[{"floor":7,"key":"Gremlin Horn"},{"floor":9,"key":"Potion Belt"},{"floor":10,"key":"Bottled Lightning"}],"event_choices":[{"event_name":"World of Goop","player_choice":"Gather Gold","floor":11,"damage_taken":0},{"event_name":"Purifier","player_choice":"One Purge","floor":14,"damage_taken":0}],"is_beta":false,"boss_relics":[],"items_purged_floors":[],"is_endless":false,"potions_floor_spawned":[4,5,10],"killed_by":"Slime Boss","ascension_level":11}