{"gold_per_floor":[13,30,41,59,76,76,111,111,111,143,165,184,184,198,198,302,302,318,318,333,352,117,117,143,143,143,143,143,160,160,178,178,278,278,291,304,404,404,404,433,452,467,490,19,44,44,64,79,79,79],"floor_reached":50,"playtime":7275,"items_purged":[],"score":586,"play_id":"5c615fa9-7d50-44a3-9d86-c551c5e36d20","local_time":"20190217174913","is_ascension_mode":false,"campfire_choices":[{"floor":6,"key":"RECALL"},{"data":"Panache","floor":8,"key":"SMITH"},{"floor":13,"key":"REST"},{"data":"Trip","floor":15,"key":"SMITH"},{"floor":23,"key":"REST"},{"floor":25,"key":"REST"},{"floor":28,"key":"REST"},{"data":"Apotheosis","floor":30,"key":"SMITH"},{"data":"Infernal Blade","floor":32,"key":"SMITH"},{"floor":46,"key":"REST"},{"floor":49,"key":"REST"}],"neow_cost":"NO_GOLD","seed_source_timestamp":110066282167426,"circlet_count":0,"master_deck":["Defend_R","Defend_R","Bash","Panache+1","Trip+1","Flex","Clash","Battle Trance","Pommel Strike","Thunderclap","Whirlwind","Ghostly Armor","Immolate","True Grit+1","Warcry+1","Ghostly Armor","Apotheosis+1","Metallicize","Bite","Bite","Bite","Bite","Bite","Infernal Blade+1","Immolate","Warcry","Sword Boomerang+1","Pommel Strike+1","Shockwave+1","Limit Break","Feel No Pain","True Grit+1","Entrench+1","Shockwave+1","Havoc+1","Sentinel"],"relics":["Burning Blood","Potion Belt","Matryoshka","Odd Mushroom","Empty Cage","Enchiridion","Nunchaku","Vajra","Darkstone Periapt","Lizard Tail","Bird Faced Urn","Pantograph","Happy Flower","PreservedInsect","Charon\u0027s Ashes","Dream Catcher"],"potions_floor_usage":[7,11,14,21,24,24,24,33,50,50,50],"damage_taken":[{"damage":5,"enemies":"Cultist","floor":1,"turns":4},{"damage":2,"enemies":"Small Slimes","floor":2,"turns":3},{"damage":1,"enemies":"Jaw Worm","floor":3,"turns":2},{"damage":0,"enemies":"Large Slime","floor":4,"turns":3},{"damage":10,"enemies":"Looter","floor":5,"turns":2},{"damage":17,"enemies":"3 Sentries","floor":7,"turns":7},{"damage":20,"enemies":"Gremlin Nob","floor":10,"turns":4},{"damage":12,"enemies":"The Mushroom Lair","floor":11,"turns":3},{"damage":0,"enemies":"3 Louse","floor":12,"turns":2},{"damage":3,"enemies":"Red Slaver","floor":14,"turns":2},{"damage":6,"enemies":"Slime Boss","floor":16,"turns":9},{"damage":25,"enemies":"2 Thieves","floor":18,"turns":3},{"damage":1,"enemies":"Chosen","floor":20,"turns":5},{"damage":34,"enemies":"Sentry and Sphere","floor":21,"turns":7},{"damage":55,"enemies":"Slavers","floor":24,"turns":8},{"damage":11,"enemies":"Snake Plant","floor":29,"turns":4},{"damage":18,"enemies":"Centurion and Healer","floor":31,"turns":4},{"damage":50,"enemies":"Collector","floor":33,"turns":10},{"damage":0,"enemies":"3 Darklings","floor":35,"turns":2},{"damage":0,"enemies":"3 Shapes","floor":36,"turns":2},{"damage":7,"enemies":"Mind Bloom Boss Battle","floor":37,"turns":8},{"damage":20,"enemies":"Nemesis","floor":40,"turns":5},{"damage":32,"enemies":"Transient","floor":41,"turns":5},{"damage":12,"enemies":"4 Shapes","floor":42,"turns":6},{"damage":24,"enemies":"Reptomancer","floor":45,"turns":4},{"damage":22,"enemies":"Maw","floor":47,"turns":8},{"damage":24,"enemies":"Jaw Worm Horde","floor":48,"turns":4},{"damage":115,"enemies":"Time Eater","floor":50,"turns":13}],"seed_played":"7151014582757180430","potions_obtained":[{"floor":1,"key":"Explosive Potion"},{"floor":7,"key":"Ancient Potion"},{"floor":10,"key":"Energy Potion"},{"floor":11,"key":"Swift Potion"},{"floor":12,"key":"SneckoOil"},{"floor":18,"key":"SkillPotion"},{"floor":20,"key":"FairyPotion"},{"floor":24,"key":"GamblersBrew"},{"floor":37,"key":"EssenceOfSteel"},{"floor":45,"key":"Fire Potion"},{"floor":47,"key":"Dexterity Potion"}],"is_trial":false,"path_per_floor":["M","M","M","M","M","R","E","R","T","E","?","M","R","M","R","B",null,"M","?","M","M","$","R","E","R","T","?","R","M","R","M","R","B",null,"M","M","?","?","?","E","M","M","T","$","E","R","M","M","R","B"],"character_chosen":"IRONCLAD","items_purchased":["Apotheosis","Dexterity Potion","Limit Break","Charon\u0027s Ashes","Feel No Pain"],"campfire_rested":6,"item_purchase_floors":[22,22,44,44,44],"current_hp_per_floor":[80,80,80,80,76,76,65,65,65,51,45,51,75,78,78,78,80,61,45,50,22,22,46,14,38,38,38,54,53,53,50,50,21,56,56,56,56,56,56,48,36,44,44,44,31,47,40,24,40,0],"gold":79,"neow_bonus":"RANDOM_COLORLESS_2","is_prod":false,"is_daily":false,"chose_seed":false,"campfire_upgraded":4,"win_rate":0,"timestamp":1550454553,"path_taken":["M","?","M","M","M","R","E","R","T","E","?","M","R","M","R","BOSS","M","?","M","M","$","R","E","R","T","?","R","M","R","M","R","BOSS","M","M","?","?","?","E","?","M","T","$","E","R","M","?","R","BOSS"],"build_version":"2019-01-23","purchased_purges":0,"victory":false,"max_hp_per_floor":[80,80,80,80,80,80,80,80,80,80,80,80,80,80,80,80,80,80,80,80,80,80,80,80,80,80,56,56,56,56,56,56,56,56,56,56,56,56,56,56,56,56,56,56,56,56,56,56,56,56],"card_choices":[{"not_picked":["Clash","Twin Strike"],"picked":"Flex","floor":1},{"not_picked":["Twin Strike","Perfected Strike"],"picked":"Clash","floor":2},{"not_picked":["Sword Boomerang","Combust","Uppercut"],"picked":"SKIP","floor":3},{"not_picked":["Cleave","True Grit"],"picked":"Battle Trance","floor":4},{"not_picked":["Heavy Blade","Evolve","Feel No Pain"],"picked":"SKIP","floor":5},{"not_picked":["Headbutt","Intimidate"],"picked":"Pommel Strike","floor":7},{"not_picked":["Perfected Strike","Power Through"],"picked":"Thunderclap","floor":10},{"not_picked":["Disarm","Sword Boomerang"],"picked":"Whirlwind","floor":12},{"not_picked":["Entrench","Thunderclap"],"picked":"Ghostly Armor","floor":14},{"not_picked":["Fiend Fire","Offering"],"picked":"Immolate","floor":16},{"not_picked":["Clothesline","Perfected Strike+1"],"picked":"True Grit+1","floor":18},{"not_picked":["Shrug It Off","Cleave"],"picked":"Warcry+1","floor":20},{"not_picked":["Dual Wield","Double Tap"],"picked":"Ghostly Armor","floor":21},{"not_picked":["Perfected Strike+1","Body Slam"],"picked":"Metallicize","floor":24},{"not_picked":["Body Slam","Blood for Blood"],"picked":"Infernal Blade","floor":29},{"not_picked":["Wild Strike","Iron Wave","Bloodletting"],"picked":"SKIP","floor":31},{"not_picked":["Barricade","Brutality"],"picked":"Immolate","floor":33},{"not_picked":["Clothesline","Flex"],"picked":"Warcry","floor":35},{"not_picked":["Iron Wave","Flex"],"picked":"Sword Boomerang+1","floor":36},{"not_picked":["Feel No Pain","Cleave+1"],"picked":"Pommel Strike+1","floor":37},{"not_picked":["Cleave+1","Hemokinesis+1"],"picked":"Shockwave+1","floor":40},{"not_picked":["Intimidate","Wild Strike+1","Flex"],"picked":"SKIP","floor":41},{"not_picked":["Burning Pact","Carnage","Twin Strike+1"],"picked":"SKIP","floor":42},{"not_picked":["Flex","Thunderclap+1"],"picked":"True Grit+1","floor":45},{"not_picked":["Dropkick","Rampage"],"picked":"Entrench+1","floor":46},{"not_picked":["Cleave+1","Heavy Blade+1"],"picked":"Shockwave+1","floor":47},{"not_picked":["Bludgeon","Body Slam"],"picked":"Havoc+1","floor":48},{"not_picked":["Shockwave","Twin Strike+1"],"picked":"Sentinel","floor":49}],"player_experience":178127,"relics_obtained":[{"floor":7,"key":"Potion Belt"},{"floor":10,"key":"Matryoshka"},{"floor":11,"key":"Odd Mushroom"},{"floor":19,"key":"Enchiridion"},{"floor":24,"key":"Nunchaku"},{"floor":26,"key":"Vajra"},{"floor":26,"key":"Darkstone Periapt"},{"floor":37,"key":"Bird Faced Urn"},{"floor":40,"key":"Pantograph"},{"floor":43,"key":"Happy Flower"},{"floor":43,"key":"PreservedInsect"},{"floor":45,"key":"Dream Catcher"}],"event_choices":[{"damage_healed":0,"gold_gain":0,"player_choice":"Fought Mushrooms","damage_taken":0,"max_hp_gain":0,"max_hp_loss":0,"event_name":"Mushrooms","floor":11,"gold_loss":0},{"damage_healed":0,"gold_gain":0,"player_choice":"Obtained Book","damage_taken":16,"max_hp_gain":0,"max_hp_loss":0,"event_name":"Cursed Tome","floor":19,"gold_loss":0},{"damage_healed":0,"gold_gain":0,"player_choice":"Became a vampire","damage_taken":0,"max_hp_gain":0,"max_hp_loss":24,"event_name":"Vampires","floor":27,"gold_loss":0,"cards_obtained":["Bite","Bite","Bite","Bite","Bite"]},{"damage_healed":0,"gold_gain":0,"player_choice":"Fight","damage_taken":0,"max_hp_gain":0,"max_hp_loss":0,"event_name":"MindBloom","floor":37,"gold_loss":0},{"damage_healed":0,"gold_gain":0,"player_choice":"Ignored","damage_taken":0,"max_hp_gain":0,"max_hp_loss":0,"event_name":"Tomb of Lord Red Mask","floor":38,"gold_loss":0},{"cards_removed":["Defend_R"],"damage_healed":0,"gold_gain":0,"player_choice":"Purged","damage_taken":0,"max_hp_gain":0,"max_hp_loss":0,"event_name":"Purifier","floor":39,"gold_loss":0}],"is_beta":false,"boss_relics":[{"not_picked":["Sozu","Runic Dome"],"picked":"Empty Cage"},{"not_picked":["Runic Pyramid","Velvet Choker"],"picked":"Lizard Tail"}],"items_purged_floors":[],"is_endless":false,"potions_floor_spawned":[1,7,10,11,12,18,20,24,37,45,47],"killed_by":"Time Eater","ascension_level":0}