{"gold_per_floor":[119,135,102,120,120,154,154,175,247,267,280,280,230,253,253,253],"floor_reached":16,"playtime":1844,"items_purged":[],"score":104,"play_id":"2d182fe1-5100-4b9e-a48d-b5afb0c039b9","local_time":"20180709215212","is_ascension_mode":false,"campfire_choices":[{"floor":12,"key":"REST"},{"floor":15,"key":"REST"}],"neow_cost":"","seed_source_timestamp":185359050257395,"circlet_count":0,"master_deck":["Defend_G","Defend_G","Defend_G","Defend_G","Defend_G","Strike_G","Strike_G","Strike_G","Strike_G","Strike_G","Survivor","Neutralize","Quick Slash","Riddle With Holes","Sucker Punch","Leg Sweep","Escape Plan","Night Terror","Dagger Spray"],"relics":["Ring of the Snake","Golden Idol","Torii","Letter Opener"],"potions_floor_usage":[16,16,16],"damage_taken":[{"damage":2,"enemies":"Small Slimes","floor":1,"turns":5},{"damage":0,"enemies":"Jaw Worm","floor":2,"turns":5},{"damage":0,"enemies":"Cultist","floor":4,"turns":4},{"damage":49,"enemies":"Lagavulin","floor":6,"turns":10},{"damage":8,"enemies":"Exordium Wildlife","floor":8,"turns":5},{"damage":1,"enemies":"Looter","floor":10,"turns":4},{"damage":1,"enemies":"Large Slime","floor":11,"turns":6},{"damage":1,"enemies":"3 Louse","floor":14,"turns":4},{"damage":51,"enemies":"Slime Boss","floor":16,"turns":13}],"seed_played":"7806152647338246520","potions_obtained":[{"floor":4,"key":"Poison Potion"},{"floor":6,"key":"SpeedPotion"},{"floor":10,"key":"Strength Potion"},{"floor":11,"key":"Weak Potion"}],"is_trial":false,"path_per_floor":["M","M","?","M","?","E","?","M","T","M","M","R","?","M","R"],"character_chosen":"THE_SILENT","items_purchased":[],"campfire_rested":2,"item_purchase_floors":[],"current_hp_per_floor":[68,68,68,68,68,19,19,11,11,10,9,30,30,29,50,0],"gold":253,"neow_bonus":"","is_prod":false,"is_daily":false,"chose_seed":false,"campfire_upgraded":0,"win_rate":0.0,"timestamp":1531198332,"path_taken":["M","M","?","M","?","E","?","M","T","?","M","R","?","M","R","BOSS"],"build_version":"2018-07-05","purchased_purges":0,"victory":false,"max_hp_per_floor":[70,70,70,70,70,70,70,70,70,70,70,70,70,70,70,70],"card_choices":[{"not_picked":["PiercingWail","Slice"],"picked":"Quick Slash","floor":1},{"not_picked":["Bouncing Flask","Prepared"],"picked":"Riddle With Holes","floor":2},{"not_picked":["Backflip","PiercingWail"],"picked":"Sucker Punch","floor":4},{"not_picked":["Escape Plan","Flying Knee"],"picked":"Leg Sweep","floor":6},{"not_picked":["Slice","PiercingWail"],"picked":"Escape Plan","floor":8},{"not_picked":["PiercingWail","Endless Agony"],"picked":"Night Terror","floor":10},{"not_picked":["Acrobatics","Bouncing Flask","Malaise"],"picked":"SKIP","floor":11},{"not_picked":["Quick Slash","Choke"],"picked":"Dagger Spray","floor":14}],"player_experience":8266,"relics_obtained":[{"floor":6,"key":"Torii"},{"floor":9,"key":"Letter Opener"}],"event_choices":[{"event_name":"World of Goop","player_choice":"Left","floor":3,"damage_taken":0},{"event_name":"Golden Idol","player_choice":"Take Wound","floor":5,"damage_taken":0},{"event_name":"Shining Light","player_choice":"Ignored","floor":7,"damage_taken":0},{"event_name":"The Cleric","player_choice":"Card Removal","floor":13,"damage_taken":0}],"boss_relics":[],"items_purged_floors":[],"is_endless":false,"potions_floor_spawned":[4,6,10,11],"killed_by":"Slime Boss","ascension_level":0}