{"path_per_floor":["M","?","M","M","M","E","R","M","T","?","?","T","R","$","R","B",null,"M","M"],"character_chosen":"IRONCLAD","items_purchased":["Armaments","Medical Kit"],"gold_per_floor":[112,112,130,147,158,185,185,199,222,322,322,372,372,38,38,143,143,155,169],"floor_reached":20,"campfire_rested":0,"playtime":1757,"current_hp_per_floor":[77,77,80,80,80,69,69,73,73,73,57,57,57,57,57,25,80,45,26],"items_purged":["Strike_R"],"gold":169,"play_id":"167e8205-7f17-4d2c-a626-48ef34b59543","is_prod":false,"is_daily":false,"campfire_rituals":0,"campfire_upgraded":3,"is_hardmode":false,"path_taken":["M","?","M","?","M","E","R","M","T","?","?","?","R","?","R","BOSS","M","M","M"],"build_version":"2018-01-11-PROD2","purchased_purges":1,"victory":false,"master_deck":["Strike_R","Strike_R","Strike_R","Defend_R","Defend_R","Defend_R","Defend_R","Bash","Disarm","Fire Breathing","Cleave","Battle Trance","Headbutt","Wild Strike","Armaments","Brutality","Flex","Shrug It Off"],"max_hp_per_floor":[80,80,80,80,80,80,80,80,80,80,80,80,80,80,80,80,80,80,80],"relics":["Burning Blood","Vajra","Juzu Bracelet","Toxic Egg","Medical Kit","Snecko Eye"],"campfire_meditates":0,"card_choices":[{"not_picked":["Headbutt","Intimidate"],"picked":"Fire Breathing"},{"not_picked":["Clash","Entrench"],"picked":"Cleave"},{"not_picked":["Perfected Strike","Heavy Blade"],"picked":"Battle Trance"},{"not_picked":["Sword Boomerang","Rage"],"picked":"Headbutt"},{"not_picked":["Sword Boomerang","Thunderclap"],"picked":"Wild Strike"},{"not_picked":["Double Tap","Limit Break"],"picked":"Brutality"},{"not_picked":["Sword Boomerang","True Grit"],"picked":"Flex"},{"not_picked":["Sword Boomerang","Searing Blow"],"picked":"Shrug It Off"}],"player_experience":251816,"potions_floor_usage":[6,18,20],"damage_taken":[{"damage":9,"enemies":"Jaw Worm","floor":1,"turns":5},{"damage":2,"enemies":"Blue Slaver","floor":3,"turns":6},{"damage":2,"enemies":"Cultist","floor":4,"turns":4},{"damage":6,"enemies":"2 Fungi Beasts","floor":5,"turns":3},{"damage":17,"enemies":"Gremlin Nob","floor":6,"turns":4},{"damage":2,"enemies":"3 Louse","floor":8,"turns":3},{"damage":38,"enemies":"The Guardian","floor":16,"turns":8},{"damage":41,"enemies":"3 Byrds","floor":18,"turns":6},{"damage":25,"enemies":"Chosen","floor":19,"turns":5},{"damage":29,"enemies":"Snake Plant","floor":20,"turns":4}],"event_choices":[{"event_name":"Upgrade Shrine","player_choice":"Upgraded","floor":2,"damage_taken":0},{"event_name":"Golden Shrine","player_choice":"Pray","floor":10,"damage_taken":0},{"event_name":"Shining Light","player_choice":"Entered Light","floor":11,"damage_taken":0}],"boss_relics":[{"not_picked":["Orrery","Calling Bell"],"picked":"Snecko Eye"}],"potions_floor_spawned":[1,4,5,8],"seed_played":"-5681695934095127337","killed_by":"Snake Plant","is_trial":false}