{"gold_per_floor":[116,291,310,324,82,82,109,40,91,101,134,98,98,154,154,256,256,243,243,24,35,52,52,52,71,71,71,87,112,112,123,123,123],"floor_reached":33,"playtime":2279,"items_purged":["Doubt"],"score":275,"play_id":"5feec960-aedf-4dd6-8595-239de949d701","local_time":"20180907202320","is_ascension_mode":false,"campfire_choices":[{"data":"Noxious Fumes","floor":6.0,"key":"SMITH"},{"floor":13.0,"key":"REST"},{"data":"Footwork","floor":15.0,"key":"SMITH"},{"floor":23.0,"key":"REST"},{"floor":27.0,"key":"REST"},{"floor":30,"key":"REST"},{"floor":32,"key":"REST"}],"neow_cost":"NONE","seed_source_timestamp":0,"circlet_count":0,"master_deck":["Defend_G","Defend_G","Defend_G","Defend_G","Defend_G","Strike_G","Strike_G","Strike_G","Strike_G","Survivor","Neutralize","Dagger Throw","Caltrops","Slice","Noxious Fumes+1","Good Instincts","Footwork+1","Dodge and Roll","Caltrops","Deflect","Envenom","Cloak And Dagger","RitualDagger","Cloak And Dagger","Accuracy"],"special_seed":0,"relics":["Ring of the Snake","Happy Flower","Strawberry","PreservedInsect","Ninja Scroll","Black Star","TwistedFunnel","Bronze Scales","Potion Belt","Ancient Tea Set"],"potions_floor_usage":[28,29],"damage_taken":[{"damage":0.0,"enemies":"Jaw Worm","floor":1.0,"turns":4.0},{"damage":2.0,"enemies":"Small Slimes","floor":3.0,"turns":5.0},{"damage":0.0,"enemies":"Cultist","floor":4.0,"turns":4.0},{"damage":24.0,"enemies":"Gremlin Nob","floor":7.0,"turns":5.0},{"damage":21.0,"enemies":"Exordium Thugs","floor":10.0,"turns":5.0},{"damage":7.0,"enemies":"Lagavulin","floor":11.0,"turns":9.0},{"damage":14.0,"enemies":"Lagavulin Event","floor":14.0,"turns":9.0},{"damage":32.0,"enemies":"Slime Boss","floor":16.0,"turns":11.0},{"damage":13.0,"enemies":"2 Thieves","floor":18.0,"turns":4.0},{"damage":1.0,"enemies":"Shell Parasite","floor":21.0,"turns":5.0},{"damage":39.0,"enemies":"Snake Plant","floor":22.0,"turns":4.0},{"damage":19.0,"enemies":"Centurion and Healer","floor":25.0,"turns":7.0},{"damage":15,"enemies":"3 Cultists","floor":28,"turns":5},{"damage":16,"enemies":"Gremlin Leader","floor":29,"turns":5},{"damage":23,"enemies":"Snake Plant","floor":31,"turns":3},{"damage":67,"enemies":"Champ","floor":33,"turns":14}],"seed_played":"7382610014470817947","potions_obtained":[{"floor":4.0,"key":"Explosive Potion"},{"floor":7.0,"key":"SkillPotion"},{"floor":10.0,"key":"SpeedPotion"},{"floor":11.0,"key":"Explosive Potion"},{"floor":18.0,"key":"GhostInAJar"},{"floor":22.0,"key":"PowerPotion"},{"floor":29,"key":"Explosive Potion"}],"is_trial":false,"path_per_floor":["M","?","M","M","$","R","E","$","T","M","E","$","R","?","R","B",null,"M","?","$","M","M","R","?","M","T","R","M","E","R","M","R"],"character_chosen":"THE_SILENT","items_purchased":["Noxious Fumes","Good Instincts","Footwork","Caltrops","TwistedFunnel","Cloak And Dagger"],"campfire_rested":5,"item_purchase_floors":[5,5,8,12,20,20],"current_hp_per_floor":[77,77,75,75,75,75,51,51,58,37,30,30,55,41,41,9,84,71,65,65,64,25,50,50,31,31,56,41,25,50,27,52,0],"gold":123,"neow_bonus":"TEN_PERCENT_HP_BONUS","is_prod":false,"is_daily":false,"chose_seed":false,"campfire_upgraded":2,"win_rate":0,"timestamp":1536366200,"path_taken":["M","?","?","M","$","R","E","?","T","M","E","$","R","?","R","BOSS","M","?","$","M","M","R","?","M","T","R","M","E","R","M","R","BOSS"],"build_version":"2018-09-06","purchased_purges":1,"victory":false,"max_hp_per_floor":[77,77,77,77,77,77,77,77,84,84,84,84,84,84,84,84,84,84,84,84,84,84,84,84,84,84,84,84,84,84,84,84,84],"card_choices":[{"not_picked":["PiercingWail","Backflip"],"picked":"Dagger Throw","floor":1.0},{"not_picked":["Calculated Gamble","Underhanded Strike"],"picked":"Caltrops","floor":3.0},{"not_picked":["Deflect","Terror"],"picked":"Slice","floor":4.0},{"not_picked":["Underhanded Strike","Phantasmal Killer","Masterful Stab"],"picked":"SKIP","floor":7.0},{"not_picked":["Bouncing Flask","Acrobatics"],"picked":"Dodge and Roll","floor":10.0},{"not_picked":["Deadly Poison","Phantasmal Killer","Flying Knee"],"picked":"SKIP","floor":11.0},{"not_picked":["Skewer","Underhanded Strike"],"picked":"Deflect","floor":14.0},{"not_picked":["Unload","Die Die Die"],"picked":"Envenom","floor":16.0},{"not_picked":["Leg Sweep","Infinite Blades"],"picked":"Cloak And Dagger","floor":18.0},{"not_picked":["Calculated Gamble","Dagger Spray"],"picked":"Accuracy","floor":21.0},{"not_picked":["Calculated Gamble","Choke","Poisoned Stab"],"picked":"SKIP","floor":22.0},{"not_picked":["Catalyst+1","Outmaneuver","Doppelganger"],"picked":"SKIP","floor":25.0},{"not_picked":["Poisoned Stab","Reflex","Underhanded Strike"],"picked":"SKIP","floor":28},{"not_picked":["Deflect","Blade Dance","Eviscerate"],"picked":"SKIP","floor":29},{"not_picked":["Expertise","All Out Attack","Cloak And Dagger+1"],"picked":"SKIP","floor":31}],"player_experience":827319,"relics_obtained":[{"floor":7.0,"key":"Happy Flower"},{"floor":9.0,"key":"Strawberry"},{"floor":11.0,"key":"PreservedInsect"},{"floor":14.0,"key":"Ninja Scroll"},{"floor":26.0,"key":"Bronze Scales"},{"floor":29,"key":"Potion Belt"},{"floor":29,"key":"Ancient Tea Set"}],"event_choices":[{"event_name":"Liars Game","player_choice":"agreed","floor":2.0,"damage_taken":0.0},{"event_name":"Dead Adventurer","player_choice":"Searched \u00271\u0027 times","floor":14.0,"damage_taken":0.0},{"event_name":"Nest","player_choice":"Joined the Cult","floor":19.0,"damage_taken":0.0},{"event_name":"Back to Basics","player_choice":"Elegance","floor":24.0,"damage_taken":0.0}],"is_beta":false,"boss_relics":[{"not_picked":["HoveringKite","White Beast Statue"],"picked":"Black Star"}],"items_purged_floors":[5],"is_endless":false,"potions_floor_spawned":[4,7,10,11,18,22,29],"killed_by":"Champ","ascension_level":0}