{"gold_per_floor":[209,30,48,62,80,135,135,166,166,180,253,283,283,258,258,363,363,343,355,54,64,64,93,93,123,123,123,73,93,93,108,108,206,206,226,226,226,226,226,257,257,269,269,269,269,269,0,13,13,13],"floor_reached":51,"playtime":3315,"items_purged":["Strike_B"],"score":740,"play_id":"454370cb-36f3-4dff-81e2-cfeb528ded47","local_time":"20180921224445","is_ascension_mode":true,"campfire_choices":[{"data":"Dualcast","floor":7,"key":"SMITH"},{"floor":13,"key":"REST"},{"data":"Conserve Battery","floor":15,"key":"SMITH"},{"floor":30,"key":"REST"},{"floor":32,"key":"REST"},{"floor":41,"key":"REST"},{"floor":46,"key":"DIG"},{"floor":49,"key":"DIG"}],"neow_cost":"NONE","seed_source_timestamp":1677888383649,"circlet_count":0,"master_deck":["Strike_B+1","Defend_B","Defend_B","Defend_B","Zap","Dualcast+1","Streamline","Compile Driver","Auto Shields","Cold Snap","Leap","Melter+1","Steam","Steam","Conserve Battery+1","Self Repair","Machine Learning","Conserve Battery+1","Compile Driver","Heatsinks+1","Glacier","Seek","Defragment+1","Capacitor+1","Fusion+1","Seek","Thunder Strike+1","Streamline+1","Rebound+1"],"relics":["Cracked Core","Tiny Chest","Strawberry","Kunai","Gambling Chip","Fusion Hammer","Ice Cream","Dodecahedron","Gremlin Horn","Juzu Bracelet","Astrolabe","Molten Egg 2","Whetstone","Shovel","Potion Belt","Red Mask","Prayer Wheel"],"potions_floor_usage":[8,12,16,29,33,40,50],"damage_taken":[{"damage":11,"enemies":"2 Louse","floor":1,"turns":3},{"damage":1,"enemies":"Jaw Worm","floor":3,"turns":3},{"damage":1,"enemies":"Small Slimes","floor":4,"turns":3},{"damage":1,"enemies":"3 Louse","floor":5,"turns":3},{"damage":30,"enemies":"Gremlin Nob","floor":6,"turns":4},{"damage":11,"enemies":"Lagavulin","floor":8,"turns":8},{"damage":3,"enemies":"Looter","floor":10,"turns":3},{"damage":20,"enemies":"Gremlin Nob","floor":12,"turns":6},{"damage":8,"enemies":"Slime Boss","floor":16,"turns":17},{"damage":10,"enemies":"2 Thieves","floor":18,"turns":4},{"damage":2,"enemies":"3 Byrds","floor":19,"turns":6},{"damage":10,"enemies":"Snecko","floor":21,"turns":7},{"damage":18,"enemies":"Book of Stabbing","floor":23,"turns":8},{"damage":30,"enemies":"Slavers","floor":25,"turns":9},{"damage":0,"enemies":"Centurion and Healer","floor":29,"turns":6},{"damage":0,"enemies":"Snake Plant","floor":31,"turns":5},{"damage":18,"enemies":"Automaton","floor":33,"turns":14},{"damage":0,"enemies":"Orb Walker","floor":35,"turns":3},{"damage":33,"enemies":"Nemesis","floor":40,"turns":13},{"damage":12,"enemies":"3 Darklings","floor":42,"turns":7},{"damage":0,"enemies":"Maw","floor":48,"turns":9},{"damage":57,"enemies":"Donu and Deca","floor":50,"turns":14}],"seed_played":"-2885713117495143841","potions_obtained":[{"floor":4,"key":"SpeedPotion"},{"floor":6,"key":"EssenceOfSteel"},{"floor":8,"key":"SkillPotion"},{"floor":18,"key":"SteroidPotion"},{"floor":23,"key":"GamblersBrew"},{"floor":25,"key":"Fire Potion"},{"floor":31,"key":"Strength Potion"},{"floor":33,"key":"Explosive Potion"},{"floor":40,"key":"FearPotion"}],"is_trial":false,"path_per_floor":["M","$","M","M","M","E","R","E","T","M","?","E","R","?","R","B",null,"M","M","$","M","$","E","?","E","T","?","?","M","R","M","R","B",null,"M","T","?","?","?","E","R","M","T","T","?","R","?","M","R","B"],"character_chosen":"DEFECT","items_purchased":["Compile Driver","Auto Shields","Ice Cream"],"campfire_rested":4,"item_purchase_floors":[2,2,20],"current_hp_per_floor":[64,64,63,62,61,31,31,27,27,24,24,4,28,28,28,27,82,79,82,82,79,79,68,68,45,45,92,92,92,92,92,92,81,92,92,92,92,87,87,61,87,82,82,82,82,82,82,87,87,37],"gold":13,"neow_bonus":"HUNDRED_GOLD","is_prod":false,"is_daily":false,"chose_seed":false,"campfire_upgraded":2,"win_rate":0,"timestamp":1537584285,"path_taken":["M","$","M","M","M","E","R","E","T","M","?","E","R","?","R","BOSS","M","M","$","M","$","E","?","E","T","?","?","M","R","M","R","BOSS","M","?","?","?","?","E","R","M","T","?","?","R","?","M","R","BOSS"],"build_version":"2018-09-20","purchased_purges":1,"victory":true,"max_hp_per_floor":[75,75,75,75,75,75,75,82,82,82,82,82,82,82,82,82,82,82,82,82,82,82,82,82,82,82,92,92,92,92,92,92,92,92,92,92,92,87,87,87,87,87,87,87,87,87,87,87,87,87],"card_choices":[{"not_picked":["Hologram","Go for the Eyes"],"picked":"Streamline","floor":1},{"not_picked":["Hologram","Redo"],"picked":"Cold Snap","floor":3},{"not_picked":["Sweeping Beam","Barrage"],"picked":"Leap","floor":4},{"not_picked":["Auto Shields","Streamline"],"picked":"Melter","floor":5},{"not_picked":["Rip and Tear","Blizzard"],"picked":"Steam","floor":6},{"not_picked":["Aggregate","Stack"],"picked":"Steam","floor":8},{"not_picked":["Hologram","Lockon"],"picked":"Conserve Battery","floor":10},{"not_picked":["Chill","Compile Driver"],"picked":"Self Repair","floor":12},{"not_picked":["Creative AI","Seek"],"picked":"Machine Learning","floor":16},{"not_picked":["Cold Snap","Loop"],"picked":"Conserve Battery+1","floor":18},{"not_picked":["Stack","Consume","Go for the Eyes"],"picked":"SKIP","floor":19},{"not_picked":["Sweeping Beam","Steam Power"],"picked":"Compile Driver","floor":21},{"not_picked":["Fusion","Consume+1"],"picked":"Heatsinks+1","floor":23},{"not_picked":["Self Repair","Buffer"],"picked":"Machine Learning","floor":25},{"not_picked":["Streamline","Conserve Battery","Gash"],"picked":"SKIP","floor":29},{"not_picked":["Rebound","Redo"],"picked":"Glacier","floor":31},{"not_picked":["All For One","Buffer"],"picked":"Seek","floor":33},{"not_picked":["Storm+1","Cold Snap"],"picked":"Fusion+1","floor":35},{"not_picked":["Chaos","Turbo+1"],"picked":"Thunder Strike+1","floor":40},{"not_picked":["Turbo","Stack"],"picked":"Streamline+1","floor":42},{"not_picked":["Sweeping Beam+1","Sunder+1"],"picked":"Rebound+1","floor":48}],"player_experience":559166,"relics_obtained":[{"floor":6,"key":"Tiny Chest"},{"floor":8,"key":"Strawberry"},{"floor":9,"key":"Kunai"},{"floor":12,"key":"Gambling Chip"},{"floor":23,"key":"Dodecahedron"},{"floor":25,"key":"Gremlin Horn"},{"floor":26,"key":"Juzu Bracelet"},{"floor":36,"key":"Molten Egg 2"},{"floor":40,"key":"Whetstone"},{"floor":43,"key":"Shovel"},{"floor":44,"key":"Potion Belt"},{"floor":49,"key":"Prayer Wheel"}],"event_choices":[{"event_name":"Golden Wing","player_choice":"Gained Gold","floor":11,"damage_taken":0},{"event_name":"World of Goop","player_choice":"Left","floor":14,"damage_taken":0},{"event_name":"Vampires","player_choice":"Ignored","floor":24,"damage_taken":0},{"event_name":"Bonfire Elementals","player_choice":"RARE","floor":27,"damage_taken":0},{"event_name":"The Joust","player_choice":"Bet on Owner","floor":28,"damage_taken":0},{"event_name":"Duplicator","player_choice":"One dupe","floor":37,"damage_taken":0},{"event_name":"Winding Halls","player_choice":"Max HP","floor":38,"damage_taken":0},{"event_name":"Mysterious Sphere","player_choice":"Ignore","floor":39,"damage_taken":0},{"event_name":"Falling","player_choice":"Removed Attack","floor":45,"damage_taken":0},{"event_name":"Tomb of Lord Red Mask","player_choice":"Paid","floor":47,"damage_taken":0}],"is_beta":false,"boss_relics":[{"not_picked":["Empty Cage","Orrery"],"picked":"Fusion Hammer"},{"not_picked":["Velvet Choker","Runic Pyramid"],"picked":"Astrolabe"}],"items_purged_floors":[2],"is_endless":false,"potions_floor_spawned":[4,6,8,18,23,25,31,33,40],"ascension_level":1}