{"path_per_floor":["M","M","M","M","M","R","E","R","T","E","M","R","?","?","R","B",null,"M","M","?","$","?","E","?","R","T","M","R","?","?","M","R","B",null,"M","?","M","M","?","R","$","M","T","R","M","R","?","M","R","B"],"character_chosen":"IRONCLAD","items_purchased":["Ice Cream","Headbutt"],"gold_per_floor":[110,128,140,154,168,168,193,193,193,223,241,241,271,271,271,373,373,373,373,373,61,61,61,61,61,61,61,61,61,61,61,61,61,61,61,61,61,61,61,61,36,36,36,36,36,36,36,36,36,36],"floor_reached":51,"campfire_rested":2,"playtime":2796,"current_hp_per_floor":[73,73,76,76,76,76,65,65,65,29,42,42,42,26,50,75,79,67,77,77,77,62,65,65,65,72,46,73,73,73,86,86,54,83,76,64,92,92,92,92,92,92,92,92,92,92,92,92,92,92],"items_purged":[],"gold":36,"score":890,"play_id":"a25567c7-469e-4340-b38c-820be312d425","local_time":"20180515211805","is_prod":false,"is_daily":false,"chose_seed":false,"is_ascension_mode":true,"campfire_upgraded":9,"timestamp":1526433485,"path_taken":["M","M","M","M","M","R","E","R","T","E","M","R","?","?","R","BOSS","M","M","?","$","?","E","?","R","T","?","R","?","?","M","R","BOSS","M","?","M","M","?","R","$","M","T","R","?","R","?","?","R","BOSS"],"build_version":"2018-05-14v2","seed_source_timestamp":573962854973687,"purchased_purges":0,"victory":true,"master_deck":["Strike_R","Strike_R","Strike_R+1","Strike_R","Defend_R","Defend_R","Defend_R","Defend_R","Bash+1","Bloodletting+1","Shrug It Off+1","Clothesline+1","True Grit+1","Demon Form+1","Reaper","Twin Strike+1","Offering+1","Shrug It Off+1","True Grit+1","Brutality+1","Flame Barrier+1","Shrug It Off+1","Limit Break+1","Battle Trance+1","Shrug It Off+1","Rage+1","Iron Wave+1","Shrug It Off+1","Madness+1","Madness+1","Shrug It Off+1","Warcry+1","Headbutt+1","Dual Wield+1","Iron Wave+1","Pummel+1"],"max_hp_per_floor":[80,80,80,80,80,80,80,80,80,80,80,80,80,80,80,80,80,80,80,80,80,85,85,85,85,92,92,92,92,92,92,92,92,92,92,92,92,92,92,92,92,92,92,92,92,92,92,92,92,92],"relics":["Burning Blood","Calipers","Toxic Egg 2","Toolbox","Ectoplasm","Ice Cream","Frozen Egg 2","Happy Flower","Strawberry","Orrery","Matryoshka"],"card_choices":[{"not_picked":["Wild Strike","Sword Boomerang"],"picked":"Bloodletting","floor":1},{"not_picked":["Feel No Pain","Wild Strike"],"picked":"Shrug It Off","floor":2},{"not_picked":["Infernal Blade","Wild Strike"],"picked":"Clothesline","floor":3},{"not_picked":["Cleave","Perfected Strike"],"picked":"True Grit","floor":4},{"not_picked":["Perfected Strike","Power Through"],"picked":"Pommel Strike","floor":5},{"not_picked":["Havoc","Anger"],"picked":"Demon Form","floor":7},{"not_picked":["Power Through+1","Pommel Strike"],"picked":"Reaper","floor":10},{"not_picked":["Anger","Rupture"],"picked":"Twin Strike","floor":11},{"not_picked":["Demon Form","Barricade"],"picked":"Offering+1","floor":16},{"not_picked":["Burning Pact+1","Sever Soul"],"picked":"Shrug It Off+1","floor":18},{"not_picked":["Headbutt","Thunderclap"],"picked":"True Grit+1","floor":19},{"not_picked":["Cleave+1","Flex+1"],"picked":"Brutality","floor":23},{"not_picked":["Clash","Fire Breathing+1"],"picked":"Flame Barrier+1","floor":27},{"not_picked":["Dropkick","Infernal Blade+1"],"picked":"Shrug It Off+1","floor":31},{"not_picked":["Feed","Fiend Fire"],"picked":"Limit Break+1","floor":33},{"not_picked":["Feel No Pain+1","Heavy Blade"],"picked":"Battle Trance+1","floor":34},{"not_picked":["Clothesline","Perfected Strike"],"picked":"Shrug It Off+1","floor":34},{"not_picked":["Thunderclap+1","Flex+1"],"picked":"Rage+1","floor":34},{"not_picked":["Fire Breathing+1","Intimidate+1"],"picked":"Iron Wave","floor":34},{"not_picked":["Carnage+1","Clash"],"picked":"Shrug It Off+1","floor":35},{"not_picked":["Power Through+1","Combust+1"],"picked":"Shrug It Off+1","floor":37},{"not_picked":["Dropkick","Battle Trance+1"],"picked":"Warcry+1","floor":38},{"not_picked":["Burning Pact+1","Bludgeon"],"picked":"Dual Wield+1","floor":42},{"not_picked":["Perfected Strike","Rampage"],"picked":"Iron Wave","floor":45},{"not_picked":["Pommel Strike","Iron Wave+1"],"picked":"Pummel+1","floor":48}],"player_experience":163397,"potions_floor_usage":[7,16,16,23,23,33,33,50,50,50],"damage_taken":[{"damage":5,"enemies":"Small Slimes","floor":1,"turns":3},{"damage":6,"enemies":"Jaw Worm","floor":2,"turns":4},{"damage":3,"enemies":"2 Louse","floor":3,"turns":3},{"damage":6,"enemies":"Looter","floor":4,"turns":4},{"damage":6,"enemies":"2 Fungi Beasts","floor":5,"turns":4},{"damage":17,"enemies":"Lagavulin","floor":7,"turns":5},{"damage":42,"enemies":"Gremlin Nob","floor":10,"turns":5},{"damage":5,"enemies":"3 Louse","floor":11,"turns":3},{"damage":9,"enemies":"Hexaghost","floor":16,"turns":9},{"damage":23,"enemies":"3 Byrds","floor":18,"turns":6},{"damage":7,"enemies":"Chosen","floor":19,"turns":4},{"damage":28,"enemies":"Slavers","floor":23,"turns":5},{"damage":32,"enemies":"Sentry and Sphere","floor":27,"turns":5},{"damage":9,"enemies":"Snecko","floor":31,"turns":4},{"damage":61,"enemies":"Champ","floor":33,"turns":9},{"damage":13,"enemies":"3 Shapes","floor":35,"turns":5},{"damage":20,"enemies":"3 Darklings","floor":37,"turns":11},{"damage":10,"enemies":"Sphere and 2 Shapes","floor":38,"turns":8},{"damage":12,"enemies":"Spire Growth","floor":42,"turns":6},{"damage":48,"enemies":"Flame Bruiser 2 Orb","floor":45,"turns":8},{"damage":17,"enemies":"Maw","floor":48,"turns":8},{"damage":48,"enemies":"Time Eater","floor":50,"turns":12}],"relics_obtained":[{"floor":7,"key":"Calipers"},{"floor":9,"key":"Toxic Egg 2"},{"floor":10,"key":"Toolbox"},{"floor":23,"key":"Frozen Egg 2"},{"floor":26,"key":"Strawberry"},{"floor":43,"key":"Matryoshka"}],"event_choices":[{"event_name":"Dead Adventurer","player_choice":"Searched \u00272\u0027 times","floor":13,"damage_taken":0},{"event_name":"Shining Light","player_choice":"Entered Light","floor":14,"damage_taken":0},{"event_name":"The Lab","player_choice":"Got Potions","floor":20,"damage_taken":0},{"event_name":"Forgotten Altar","player_choice":"Shed Blood","floor":22,"damage_taken":0},{"event_name":"The Mausoleum","player_choice":"Yes","floor":24,"damage_taken":0},{"event_name":"Ghosts","player_choice":"Ignored","floor":29,"damage_taken":0},{"event_name":"Wheel of Change","player_choice":"Gold","floor":30,"damage_taken":0},{"event_name":"Winding Halls","player_choice":"Embrace Madness","floor":36,"damage_taken":0},{"event_name":"Bonfire Elementals","player_choice":"BASIC","floor":39,"damage_taken":0}],"boss_relics":[{"not_picked":["Snecko Eye","Black Star"],"picked":"Ectoplasm"},{"not_picked":["Black Blood","Philosopher\u0027s Stone"],"picked":"Orrery"}],"potions_floor_spawned":[1,7,11,16,19,27,35,37,38],"seed_played":"4070927210975920544","ascension_level":6,"potions_obtained":[{"floor":1,"key":"EssenceOfSteel"},{"floor":7,"key":"Dexterity Potion"},{"floor":11,"key":"Weak Potion"},{"floor":16,"key":"Regen Potion"},{"floor":19,"key":"SteroidPotion"},{"floor":20,"key":"SneckoOil"},{"floor":20,"key":"Block Potion"},{"floor":27,"key":"AttackPotion"},{"floor":35,"key":"FearPotion"},{"floor":37,"key":"Regen Potion"},{"floor":38,"key":"PowerPotion"}],"is_trial":false}