{"gold_per_floor":[13,25,43,63,63,63,93,193,193,212,222,236,236,267,267,371,371,354,367,367,224,235,267,267,278,278,293,293,309,309,309,309,309],"floor_reached":33,"playtime":4311,"items_purged":[],"score":301,"play_id":"4a760c13-7484-4a89-98dc-b8df72073248","local_time":"20180707230443","is_ascension_mode":false,"campfire_choices":[{"floor":6,"key":"REST"},{"floor":13,"key":"REST"},{"data":"Buffer","floor":15,"key":"SMITH"},{"floor":24,"key":"REST"},{"floor":28,"key":"REST"},{"floor":32,"key":"REST"}],"neow_cost":"NO_GOLD","seed_source_timestamp":42111076598831,"circlet_count":0,"master_deck":["Strike_B","Strike_B","Strike_B","Strike_B","Defend_B","Defend_B","Defend_B","Defend_B","Zap","Dualcast","Buffer+1","Conserve Battery","Gash","Genetic Algorithm","Creative AI","Static Discharge","Thunder Strike","Tempest","Hologram","Fission","Defragment","Ball Lightning","Zap","All For One","Buffer","Melter","Lockon","Aggregate+1","Beam Cell+1","Go for the Eyes+1"],"relics":["Cracked Core","Mango","Bottled Tornado","Mummified Hand","Unceasing Top","White Beast Statue","Happy Flower","Boot"],"potions_floor_usage":[16,23,27,27,30,33,33],"damage_taken":[{"damage":1,"enemies":"Jaw Worm","floor":1,"turns":4},{"damage":3,"enemies":"Small Slimes","floor":2,"turns":4},{"damage":2,"enemies":"2 Louse","floor":3,"turns":3},{"damage":19,"enemies":"Exordium Thugs","floor":4,"turns":5},{"damage":23,"enemies":"3 Sentries","floor":7,"turns":9},{"damage":7,"enemies":"Gremlin Gang","floor":10,"turns":6},{"damage":0,"enemies":"Red Slaver","floor":11,"turns":4},{"damage":3,"enemies":"2 Fungi Beasts","floor":12,"turns":3},{"damage":15,"enemies":"Lagavulin","floor":14,"turns":5},{"damage":17,"enemies":"The Guardian","floor":16,"turns":8},{"damage":6,"enemies":"2 Thieves","floor":18,"turns":5},{"damage":10,"enemies":"Spheric Guardian","floor":19,"turns":3},{"damage":7,"enemies":"Snake Plant","floor":22,"turns":4},{"damage":30,"enemies":"Book of Stabbing","floor":23,"turns":5},{"damage":12,"enemies":"Centurion and Healer","floor":25,"turns":7},{"damage":24,"enemies":"Slaver and Parasite","floor":27,"turns":7},{"damage":14,"enemies":"Chosen and Byrds","floor":29,"turns":5},{"damage":27,"enemies":"Gremlin Leader","floor":30,"turns":6},{"damage":67,"enemies":"Collector","floor":33,"turns":6}],"seed_played":"5824721796440334983","potions_obtained":[{"floor":10,"key":"Block Potion"},{"floor":12,"key":"Swift Potion"},{"floor":16,"key":"Weak Potion"},{"floor":18,"key":"Weak Potion"},{"floor":22,"key":"Ancient Potion"},{"floor":23,"key":"SkillPotion"},{"floor":25,"key":"SmokeBomb"},{"floor":27,"key":"Strength Potion"},{"floor":29,"key":"SteroidPotion"}],"is_trial":false,"path_per_floor":["M","M","M","M","?","R","E","?","T","M","M","M","R","E","R","B",null,"M","M","?","$","M","E","R","M","T","M","R","M","E","?","R"],"character_chosen":"DEFECT","items_purchased":["Buffer","Melter"],"campfire_rested":5,"item_purchase_floors":[21,21],"current_hp_per_floor":[74,71,69,50,39,65,42,42,42,35,35,32,58,43,43,26,89,83,73,73,73,66,36,62,50,50,26,52,38,11,40,66,0],"gold":309,"neow_bonus":"THREE_RARE_CARDS","is_prod":false,"is_daily":false,"chose_seed":false,"campfire_upgraded":1,"win_rate":0.0,"timestamp":1530993883,"path_taken":["M","M","M","M","?","R","E","?","T","?","M","M","R","E","R","BOSS","M","M","?","$","M","E","R","M","T","M","R","?","E","?","R","BOSS"],"build_version":"2018-07-05","purchased_purges":0,"victory":false,"max_hp_per_floor":[75,75,75,75,89,89,89,89,89,89,89,89,89,89,89,89,89,89,89,89,89,89,89,89,89,89,89,89,89,89,89,89,89],"card_choices":[{"not_picked":["Rainbow","Creative AI"],"picked":"Buffer","floor":0},{"not_picked":["Sweeping Beam","Beam Cell"],"picked":"Conserve Battery","floor":1},{"not_picked":["Steam","Hello World","Aggregate"],"picked":"SKIP","floor":2},{"not_picked":["Leap","Steam Power"],"picked":"Gash","floor":3},{"not_picked":["Conserve Battery","Go for the Eyes"],"picked":"Genetic Algorithm","floor":4},{"not_picked":["Reprogram","Hologram"],"picked":"Creative AI","floor":7},{"not_picked":["Barrage","Ball Lightning"],"picked":"Static Discharge","floor":10},{"not_picked":["Steam","Leap"],"picked":"Thunder Strike","floor":11},{"not_picked":["Ball Lightning","Go for the Eyes"],"picked":"Tempest","floor":12},{"not_picked":["Streamline","Skim"],"picked":"Hologram","floor":14},{"not_picked":["Rainbow","Multi-Cast"],"picked":"Fission","floor":16},{"not_picked":["Genetic Algorithm","Barrage"],"picked":"Defragment","floor":18},{"not_picked":["Hologram","Consume+1"],"picked":"Ball Lightning","floor":19},{"not_picked":["Fusion","Sweeping Beam"],"picked":"Lockon","floor":22},{"not_picked":["Fusion+1","Consume+1"],"picked":"Aggregate+1","floor":23},{"not_picked":["Conserve Battery","Lockon"],"picked":"Beam Cell+1","floor":25},{"not_picked":["Multi-Cast","Coolheaded+1","White Noise"],"picked":"SKIP","floor":27},{"not_picked":["Rip and Tear+1","Steam"],"picked":"Go for the Eyes+1","floor":29}],"player_experience":25678,"relics_obtained":[{"floor":7,"key":"Bottled Tornado"},{"floor":9,"key":"Mummified Hand"},{"floor":14,"key":"Unceasing Top"},{"floor":23,"key":"Happy Flower"},{"floor":26,"key":"Boot"}],"event_choices":[{"event_name":"Scrap Ooze","player_choice":"success","floor":5,"damage_taken":25},{"event_name":"Golden Shrine","player_choice":"Pray","floor":8,"damage_taken":0},{"event_name":"Match and Keep!","player_choice":"2 cards matched","floor":20,"damage_taken":0},{"event_name":"The Library","player_choice":"Heal","floor":31,"damage_taken":0}],"boss_relics":[{"not_picked":["Orrery","Runic Pyramid"],"picked":"White Beast Statue"}],"items_purged_floors":[],"is_endless":false,"potions_floor_spawned":[10,12,16,18,19,22,23,25,27,29,30],"killed_by":"Collector","ascension_level":0}