{"gold_per_floor":[118,118,132,132,132,164,239,239,239,239,272,288,288,319,319,392,392,405,504,517,442,442,442],"floor_reached":23,"playtime":585,"items_purged":[],"score":380,"play_id":"5edf805d-06d0-4529-ad7c-6af565b9a35b","local_time":"20190301143524","is_ascension_mode":true,"campfire_choices":[{"data":"Demon Form","floor":8,"key":"SMITH"},{"data":"Bash","floor":13,"key":"SMITH"},{"data":"Heavy Blade","floor":15,"key":"SMITH"}],"neow_cost":"NONE","seed_source_timestamp":752458998842469,"circlet_count":0,"master_deck":["AscendersBane","Strike_R","Strike_R","Strike_R+1","Strike_R+1","Defend_R","Defend_R","Defend_R+1","Defend_R+1","Bash+1","Entrench","Body Slam","Demon Form+1","Heavy Blade+1","Limit Break","Iron Wave+1","Uppercut+1"],"relics":["Burning Blood","NeowsBlessing","Omamori","Gremlin Horn","Whetstone","Runic Pyramid","Ginger"],"potions_floor_usage":[1,18,18,23],"damage_taken":[{"damage":0,"enemies":"Cultist","floor":1,"turns":1},{"damage":0,"enemies":"Small Slimes","floor":3,"turns":1},{"damage":0,"enemies":"3 Sentries","floor":6,"turns":1},{"damage":27,"enemies":"Gremlin Nob","floor":11,"turns":4},{"damage":4,"enemies":"Jaw Worm","floor":12,"turns":4},{"damage":27,"enemies":"Lagavulin","floor":14,"turns":7},{"damage":28,"enemies":"Slime Boss","floor":16,"turns":6},{"damage":33,"enemies":"3 Byrds","floor":18,"turns":5},{"damage":17,"enemies":"Shell Parasite","floor":20,"turns":4},{"damage":40,"enemies":"Shelled Parasite and Fungi","floor":23,"turns":6}],"seed_played":"-4976149455644361362","potions_obtained":[{"floor":1,"key":"Fruit Juice"},{"floor":11,"key":"Fire Potion"},{"floor":16,"key":"BloodPotion"},{"floor":20,"key":"FearPotion"}],"is_trial":false,"path_per_floor":["M","?","M","$","?","E","?","R","T","?","E","M","R","E","R","B",null,"M","?","M","?","T","M"],"character_chosen":"IRONCLAD","items_purchased":[],"campfire_rested":0,"item_purchase_floors":[],"current_hp_per_floor":[83,66,72,72,65,71,60,60,60,85,64,66,66,45,45,23,70,51,51,40,40,40,0],"gold":442,"neow_bonus":"THREE_ENEMY_KILL","is_prod":false,"is_daily":false,"chose_seed":false,"campfire_upgraded":3,"win_rate":0,"timestamp":1551468924,"path_taken":["M","?","M","$","?","E","?","R","T","?","E","M","R","E","R","BOSS","M","?","M","?","?","M"],"build_version":"2019-01-23","purchased_purges":0,"victory":false,"max_hp_per_floor":[85,85,85,85,85,85,85,85,85,85,85,85,85,85,85,85,85,85,85,85,85,85,85],"card_choices":[{"not_picked":["Infernal Blade","Anger"],"picked":"Entrench","floor":1},{"not_picked":["Rupture","Sentinel"],"picked":"Body Slam","floor":3},{"not_picked":["Pommel Strike","Disarm"],"picked":"Demon Form","floor":6},{"not_picked":["Havoc","Pummel"],"picked":"Heavy Blade","floor":11},{"not_picked":["Heavy Blade","Perfected Strike","Flex"],"picked":"SKIP","floor":12},{"not_picked":["Blood for Blood","True Grit","Combust"],"picked":"SKIP","floor":14},{"not_picked":["Brutality","Demon Form"],"picked":"Limit Break","floor":16},{"not_picked":["Heavy Blade","Perfected Strike"],"picked":"Iron Wave+1","floor":18},{"not_picked":["Rupture","Rampage"],"picked":"Uppercut+1","floor":20}],"player_experience":744784,"relics_obtained":[{"floor":6,"key":"Gremlin Horn"},{"floor":14,"key":"Whetstone"},{"floor":22,"key":"Ginger"}],"event_choices":[{"damage_healed":0,"gold_gain":0,"player_choice":"Entered Light","damage_taken":17,"max_hp_gain":0,"max_hp_loss":0,"event_name":"Shining Light","floor":2,"gold_loss":0,"cards_upgraded":["Defend_R","Defend_R"]},{"damage_healed":0,"gold_gain":0,"player_choice":"Success","damage_taken":7,"relics_obtained":["Omamori"],"max_hp_gain":0,"max_hp_loss":0,"event_name":"Scrap Ooze","floor":5,"gold_loss":0},{"damage_healed":0,"gold_gain":75,"player_choice":"Gather Gold","damage_taken":11,"max_hp_gain":0,"max_hp_loss":0,"event_name":"World of Goop","floor":7,"gold_loss":0},{"damage_healed":28,"gold_gain":0,"player_choice":"Banana","damage_taken":0,"max_hp_gain":0,"max_hp_loss":0,"event_name":"Big Fish","floor":10,"gold_loss":0},{"damage_healed":0,"gold_gain":99,"player_choice":"Stole From Cult","damage_taken":0,"max_hp_gain":0,"max_hp_loss":0,"event_name":"Nest","floor":19,"gold_loss":0},{"cards_removed":["Strike_R"],"damage_healed":0,"gold_gain":0,"player_choice":"Gave Gold","damage_taken":0,"max_hp_gain":0,"max_hp_loss":0,"event_name":"Beggar","floor":21,"gold_loss":75}],"is_beta":false,"boss_relics":[{"not_picked":["Runic Cube","Eternal Feather"],"picked":"Runic Pyramid"}],"items_purged_floors":[],"is_endless":false,"potions_floor_spawned":[1,11,16,20],"killed_by":"Shelled Parasite and Fungi","ascension_level":13}