{"gold_per_floor":[119,135,60,77,77,77,107,107,107,107,83,110,110,120,120,215,215],"floor_reached":17,"playtime":1337,"items_purged":["Doubt"],"score":163,"play_id":"0622ec27-3a8e-406e-8f3b-ec7a0232b6d6","local_time":"20190221034941","is_ascension_mode":false,"campfire_choices":[{"data":"Bash","floor":6,"key":"SMITH"},{"data":"Cleave","floor":8,"key":"SMITH"},{"data":"Metallicize","floor":10,"key":"SMITH"},{"data":"Clothesline","floor":13,"key":"SMITH"},{"data":"Headbutt","floor":15,"key":"SMITH"}],"neow_cost":"CURSE","seed_source_timestamp":48828581938274,"circlet_count":0,"master_deck":["Strike_R","Strike_R","Strike_R","Strike_R","Strike_R","Defend_R","Defend_R","Defend_R","Defend_R","Bash+1","Headbutt+1","Pommel Strike+1","Metallicize+1","Cleave+1","Clothesline+1","Ghostly Armor","Immolate"],"relics":["Burning Blood","Thread and Needle","Singing Bowl","Meat on the Bone","Lantern"],"potions_floor_usage":[16],"damage_taken":[{"damage":2,"enemies":"Cultist","floor":1,"turns":3},{"damage":2,"enemies":"Jaw Worm","floor":2,"turns":3},{"damage":0,"enemies":"2 Louse","floor":4,"turns":2},{"damage":23,"enemies":"Lagavulin","floor":7,"turns":5},{"damage":5,"enemies":"Gremlin Nob","floor":12,"turns":5},{"damage":0,"enemies":"Blue Slaver","floor":14,"turns":4},{"damage":55,"enemies":"Hexaghost","floor":16,"turns":15}],"seed_played":"3984646003727277823","potions_obtained":[{"floor":1,"key":"SkillPotion"},{"floor":14,"key":"Swift Potion"},{"floor":16,"key":"SkillPotion"}],"is_trial":false,"path_per_floor":["M","M","$","M","?","R","E","R","T","R","$","E","R","M","R","B",null],"character_chosen":"IRONCLAD","items_purchased":["Clothesline"],"campfire_rested":0,"item_purchase_floors":[11],"current_hp_per_floor":[80,80,80,80,80,80,63,63,63,63,63,66,66,72,72,35,35],"gold":215,"neow_bonus":"ONE_RARE_RELIC","is_prod":false,"is_daily":false,"chose_seed":false,"campfire_upgraded":5,"win_rate":0,"timestamp":1550713781,"path_taken":["M","?","$","M","?","R","E","R","T","R","$","E","R","M","R","BOSS"],"build_version":"2019-01-23","purchased_purges":1,"victory":false,"max_hp_per_floor":[80,80,80,80,80,80,80,80,80,80,80,82,82,82,82,82,82],"card_choices":[{"not_picked":["True Grit","Heavy Blade"],"picked":"Headbutt","floor":1},{"not_picked":["Ghostly Armor","Uppercut"],"picked":"Pommel Strike","floor":2},{"not_picked":["Corruption","Rupture"],"picked":"Metallicize","floor":4},{"not_picked":["Pommel Strike","Flame Barrier"],"picked":"Cleave","floor":7},{"not_picked":["Heavy Blade","Cleave","Reckless Charge"],"picked":"Singing Bowl","floor":12},{"not_picked":["Heavy Blade","Clothesline"],"picked":"Ghostly Armor","floor":14},{"not_picked":["Bludgeon","Feed"],"picked":"Immolate","floor":16}],"player_experience":468786,"relics_obtained":[{"floor":7,"key":"Singing Bowl"},{"floor":9,"key":"Meat on the Bone"},{"floor":12,"key":"Lantern"}],"event_choices":[{"damage_healed":0,"gold_gain":0,"player_choice":"Grow","damage_taken":0,"max_hp_gain":0,"max_hp_loss":0,"event_name":"Living Wall","floor":5,"gold_loss":0,"cards_upgraded":["Pommel Strike"]}],"is_beta":false,"boss_relics":[],"items_purged_floors":[3],"is_endless":false,"potions_floor_spawned":[1,14,16],"ascension_level":0}