{"gold_per_floor":[361,311,311,204,217,217,217,261,288,288,313,191,191,191,191,317,317,341,341,341],"floor_reached":20,"playtime":1369,"items_purged":[],"score":168,"play_id":"8bde6986-f26a-4a61-8588-8aef00bbc510","local_time":"20190220055449","is_ascension_mode":false,"campfire_choices":[{"data":"True Grit","floor":7,"key":"SMITH"},{"data":"Armaments","floor":13,"key":"SMITH"},{"data":"Rampage","floor":15,"key":"SMITH"}],"neow_cost":"PERCENT_DAMAGE","seed_source_timestamp":47828635380120,"circlet_count":0,"master_deck":["Strike_R","Strike_R","Strike_R","Defend_R","Defend_R+1","Defend_R","Defend_R","Bash","Battle Trance+1","Inflame","Reckless Charge","True Grit+1","Rampage+1","Armaments+1","Warcry","Demon Form"],"relics":["Burning Blood","Golden Idol","Ornamental Fan","War Paint","Philosopher\u0027s Stone","MutagenicStrength"],"potions_floor_usage":[],"damage_taken":[{"damage":1,"enemies":"Cultist","floor":1,"turns":4},{"damage":0,"enemies":"Small Slimes","floor":5,"turns":5},{"damage":27,"enemies":"Lagavulin","floor":8,"turns":5},{"damage":0,"enemies":"2 Louse","floor":11,"turns":3},{"damage":41,"enemies":"The Guardian","floor":16,"turns":9},{"damage":19,"enemies":"Spheric Guardian","floor":18,"turns":5},{"damage":50,"enemies":"3 Byrds","floor":20,"turns":5}],"seed_played":"-45953524181535377","potions_obtained":[{"floor":5,"key":"Ancient Potion"},{"floor":8,"key":"Energy Potion"},{"floor":18,"key":"AttackPotion"}],"is_trial":false,"path_per_floor":["M","?","?","$","M","?","R","E","T","?","M","$","R","?","R","B",null,"M","?","M"],"character_chosen":"IRONCLAD","items_purchased":["Inflame","Reckless Charge","Armaments","Warcry","Dexterity Potion"],"campfire_rested":0,"item_purchase_floors":[4,4,12,12,12],"current_hp_per_floor":[61,61,61,61,67,67,67,46,46,46,52,52,52,52,52,17,74,61,61,11],"gold":341,"neow_bonus":"TWO_FIFTY_GOLD","is_prod":false,"is_daily":false,"chose_seed":false,"campfire_upgraded":3,"win_rate":0,"timestamp":1550634889,"path_taken":["M","?","?","$","M","?","R","E","T","?","M","?","R","?","R","BOSS","M","?","M"],"build_version":"2019-01-23","purchased_purges":0,"victory":false,"max_hp_per_floor":[80,80,80,80,80,74,74,74,74,74,74,74,74,74,74,74,74,74,74,74],"card_choices":[{"not_picked":["True Grit","Entrench"],"picked":"Battle Trance","floor":1},{"not_picked":["Body Slam","Seeing Red"],"picked":"True Grit","floor":5},{"not_picked":["Seeing Red","Blood for Blood"],"picked":"Rampage","floor":8},{"not_picked":["Corruption","Rage","Flex"],"picked":"SKIP","floor":11},{"not_picked":["Berserk","Exhume"],"picked":"Demon Form","floor":16},{"not_picked":["Anger","Pommel Strike","Spot Weakness"],"picked":"SKIP","floor":18}],"player_experience":444134,"relics_obtained":[{"floor":8,"key":"Ornamental Fan"},{"floor":9,"key":"War Paint"}],"event_choices":[{"cards_removed":["Strike_R"],"damage_healed":0,"gold_gain":0,"player_choice":"Card Removal","damage_taken":0,"max_hp_gain":0,"max_hp_loss":0,"event_name":"The Cleric","floor":2,"gold_loss":50},{"cards_removed":["Strike_R"],"damage_healed":0,"gold_gain":0,"player_choice":"Forget","damage_taken":0,"max_hp_gain":0,"max_hp_loss":0,"event_name":"Living Wall","floor":3,"gold_loss":0},{"damage_healed":0,"gold_gain":0,"player_choice":"Lose Max HP","damage_taken":0,"relics_obtained":["Golden Idol"],"max_hp_gain":0,"max_hp_loss":6,"event_name":"Golden Idol","floor":6,"gold_loss":0},{"damage_healed":0,"gold_gain":0,"player_choice":"Ignored","damage_taken":0,"max_hp_gain":0,"max_hp_loss":0,"event_name":"Shining Light","floor":10,"gold_loss":0},{"damage_healed":0,"gold_gain":0,"player_choice":"Ignored","damage_taken":0,"max_hp_gain":0,"max_hp_loss":0,"event_name":"Liars Game","floor":14,"gold_loss":0},{"damage_healed":0,"gold_gain":0,"player_choice":"Inject Mutagens","damage_taken":0,"relics_obtained":["MutagenicStrength"],"max_hp_gain":0,"max_hp_loss":0,"event_name":"Drug Dealer","floor":19,"gold_loss":0}],"is_beta":false,"boss_relics":[{"not_picked":["Calling Bell","Runic Dome"],"picked":"Philosopher\u0027s Stone"}],"items_purged_floors":[],"is_endless":false,"potions_floor_spawned":[5,8,18],"killed_by":"3 Byrds","ascension_level":0}