{"gold_per_floor":[110,130,130,305,321,321,352,317,317,358,358,358,48,64,64,185,185,185,185,185,185,185,185,185,185,185,185,185,185,185,185,185,185,185,185,185,185,185],"floor_reached":38,"playtime":3260,"items_purged":[],"score":517,"play_id":"5721c485-9334-4288-aeb2-b5e53165df0d","local_time":"20190202142924","is_ascension_mode":true,"campfire_choices":[{"data":"Tempest","floor":6,"key":"SMITH"},{"data":"Zap","floor":12,"key":"SMITH"},{"data":"Defragment","floor":15,"key":"SMITH"},{"data":"Defragment","floor":25,"key":"SMITH"},{"data":"Loop","floor":32,"key":"SMITH"}],"neow_cost":"NONE","seed_source_timestamp":899550506552673,"circlet_count":0,"master_deck":["Defend_B","Defend_B","Defend_B","Defend_B","Zap+1","Dualcast","Tempest+1","Coolheaded","Doubt","Coolheaded","Leap","Sweeping Beam+1","Defragment+1","BootSequence+1","Leap+1","Hyperbeam+1","Conserve Battery+1","Defragment+1","Cold Snap+1","Echo Form","Loop+1","Steam+1","Doom and Gloom+1","Cold Snap+1","Bite+1","Bite+1","Bite+1","Bite+1","Bite+1","Electrodynamics","Loop","Hologram+1"],"relics":["Cracked Core","Golden Idol","Mango","Meat on the Bone","Molten Egg 2","Toxic Egg 2","PreservedInsect","Ectoplasm","Ancient Tea Set","Dream Catcher","Enchiridion","Snecko Eye"],"potions_floor_usage":[7,24,38],"damage_taken":[{"damage":0,"enemies":"2 Louse","floor":1,"turns":2},{"damage":9,"enemies":"Jaw Worm","floor":2,"turns":4},{"damage":0,"enemies":"Small Slimes","floor":5,"turns":2},{"damage":38,"enemies":"Lagavulin","floor":7,"turns":11},{"damage":23,"enemies":"Gremlin Nob","floor":10,"turns":4},{"damage":0,"enemies":"2 Fungi Beasts","floor":14,"turns":3},{"damage":56,"enemies":"Slime Boss","floor":16,"turns":13},{"damage":0,"enemies":"Chosen","floor":18,"turns":3},{"damage":11,"enemies":"Shell Parasite","floor":20,"turns":5},{"damage":22,"enemies":"Shelled Parasite and Fungi","floor":21,"turns":6},{"damage":13,"enemies":"Chosen and Byrds","floor":22,"turns":6},{"damage":13,"enemies":"Slavers","floor":23,"turns":4},{"damage":13,"enemies":"3 Cultists","floor":24,"turns":4},{"damage":15,"enemies":"Snake Plant","floor":28,"turns":2},{"damage":0,"enemies":"Centurion and Healer","floor":29,"turns":6},{"damage":8,"enemies":"3 Cultists","floor":30,"turns":4},{"damage":38,"enemies":"Collector","floor":33,"turns":9},{"damage":0,"enemies":"Orb Walker","floor":35,"turns":3},{"damage":0,"enemies":"3 Shapes","floor":36,"turns":1},{"damage":11,"enemies":"Jaw Worm Horde","floor":37,"turns":2},{"damage":69,"enemies":"2 Orb Walkers","floor":38,"turns":4}],"seed_played":"-1844052340674434060","potions_obtained":[{"floor":1,"key":"Swift Potion"},{"floor":5,"key":"FairyPotion"},{"floor":16,"key":"Dexterity Potion"},{"floor":21,"key":"Explosive Potion"},{"floor":23,"key":"SpeedPotion"},{"floor":28,"key":"FearPotion"},{"floor":29,"key":"Energy Potion"},{"floor":35,"key":"Dexterity Potion"}],"is_trial":false,"path_per_floor":["M","M","?","?","M","R","E","?","T","E","?","R","$","M","R","B",null,"M","?","M","M","M","E","M","R","T","?","M","M","M","?","R","B",null,"M","M","M","?"],"character_chosen":"DEFECT","items_purchased":["PreservedInsect","Defragment","BootSequence+1"],"campfire_rested":0,"item_purchase_floors":[13,13,13],"current_hp_per_floor":[82,73,53,53,53,53,29,53,53,42,35,35,35,47,47,17,96,96,96,85,63,50,49,48,48,48,32,29,41,45,45,45,43,67,67,67,56,0],"gold":185,"neow_bonus":"TEN_PERCENT_HP_BONUS","is_prod":false,"is_daily":false,"chose_seed":false,"campfire_upgraded":5,"win_rate":0,"timestamp":1549135764,"path_taken":["M","M","?","?","M","R","E","?","T","E","?","R","$","M","R","BOSS","M","?","M","M","?","E","M","R","T","?","M","M","M","?","R","BOSS","M","M","M","?"],"build_version":"2019-01-23","purchased_purges":0,"victory":false,"max_hp_per_floor":[82,82,82,82,82,82,96,96,96,96,96,96,96,96,96,96,96,96,96,96,96,96,96,96,96,96,96,96,96,96,67,67,67,67,67,67,67,67],"card_choices":[{"not_picked":["Sunder","Defragment"],"picked":"Tempest","floor":1},{"not_picked":["Capacitor","Leap"],"picked":"Coolheaded","floor":2},{"not_picked":["Streamline","Consume"],"picked":"Coolheaded","floor":5},{"not_picked":["Steam Power","Recycle"],"picked":"Leap","floor":7},{"not_picked":["Self Repair","Reinforced Body"],"picked":"Sweeping Beam","floor":10},{"not_picked":["Turbo+1","Lockon+1"],"picked":"Leap+1","floor":14},{"not_picked":["Machine Learning","Thunder Strike+1"],"picked":"Hyperbeam+1","floor":16},{"not_picked":["Sunder+1","Reprogram+1"],"picked":"Conserve Battery+1","floor":18},{"not_picked":["Turbo+1","Rebound+1","Beam Cell+1"],"picked":"SKIP","floor":20},{"not_picked":["Ball Lightning+1","Stack+1"],"picked":"Defragment","floor":21},{"not_picked":["Leap+1","Blizzard+1"],"picked":"Cold Snap+1","floor":22},{"not_picked":["Force Field+1","Glacier+1"],"picked":"Echo Form","floor":23},{"not_picked":["Rebound+1","Reinforced Body+1"],"picked":"Loop","floor":24},{"not_picked":["Sweeping Beam+1","Beam Cell+1"],"picked":"Steam+1","floor":28},{"not_picked":["Ball Lightning+1","Genetic Algorithm+1"],"picked":"Doom and Gloom+1","floor":29},{"not_picked":["Streamline+1","Heatsinks"],"picked":"Cold Snap+1","floor":30},{"not_picked":["Creative AI","Meteor Strike+1"],"picked":"Electrodynamics","floor":33},{"not_picked":["Ball Lightning+1","White Noise+1"],"picked":"Loop","floor":35},{"not_picked":["Double Energy+1","Sweeping Beam+1","Gash+1"],"picked":"SKIP","floor":36},{"not_picked":["Stack+1","Steam+1"],"picked":"Hologram+1","floor":37}],"player_experience":1440349,"relics_obtained":[{"floor":7,"key":"Mango"},{"floor":9,"key":"Meat on the Bone"},{"floor":10,"key":"Molten Egg 2"},{"floor":23,"key":"Dream Catcher"},{"floor":27,"key":"Enchiridion"}],"event_choices":[{"damage_healed":0,"gold_gain":0,"player_choice":"Take Damage","damage_taken":20,"relics_obtained":["Golden Idol"],"max_hp_gain":0,"max_hp_loss":0,"event_name":"Golden Idol","floor":3,"gold_loss":0},{"damage_healed":0,"gold_gain":175,"player_choice":"AGREE","damage_taken":0,"max_hp_gain":0,"max_hp_loss":0,"event_name":"Liars Game","floor":4,"gold_loss":0,"cards_obtained":["Doubt"]},{"damage_healed":24,"gold_gain":0,"player_choice":"Healed","damage_taken":0,"max_hp_gain":0,"max_hp_loss":0,"event_name":"The Cleric","floor":8,"gold_loss":35},{"damage_healed":0,"gold_gain":0,"player_choice":"Success","damage_taken":7,"relics_obtained":["Toxic Egg 2"],"max_hp_gain":0,"max_hp_loss":0,"event_name":"Scrap Ooze","floor":11,"gold_loss":0},{"damage_healed":0,"gold_gain":0,"player_choice":"Gave Potion","damage_taken":0,"relics_obtained":["Ancient Tea Set"],"max_hp_gain":0,"max_hp_loss":0,"event_name":"WeMeetAgain","floor":19,"gold_loss":0},{"damage_healed":0,"gold_gain":0,"player_choice":"Obtained Book","damage_taken":16,"max_hp_gain":0,"max_hp_loss":0,"event_name":"Cursed Tome","floor":27,"gold_loss":0},{"damage_healed":0,"gold_gain":0,"player_choice":"Became a vampire","damage_taken":0,"max_hp_gain":0,"max_hp_loss":29,"event_name":"Vampires","floor":31,"gold_loss":0,"cards_obtained":["Bite","Bite","Bite","Bite","Bite"]},{"damage_healed":0,"gold_gain":0,"player_choice":"Fight","damage_taken":0,"max_hp_gain":0,"max_hp_loss":0,"event_name":"Mysterious Sphere","floor":38,"gold_loss":0}],"is_beta":false,"boss_relics":[{"not_picked":["Orrery","Lizard Tail"],"picked":"Ectoplasm"},{"not_picked":["Pandora\u0027s Box","Black Star"],"picked":"Snecko Eye"}],"items_purged_floors":[],"is_endless":false,"potions_floor_spawned":[1,5,16,21,23,28,29,35,37],"killed_by":"2 Orb Walkers","ascension_level":4}