{"gold_per_floor":[113,124,139,139,152,187,207,207,207,207,240,255,282,252,252,252],"floor_reached":16,"playtime":884,"items_purged":[],"score":226,"play_id":"48d69939-b7a3-4c17-8e1e-a76412572e4d","local_time":"20190309042202","is_ascension_mode":true,"campfire_choices":[{"data":"Tactician","floor":8,"key":"SMITH"},{"data":"Neutralize","floor":10,"key":"SMITH"},{"floor":15,"key":"REST"}],"neow_cost":"NONE","seed_source_timestamp":447856152900740,"circlet_count":0,"master_deck":["AscendersBane","Defend_G","Defend_G","Defend_G","Defend_G","Defend_G","Strike_G","Strike_G","Strike_G","Strike_G","Strike_G","Survivor","Neutralize+1","Slice","Escape Plan","Reflex","Bouncing Flask","Expertise","Tactician+1","Endless Agony","Crippling Poison","Caltrops"],"relics":["Runic Pyramid","Vajra","Mummified Hand","Darkstone Periapt","Dodecahedron"],"potions_floor_usage":[6,6,12,13,16],"damage_taken":[{"damage":1,"enemies":"2 Louse","floor":1,"turns":3},{"damage":1,"enemies":"Cultist","floor":2,"turns":4},{"damage":0,"enemies":"Small Slimes","floor":3,"turns":4},{"damage":4,"enemies":"Red Slaver","floor":5,"turns":5},{"damage":16,"enemies":"3 Sentries","floor":6,"turns":11},{"damage":0,"enemies":"2 Fungi Beasts","floor":7,"turns":3},{"damage":16,"enemies":"Gremlin Nob","floor":11,"turns":4},{"damage":7,"enemies":"Exordium Wildlife","floor":12,"turns":3},{"damage":8,"enemies":"3 Sentries","floor":13,"turns":9},{"damage":47,"enemies":"Slime Boss","floor":16,"turns":8}],"seed_played":"-3485459107994082095","potions_obtained":[{"floor":1,"key":"Regen Potion"},{"floor":4,"key":"GhostInAJar"},{"floor":6,"key":"Dexterity Potion"},{"floor":7,"key":"Fire Potion"},{"floor":14,"key":"PowerPotion"},{"floor":14,"key":"SmokeBomb"}],"is_trial":false,"path_per_floor":["M","M","M","?","M","E","M","R","T","R","E","M","E","?","R","B"],"character_chosen":"THE_SILENT","items_purchased":[],"campfire_rested":1,"item_purchase_floors":[],"current_hp_per_floor":[58,57,57,57,53,52,52,52,52,52,36,29,21,21,40,0],"gold":252,"neow_bonus":"BOSS_RELIC","is_prod":false,"is_daily":false,"chose_seed":false,"campfire_upgraded":2,"win_rate":0,"timestamp":1552123322,"path_taken":["M","M","M","?","M","E","?","R","T","R","E","M","E","?","R","BOSS"],"build_version":"2019-01-23","purchased_purges":0,"victory":false,"max_hp_per_floor":[66,66,66,66,66,66,66,66,66,66,66,66,66,66,66,66],"card_choices":[{"not_picked":["Calculated Gamble","Poisoned Stab"],"picked":"Slice","floor":1},{"not_picked":["Dagger Throw","Backflip"],"picked":"Escape Plan","floor":2},{"not_picked":["Slice","Expertise"],"picked":"Reflex","floor":3},{"not_picked":["Outmaneuver","Acrobatics"],"picked":"Bouncing Flask","floor":5},{"not_picked":["Envenom","Dagger Spray"],"picked":"Expertise","floor":6},{"not_picked":["Dagger Spray","Heel Hook"],"picked":"Tactician","floor":7},{"not_picked":["Slice","Finisher"],"picked":"Endless Agony","floor":11},{"not_picked":["Expertise","Poisoned Stab"],"picked":"Crippling Poison","floor":12},{"not_picked":["Acrobatics","Prepared"],"picked":"Caltrops","floor":13}],"player_experience":899810,"relics_obtained":[{"floor":6,"key":"Vajra"},{"floor":9,"key":"Mummified Hand"},{"floor":11,"key":"Darkstone Periapt"},{"floor":13,"key":"Dodecahedron"}],"event_choices":[{"damage_healed":0,"gold_gain":0,"player_choice":"Got Potions","damage_taken":0,"max_hp_gain":0,"max_hp_loss":0,"event_name":"Lab","floor":4,"gold_loss":0},{"damage_healed":0,"gold_gain":0,"player_choice":"Bought 2 Potions","damage_taken":0,"max_hp_gain":0,"max_hp_loss":0,"event_name":"The Woman in Blue","floor":14,"gold_loss":0}],"is_beta":false,"boss_relics":[],"items_purged_floors":[],"is_endless":false,"potions_floor_spawned":[1,6,7,11],"killed_by":"Slime Boss","ascension_level":17}