{"gold_per_floor":[118,137,151,151,19,19,37,118,200,200,233,233,244,278,278,376,376,388],"floor_reached":18,"playtime":1035,"items_purged":["Regret"],"score":223,"play_id":"4f2800dc-46fa-420b-8254-ef48bc22d3ab","local_time":"20190308062344","is_ascension_mode":true,"campfire_choices":[{"data":"Go for the Eyes","floor":6,"key":"SMITH"},{"data":"Zap","floor":10,"key":"SMITH"},{"floor":15,"key":"REST"}],"neow_cost":"NONE","seed_source_timestamp":75055245799473,"circlet_count":0,"master_deck":["Strike_B","Strike_B","Strike_B","Strike_B+1","Defend_B","Defend_B","Defend_B","Defend_B","Zap+1","Dualcast","Go for the Eyes+1","Rebound","Stack+1","Defragment","FTL","Darkness","Fusion","Defragment","Echo Form"],"relics":["Cracked Core","Smiling Mask","Question Card","Pantograph","Pear","FossilizedHelix","Sozu"],"potions_floor_usage":[],"damage_taken":[{"damage":2,"enemies":"Jaw Worm","floor":1,"turns":3},{"damage":4,"enemies":"Small Slimes","floor":2,"turns":4},{"damage":0,"enemies":"Cultist","floor":3,"turns":3},{"damage":1,"enemies":"2 Fungi Beasts","floor":7,"turns":3},{"damage":29,"enemies":"Gremlin Nob","floor":11,"turns":4},{"damage":11,"enemies":"Looter","floor":13,"turns":3},{"damage":10,"enemies":"Lagavulin","floor":14,"turns":6},{"damage":19,"enemies":"The Guardian","floor":16,"turns":12},{"damage":12,"enemies":"Chosen","floor":18,"turns":5}],"seed_played":"6296719405198942459","potions_obtained":[{"floor":11,"key":"Fire Potion"},{"floor":13,"key":"EssenceOfSteel"},{"floor":14,"key":"SteroidPotion"}],"is_trial":false,"path_per_floor":["M","M","M","?","$","R","M","T","T","R","E","?","M","E","R","B",null,"M"],"character_chosen":"DEFECT","items_purchased":["Defragment"],"campfire_rested":1,"item_purchase_floors":[5],"current_hp_per_floor":[80,76,76,76,76,76,75,75,75,75,56,38,27,17,44,50,92,80],"gold":388,"neow_bonus":"TEN_PERCENT_HP_BONUS","is_prod":false,"is_daily":false,"chose_seed":false,"campfire_upgraded":2,"win_rate":0,"timestamp":1552019024,"path_taken":["M","M","M","?","$","R","M","?","T","R","E","?","M","E","R","BOSS","M"],"build_version":"2019-01-23","purchased_purges":1,"victory":false,"max_hp_per_floor":[82,82,82,82,82,82,82,82,82,82,92,92,92,92,92,92,92,92],"card_choices":[{"not_picked":["Conserve Battery","Steam"],"picked":"Go for the Eyes","floor":1},{"not_picked":["Turbo","Leap"],"picked":"Rebound","floor":2},{"not_picked":["Skim","Redo"],"picked":"Stack","floor":3},{"not_picked":["Rebound","Gash"],"picked":"FTL","floor":7},{"not_picked":["Hello World","Undo","Lockon"],"picked":"Darkness","floor":11},{"not_picked":["Amplify","Tempest","Chill"],"picked":"Fusion","floor":13},{"not_picked":["Undo","Storm","Rebound"],"picked":"Defragment","floor":14},{"not_picked":["Thunder Strike","All For One","Electrodynamics"],"picked":"Echo Form","floor":16}],"player_experience":705609,"relics_obtained":[{"floor":8,"key":"Question Card"},{"floor":9,"key":"Pantograph"},{"floor":11,"key":"Pear"},{"floor":14,"key":"FossilizedHelix"}],"event_choices":[{"damage_healed":0,"gold_gain":0,"player_choice":"Box","damage_taken":0,"relics_obtained":["Smiling Mask"],"max_hp_gain":0,"max_hp_loss":0,"event_name":"Big Fish","floor":4,"gold_loss":0,"cards_obtained":["Regret"]},{"damage_healed":0,"gold_gain":0,"player_choice":"Entered Light","damage_taken":18,"max_hp_gain":0,"max_hp_loss":0,"event_name":"Shining Light","floor":12,"gold_loss":0,"cards_upgraded":["Stack","Strike_B"]}],"is_beta":false,"boss_relics":[{"not_picked":["FrozenCore","White Beast Statue"],"picked":"Sozu"}],"items_purged_floors":[5],"is_endless":false,"potions_floor_spawned":[11,13,14,16],"killed_by":"Chosen","ascension_level":3}