{"path_per_floor":["M","M","M","M","?","R","M","?","T","E","M","$","R","M","R","B",null,"M","M","$","T","M","E","R","M","T","$","?","M","R","M","R","B",null,"M","M","M","M","?","R","?","R","T","R","$","R","M","?","R","B"],"character_chosen":"THE_SILENT","items_purchased":["Anchor"],"gold_per_floor":[116,136,151,171,171,171,182,212,292,320,336,261,261,277,277,376,376,376,301,55,55,55,55,55,55,55,55,55,55,55,55,55,55,55,55,55,55,55,55,55,55,55,55,55,55,55,55,0,0,0],"floor_reached":51,"campfire_rested":2,"playtime":5179,"current_hp_per_floor":[65,64,64,62,44,44,39,39,39,12,9,9,30,29,29,26,70,64,37,37,37,27,11,32,32,39,39,39,39,39,39,39,20,77,77,52,50,49,49,49,49,49,49,49,49,49,47,47,47,40],"items_purged":["Strike_G","Defend_G"],"gold":0,"score":621,"play_id":"480b4df6-768f-4a22-81ce-24d500566f04","local_time":"20180408110156","is_prod":false,"is_daily":false,"is_ascension_mode":false,"campfire_upgraded":9,"timestamp":1523178116,"path_taken":["M","M","M","M","?","R","M","?","T","E","M","$","R","M","R","BOSS","M","M","$","?","M","E","R","M","T","$","?","M","R","M","R","BOSS","M","M","M","M","?","R","?","R","T","R","?","R","M","?","R","BOSS"],"build_version":"2018-04-05v2","purchased_purges":2,"victory":true,"master_deck":["Defend_G+1","Defend_G+1","Defend_G+1","Defend_G","Strike_G+1","Strike_G","Strike_G","Strike_G","Survivor+1","Neutralize","Cloak And Dagger+1","Dash+1","Expertise+1","Noxious Fumes+1","Adrenaline","Skewer+1","Backflip+1","Deflect","Acrobatics+1","Dagger Throw+1","Deflect","Tools of the Trade+1","Accuracy+1","Prepared+1","Doubt","PiercingWail+1"],"max_hp_per_floor":[70,70,70,70,70,70,70,70,70,70,70,70,70,70,70,70,70,70,70,70,70,70,70,70,70,77,77,77,77,77,77,77,77,77,77,77,77,77,77,77,77,77,77,77,77,77,77,77,77,77],"relics":["Runic Pyramid","Bronze Scales","Frozen Egg 2","Gremlin Horn","Pen Nib","Ectoplasm","Anchor","Sundial","Ancient Tea Set","Strawberry","Bag of Preparation","Cursed Key","Snake Skull","Red Mask"],"card_choices":[{"not_picked":["Deadly Poison","Acrobatics"],"picked":"Cloak And Dagger","floor":1},{"not_picked":["All Out Attack","PiercingWail"],"picked":"Dash","floor":3},{"not_picked":["Dagger Spray","Poisoned Stab"],"picked":"Expertise","floor":4},{"not_picked":["Prepared","Acrobatics"],"picked":"Noxious Fumes","floor":10},{"not_picked":["Tactician","Phantasmal Killer"],"picked":"Adrenaline","floor":16},{"not_picked":["Crippling Poison","Endless Agony"],"picked":"Skewer","floor":18},{"not_picked":["Outmaneuver","Backstab"],"picked":"Backflip","floor":19},{"not_picked":["Bouncing Flask","Slice"],"picked":"Deflect","floor":22},{"not_picked":["Deadly Poison","Heel Hook"],"picked":"Acrobatics","floor":25},{"not_picked":["Backflip","Underhanded Strike"],"picked":"Dagger Throw","floor":29},{"not_picked":["PiercingWail","Cloak And Dagger"],"picked":"Deflect","floor":31},{"not_picked":["Doppelganger","Night Terror"],"picked":"Tools of the Trade","floor":33},{"not_picked":["Prepared","Flechettes"],"picked":"Accuracy","floor":36},{"not_picked":["Dagger Spray","Deflect"],"picked":"Prepared","floor":38},{"not_picked":["Bouncing Flask","Acrobatics"],"picked":"PiercingWail","floor":47}],"player_experience":95373,"potions_floor_usage":[16,18,22,33,33,36,50],"damage_taken":[{"damage":5,"enemies":"Small Slimes","floor":1,"turns":5},{"damage":1,"enemies":"Jaw Worm","floor":2,"turns":5},{"damage":0,"enemies":"Cultist","floor":3,"turns":5},{"damage":2,"enemies":"Blue Slaver","floor":4,"turns":5},{"damage":5,"enemies":"3 Louse","floor":7,"turns":4},{"damage":27,"enemies":"Gremlin Nob","floor":10,"turns":5},{"damage":3,"enemies":"Exordium Wildlife","floor":11,"turns":4},{"damage":1,"enemies":"Large Slime","floor":14,"turns":5},{"damage":3,"enemies":"Hexaghost","floor":16,"turns":9},{"damage":6,"enemies":"Spheric Guardian","floor":18,"turns":5},{"damage":27,"enemies":"2 Thieves","floor":19,"turns":4},{"damage":10,"enemies":"Cultist and Chosen","floor":22,"turns":6},{"damage":16,"enemies":"Slavers","floor":23,"turns":5},{"damage":0,"enemies":"3 Cultists","floor":25,"turns":5},{"damage":0,"enemies":"Chosen and Byrds","floor":29,"turns":4},{"damage":0,"enemies":"Snecko","floor":31,"turns":3},{"damage":19,"enemies":"Automaton","floor":33,"turns":11},{"damage":0,"enemies":"3 Shapes","floor":35,"turns":4},{"damage":31,"enemies":"3 Darklings","floor":36,"turns":5},{"damage":2,"enemies":"Maw","floor":37,"turns":6},{"damage":1,"enemies":"4 Shapes","floor":38,"turns":5},{"damage":2,"enemies":"Sphere and 2 Shapes","floor":47,"turns":5},{"damage":7,"enemies":"Donu and Deca","floor":50,"turns":10}],"event_choices":[{"event_name":"Scrap Ooze","player_choice":"success","floor":5,"damage_taken":18},{"event_name":"Dead Adventurer","player_choice":"Searched \u00272\u0027 times","floor":8,"damage_taken":0},{"event_name":"The Mausoleum","player_choice":"Yes","floor":28,"damage_taken":0},{"event_name":"The Lab","player_choice":"Got Potions","floor":39,"damage_taken":0},{"event_name":"Fountain of Cleansing","player_choice":"Removed Curse","floor":41,"damage_taken":0},{"event_name":"Tomb of Lord Red Mask","player_choice":"Paid","floor":48,"damage_taken":0}],"boss_relics":[{"not_picked":["Astrolabe","White Beast Statue"],"picked":"Ectoplasm"},{"not_picked":["Tiny House","Lizard Tail"],"picked":"Cursed Key"}],"potions_floor_spawned":[2,7,10,11,19,31,35,36],"seed_played":"-6822549528184014828","ascension_level":0,"is_trial":false}