{"gold_per_floor":[114,127,144,144,159,159,199,199,224,224,265,277,304,316,328,436,448,481,493,505,538,565,577,602,652,664,676],"floor_reached":27,"playtime":2852,"items_purged":[],"score":437,"play_id":"679ef1af-17f5-42d4-81a8-10b5fa14cad3","local_time":"20190308190300","is_ascension_mode":true,"campfire_choices":[{"data":"Consume","floor":6,"key":"SMITH"},{"data":"Hello World","floor":10,"key":"SMITH"},{"data":"Dualcast","floor":15,"key":"SMITH"},{"floor":23,"key":"REST"}],"neow_cost":"NONE","seed_source_timestamp":412343718144790,"circlet_count":0,"master_deck":["AscendersBane","Strike_B+1","Strike_B+1","Strike_B+1","Strike_B+1","Defend_B+1","Defend_B+1","Defend_B+1","Defend_B+1","Zap+1","Dualcast+1","Conserve Battery","Hello World+1","Consume+1","Cold Snap","Creative AI","Compile Driver","Ball Lightning","Turbo+1"],"relics":["Cracked Core","Oddly Smooth Stone","Golden Idol","Vajra","Orichalcum","MawBank","Singing Bowl","Runic Pyramid","Potion Belt","Bottled Tornado"],"potions_floor_usage":[11,16,25,27],"damage_taken":[{"damage":0,"enemies":"Cultist","floor":1,"turns":4},{"damage":0,"enemies":"2 Louse","floor":2,"turns":3},{"damage":2,"enemies":"Small Slimes","floor":3,"turns":3},{"damage":8,"enemies":"Exordium Thugs","floor":5,"turns":6},{"damage":6,"enemies":"Lagavulin","floor":7,"turns":6},{"damage":6,"enemies":"Gremlin Nob","floor":11,"turns":4},{"damage":3,"enemies":"Looter","floor":13,"turns":3},{"damage":16,"enemies":"The Guardian","floor":16,"turns":12},{"damage":3,"enemies":"Shell Parasite","floor":18,"turns":6},{"damage":22,"enemies":"Colosseum Slavers","floor":20,"turns":6},{"damage":12,"enemies":"3 Byrds","floor":21,"turns":4},{"damage":0,"enemies":"Snecko","floor":22,"turns":7},{"damage":7,"enemies":"Cultist and Chosen","floor":24,"turns":7},{"damage":28,"enemies":"Slavers","floor":25,"turns":6},{"damage":9,"enemies":"Shelled Parasite and Fungi","floor":27,"turns":1}],"seed_played":"-2011743136047402027","potions_obtained":[{"floor":2,"key":"Block Potion"},{"floor":3,"key":"Weak Potion"},{"floor":16,"key":"SteroidPotion"},{"floor":25,"key":"Fire Potion"}],"is_trial":false,"path_per_floor":["M","M","M","?","M","R","E","?","T","R","E","?","M","$","R","B",null,"M","?","?","M","M","R","M","E","T","M"],"character_chosen":"DEFECT","items_purchased":[],"campfire_rested":1,"item_purchase_floors":[],"current_hp_per_floor":[64,64,62,62,54,54,48,29,29,29,23,23,22,22,22,6,51,48,48,26,16,18,39,32,4,4,0],"gold":676,"neow_bonus":"RANDOM_COMMON_RELIC","is_prod":false,"is_daily":false,"chose_seed":false,"campfire_upgraded":3,"win_rate":0,"timestamp":1552089780,"path_taken":["M","M","M","?","M","R","E","?","T","R","E","?","M","$","R","BOSS","M","?","?","M","?","R","M","E","T","M"],"build_version":"2019-01-23","purchased_purges":0,"victory":false,"max_hp_per_floor":[71,71,71,64,64,64,64,64,64,64,64,64,66,66,66,66,66,66,66,66,68,70,70,70,70,70,70],"card_choices":[{"not_picked":["Fusion","Barrage"],"picked":"Conserve Battery","floor":1},{"not_picked":["Redo","Capacitor","Aggregate"],"picked":"SKIP","floor":2},{"not_picked":["Redo","Conserve Battery"],"picked":"Hello World","floor":3},{"not_picked":["White Noise","Lockon"],"picked":"Consume","floor":5},{"not_picked":["Streamline","Coolheaded"],"picked":"Cold Snap","floor":7},{"not_picked":["Double Energy","Rip and Tear"],"picked":"Buffer","floor":11},{"not_picked":["Redo","Rebound","Turbo"],"picked":"Singing Bowl","floor":13},{"not_picked":["Amplify","Machine Learning"],"picked":"Creative AI","floor":16},{"not_picked":["Leap","Reinforced Body+1"],"picked":"Compile Driver","floor":18},{"not_picked":["Turbo","Tempest","Redo"],"picked":"Singing Bowl","floor":21},{"not_picked":["Stack","Beam Cell+1","Fusion"],"picked":"Singing Bowl","floor":22},{"not_picked":["Beam Cell","Blizzard"],"picked":"Ball Lightning","floor":24},{"not_picked":["Leap","Sweeping Beam"],"picked":"Turbo+1","floor":25}],"player_experience":867345,"relics_obtained":[{"floor":7,"key":"Vajra"},{"floor":9,"key":"Orichalcum"},{"floor":11,"key":"MawBank"},{"floor":25,"key":"Potion Belt"},{"floor":26,"key":"Bottled Tornado"}],"event_choices":[{"damage_healed":0,"gold_gain":0,"player_choice":"Lose Max HP","damage_taken":0,"relics_obtained":["Golden Idol"],"max_hp_gain":0,"max_hp_loss":7,"event_name":"Golden Idol","floor":4,"gold_loss":0},{"damage_healed":0,"gold_gain":0,"player_choice":"Entered Light","damage_taken":19,"max_hp_gain":0,"max_hp_loss":0,"event_name":"Shining Light","floor":8,"gold_loss":0,"cards_upgraded":["Zap","Strike_B"]},{"cards_removed":["Buffer"],"damage_healed":0,"gold_gain":0,"player_choice":"Gave Card","damage_taken":0,"relics_obtained":["Singing Bowl"],"max_hp_gain":0,"max_hp_loss":0,"event_name":"WeMeetAgain","floor":12,"gold_loss":0},{"damage_healed":0,"gold_gain":0,"player_choice":"Simplicity","damage_taken":0,"max_hp_gain":0,"max_hp_loss":0,"event_name":"Back to Basics","floor":19,"gold_loss":0,"cards_upgraded":["Strike_B","Strike_B","Strike_B","Defend_B","Defend_B","Defend_B","Defend_B"]},{"damage_healed":0,"gold_gain":0,"player_choice":"Fight","damage_taken":0,"max_hp_gain":0,"max_hp_loss":0,"event_name":"Colosseum","floor":20,"gold_loss":0},{"damage_healed":0,"gold_gain":0,"player_choice":"Fled From Nobs","damage_taken":0,"max_hp_gain":0,"max_hp_loss":0,"event_name":"Colosseum","floor":20,"gold_loss":0}],"is_beta":false,"boss_relics":[{"not_picked":["Philosopher\u0027s Stone","Busted Crown"],"picked":"Runic Pyramid"}],"items_purged_floors":[],"is_endless":false,"potions_floor_spawned":[2,3,7,16,20,25],"killed_by":"Shelled Parasite and Fungi","ascension_level":16}