{"gold_per_floor":[115,169,187,204,279,279,293,293,342,342,377,49,49,80,80,80],"floor_reached":16,"playtime":528,"items_purged":[],"score":135,"play_id":"a34d96aa-7c46-4b9f-bbaa-c37364a1d3de","local_time":"20190224144519","is_ascension_mode":true,"campfire_choices":[{"data":"Barricade","floor":6,"key":"SMITH"},{"data":"Pommel Strike","floor":8,"key":"SMITH"},{"floor":15,"key":"REST"}],"neow_cost":"NONE","seed_source_timestamp":137096084283600,"circlet_count":0,"master_deck":["Strike_R","Strike_R","Strike_R","Strike_R","Strike_R","Defend_R","Defend_R","Defend_R","Defend_R","Bash","Impervious","Pommel Strike+1","Headbutt","Barricade+1","Intimidate","Limit Break","Sadistic Nature+1","Injury","Thunderclap"],"relics":["Burning Blood","Ancient Tea Set","Juzu Bracelet","Frozen Egg 2","PreservedInsect","Golden Idol","Pen Nib"],"potions_floor_usage":[14,16],"damage_taken":[{"damage":1,"enemies":"Cultist","floor":1,"turns":3},{"damage":0,"enemies":"2 Louse","floor":3,"turns":3},{"damage":5,"enemies":"Small Slimes","floor":4,"turns":3},{"damage":7,"enemies":"Looter","floor":7,"turns":4},{"damage":35,"enemies":"3 Sentries","floor":11,"turns":10},{"damage":19,"enemies":"Gremlin Nob","floor":14,"turns":4},{"damage":55,"enemies":"Slime Boss","floor":16,"turns":8}],"seed_played":"1492232198986365963","potions_obtained":[{"floor":4,"key":"Poison Potion"},{"floor":7,"key":"Block Potion"}],"is_trial":false,"path_per_floor":["M","T","M","M","?","R","M","R","T","?","E","$","?","E","R","B"],"character_chosen":"IRONCLAD","items_purchased":["PreservedInsect","Sadistic Nature+1"],"campfire_rested":1,"item_purchase_floors":[12,12],"current_hp_per_floor":[80,80,80,80,69,69,68,68,68,68,39,39,39,26,50,0],"gold":80,"neow_bonus":"ONE_RANDOM_RARE_CARD","is_prod":false,"is_daily":false,"chose_seed":false,"campfire_upgraded":2,"win_rate":0,"timestamp":1551015919,"path_taken":["M","?","M","M","?","R","M","R","T","?","E","$","?","E","R","BOSS"],"build_version":"2019-01-23","purchased_purges":0,"victory":false,"max_hp_per_floor":[80,80,80,80,80,80,80,80,80,80,80,80,80,80,80,80],"card_choices":[{"not_picked":["Rage","Warcry"],"picked":"Pommel Strike","floor":1},{"not_picked":["Twin Strike","Reckless Charge"],"picked":"Headbutt","floor":3},{"not_picked":["Heavy Blade","Clash"],"picked":"Barricade","floor":4},{"not_picked":["Anger","Clothesline"],"picked":"Intimidate","floor":7},{"not_picked":["Armaments","Havoc"],"picked":"Limit Break","floor":11},{"not_picked":["Bludgeon","Headbutt"],"picked":"Thunderclap","floor":14}],"player_experience":362464,"relics_obtained":[{"floor":2,"key":"Ancient Tea Set"},{"floor":9,"key":"Juzu Bracelet"},{"floor":11,"key":"Frozen Egg 2"},{"floor":14,"key":"Pen Nib"}],"event_choices":[{"damage_healed":0,"gold_gain":75,"player_choice":"Gather Gold","damage_taken":11,"max_hp_gain":0,"max_hp_loss":0,"event_name":"World of Goop","floor":5,"gold_loss":0},{"damage_healed":0,"gold_gain":0,"player_choice":"Ignored","damage_taken":0,"max_hp_gain":0,"max_hp_loss":0,"event_name":"Liars Game","floor":10,"gold_loss":0},{"damage_healed":0,"gold_gain":0,"player_choice":"Take Wound","damage_taken":0,"relics_obtained":["Golden Idol"],"max_hp_gain":0,"max_hp_loss":0,"event_name":"Golden Idol","floor":13,"gold_loss":0,"cards_obtained":["Injury"]}],"is_beta":false,"boss_relics":[],"items_purged_floors":[],"is_endless":false,"potions_floor_spawned":[4,7],"killed_by":"Slime Boss","ascension_level":5}