{"gold_per_floor":[112,131,151,151,151,151,27,27,27,37,56,66,12,25,25,123,123,138,138,138,153,167,167,194],"floor_reached":24,"playtime":1029,"items_purged":[],"score":260,"play_id":"e990bcb1-ea49-40ad-98a6-c7d1a692f690","local_time":"20190309101009","is_ascension_mode":false,"campfire_choices":[{"data":"Zap","floor":6,"key":"SMITH"},{"data":"Chill","floor":8,"key":"SMITH"},{"data":"Self Repair","floor":15,"key":"SMITH"},{"data":"Dualcast","floor":23,"key":"SMITH"}],"neow_cost":"NONE","seed_source_timestamp":523370961932629,"circlet_count":0,"master_deck":["Strike_B","Strike_B","Strike_B","Defend_B+1","Defend_B","Defend_B+1","Defend_B","Zap+1","Dualcast+1","Genetic Algorithm","Compile Driver","Self Repair+1","Chill+1","Ball Lightning","Glacier","Conserve Battery","Gash","Electrodynamics","Skim","Coolheaded+1"],"relics":["Sozu","Incense Burner"],"potions_floor_usage":[],"damage_taken":[{"damage":5,"enemies":"Small Slimes","floor":1,"turns":3},{"damage":10,"enemies":"Jaw Worm","floor":2,"turns":3},{"damage":0,"enemies":"2 Louse","floor":3,"turns":2},{"damage":4,"enemies":"Red Slaver","floor":10,"turns":3},{"damage":0,"enemies":"Large Slime","floor":11,"turns":5},{"damage":3,"enemies":"Blue Slaver","floor":12,"turns":3},{"damage":0,"enemies":"Exordium Wildlife","floor":14,"turns":3},{"damage":0,"enemies":"The Guardian","floor":16,"turns":14},{"damage":21,"enemies":"2 Thieves","floor":18,"turns":4},{"damage":1,"enemies":"Spheric Guardian","floor":21,"turns":4},{"damage":5,"enemies":"Snake Plant","floor":22,"turns":7},{"damage":65,"enemies":"Book of Stabbing","floor":24,"turns":10}],"seed_played":"-6174812665693378134","potions_obtained":[],"is_trial":false,"path_per_floor":["M","M","M","?","?","R","$","R","T","M","M","M","$","M","R","B",null,"M","?","?","M","M","R","E"],"character_chosen":"DEFECT","items_purchased":["Chill","Ball Lightning","Conserve Battery"],"campfire_rested":0,"item_purchase_floors":[7,7,13],"current_hp_per_floor":[70,60,60,60,45,45,45,45,45,48,55,59,59,66,66,75,75,64,64,64,73,75,75,20],"gold":194,"neow_bonus":"BOSS_RELIC","is_prod":false,"is_daily":false,"chose_seed":false,"campfire_upgraded":4,"win_rate":0,"timestamp":1552122609,"path_taken":["M","M","M","?","?","R","$","R","T","M","?","M","$","M","R","BOSS","M","?","?","?","M","R","E"],"build_version":"2019-01-23","purchased_purges":0,"victory":false,"max_hp_per_floor":[75,75,75,75,75,75,75,75,75,75,75,75,75,75,75,75,75,75,75,75,75,75,75,75],"card_choices":[{"not_picked":["Barrage","White Noise"],"picked":"Genetic Algorithm","floor":1},{"not_picked":["Steam","Capacitor"],"picked":"Compile Driver","floor":2},{"not_picked":["Steam","Tempest","Go for the Eyes"],"picked":"SKIP","floor":3},{"not_picked":["Reprogram","Rebound","Barrage"],"picked":"SKIP","floor":10},{"not_picked":["Conserve Battery","Coolheaded"],"picked":"Glacier","floor":11},{"not_picked":["Melter","Turbo","Coolheaded"],"picked":"SKIP","floor":12},{"not_picked":["Ball Lightning","Cold Snap"],"picked":"Gash","floor":14},{"not_picked":["Buffer","Rainbow"],"picked":"Electrodynamics","floor":16},{"not_picked":["Blizzard","Undo"],"picked":"Skim","floor":18},{"not_picked":["Rebound+1","Streamline","Conserve Battery"],"picked":"SKIP","floor":21},{"not_picked":["Sunder","Cold Snap","Blizzard"],"picked":"SKIP","floor":22}],"player_experience":1096149,"relics_obtained":[{"floor":24,"key":"Incense Burner"}],"event_choices":[{"damage_healed":0,"gold_gain":0,"cards_transformed":["Strike_B"],"player_choice":"Change","damage_taken":0,"max_hp_gain":0,"max_hp_loss":0,"event_name":"Living Wall","floor":4,"gold_loss":0,"cards_obtained":["Self Repair"]},{"damage_healed":0,"gold_gain":0,"player_choice":"Entered Light","damage_taken":15,"max_hp_gain":0,"max_hp_loss":0,"event_name":"Shining Light","floor":5,"gold_loss":0,"cards_upgraded":["Defend_B","Defend_B"]},{"damage_healed":0,"gold_gain":0,"player_choice":"Read","damage_taken":0,"max_hp_gain":0,"max_hp_loss":0,"event_name":"The Library","floor":19,"gold_loss":0,"cards_obtained":["Coolheaded"]},{"damage_healed":0,"gold_gain":0,"player_choice":"Forge","damage_taken":0,"max_hp_gain":0,"max_hp_loss":0,"event_name":"Accursed Blacksmith","floor":20,"gold_loss":0,"cards_upgraded":["Coolheaded"]}],"is_beta":false,"boss_relics":[{"not_picked":[]}],"items_purged_floors":[],"is_endless":false,"potions_floor_spawned":[1,2,10,12,16,22,24],"killed_by":"Book of Stabbing","ascension_level":0}