{"path_per_floor":["M","M","?","M","M","E","R","E","T","E","M","M","R","$","R","B",null,"M","?","M","$","M","R","$","M","T","R","M","M","R","E","R","B",null,"M","?","M","M","M","R","M","M","T","$","R","M","R","?","R","B"],"character_chosen":"THE_SILENT","items_purchased":["Vajra"],"gold_per_floor":[111,121,121,141,154,185,185,218,218,251,264,284,284,54,54,156,156,111,36,36,36,36,36,36,36,36,36,36,36,36,36,36,36,36,36,36,36,36,36,36,36,36,36,36,36,36,36,36,36,36],"floor_reached":51,"campfire_rested":0,"playtime":3745,"current_hp_per_floor":[63,63,56,53,53,45,45,37,37,37,37,37,37,37,37,37,62,58,58,58,58,58,58,58,58,58,58,58,56,56,56,56,47,64,64,64,70,70,67,67,67,67,67,67,67,67,67,67,67,67],"items_purged":["Strike_G"],"gold":36,"score":1104,"play_id":"10913a00-6812-4b06-97cb-4a5c3af3f4ec","local_time":"20180504153354","is_prod":false,"is_daily":false,"chose_seed":false,"is_ascension_mode":true,"campfire_upgraded":11,"timestamp":1525462434,"path_taken":["M","M","?","M","M","E","R","E","T","E","M","?","R","$","R","BOSS","M","?","?","$","?","R","$","M","T","R","M","M","R","E","R","BOSS","M","?","M","M","M","R","M","M","T","$","R","M","R","?","R","BOSS"],"build_version":"2018-05-03","seed_source_timestamp":231513522630150,"purchased_purges":1,"victory":true,"master_deck":["Defend_G","Defend_G","Defend_G","Defend_G","Defend_G","Survivor","Neutralize+1","Accuracy+1","Venomology+1","Blade Dance+1","Cloak And Dagger+1","Predator","Escape Plan+1","Footwork+1","Infinite Blades","Cloak And Dagger+1","Adrenaline+1","Backflip+1","Cloak And Dagger+1","Wraith Form v2+1","Burst+1","Well Laid Plans+1","Deep Breath+1","Infinite Blades","Envenom","Predator+1","Concentrate+1"],"max_hp_per_floor":[70,70,70,70,70,70,70,70,70,70,70,70,70,70,70,70,70,70,70,70,70,70,70,70,70,70,70,70,70,70,70,70,70,70,70,70,70,70,70,70,70,70,70,70,70,70,70,70,70,70],"relics":["Astrolabe","Bag of Marbles","Oddly Smooth Stone","Kunai","Pen Nib","Meat on the Bone","Vajra","Ectoplasm","Ancient Tea Set","Molten Egg 2","Orrery","Anchor"],"card_choices":[{"not_picked":["Bouncing Flask","Prepared"],"picked":"Cloak And Dagger","floor":2},{"not_picked":["Sucker Punch","PiercingWail"],"picked":"Predator","floor":4},{"not_picked":["Bane","Distraction"],"picked":"Escape Plan","floor":6},{"not_picked":["Caltrops","Poisoned Stab"],"picked":"Footwork","floor":10},{"not_picked":["Outmaneuver","Slice"],"picked":"Infinite Blades","floor":11},{"not_picked":["Dagger Spray","Outmaneuver"],"picked":"Cloak And Dagger","floor":12},{"not_picked":["Phantasmal Killer","After Image"],"picked":"Adrenaline","floor":16},{"not_picked":["Setup","Well Laid Plans"],"picked":"Backflip","floor":18},{"not_picked":["Flying Knee","Dagger Throw"],"picked":"Cloak And Dagger","floor":20},{"not_picked":["Deflect","Terror"],"picked":"Wraith Form v2","floor":31},{"not_picked":["Corpse Explosion","Glass Knife"],"picked":"Burst","floor":33},{"not_picked":["Flying Knee","Outmaneuver"],"picked":"Well Laid Plans","floor":34},{"not_picked":["Underhanded Strike","Quick Slash"],"picked":"Infinite Blades","floor":38},{"not_picked":["Dagger Throw","Bane"],"picked":"Envenom","floor":41},{"not_picked":["Heel Hook","Terror"],"picked":"Predator","floor":42},{"not_picked":["Heel Hook","Sucker Punch"],"picked":"Concentrate","floor":46}],"player_experience":455913,"potions_floor_usage":[5,6,6,8,8,10,11,12,16,16,20,22,25,28,29,31,33,35,37,37,38,39,41,42,42,46,50,50,50,50],"damage_taken":[{"damage":0,"enemies":"Cultist","floor":1,"turns":4},{"damage":0,"enemies":"Small Slimes","floor":2,"turns":7},{"damage":3,"enemies":"2 Louse","floor":4,"turns":3},{"damage":0,"enemies":"Looter","floor":5,"turns":2},{"damage":8,"enemies":"Lagavulin","floor":6,"turns":4},{"damage":8,"enemies":"Gremlin Nob","floor":8,"turns":4},{"damage":0,"enemies":"3 Sentries","floor":10,"turns":7},{"damage":0,"enemies":"Large Slime","floor":11,"turns":3},{"damage":0,"enemies":"Lots of Slimes","floor":12,"turns":2},{"damage":0,"enemies":"Slime Boss","floor":16,"turns":3},{"damage":4,"enemies":"2 Thieves","floor":18,"turns":4},{"damage":0,"enemies":"Shell Parasite","floor":20,"turns":3},{"damage":0,"enemies":"3 Cultists","floor":22,"turns":4},{"damage":6,"enemies":"Snake Plant","floor":25,"turns":3},{"damage":0,"enemies":"Snecko","floor":28,"turns":3},{"damage":2,"enemies":"Centurion and Healer","floor":29,"turns":4},{"damage":0,"enemies":"Gremlin Leader","floor":31,"turns":3},{"damage":21,"enemies":"Collector","floor":33,"turns":6},{"damage":0,"enemies":"3 Shapes","floor":35,"turns":4},{"damage":0,"enemies":"3 Darklings","floor":37,"turns":5},{"damage":0,"enemies":"4 Shapes","floor":38,"turns":5},{"damage":3,"enemies":"Maw","floor":39,"turns":7},{"damage":0,"enemies":"Sphere and 2 Shapes","floor":41,"turns":3},{"damage":0,"enemies":"4 Shapes","floor":42,"turns":5},{"damage":0,"enemies":"Maw","floor":46,"turns":5},{"damage":0,"enemies":"Awakened One","floor":50,"turns":11}],"event_choices":[{"event_name":"Scrap Ooze","player_choice":"success","floor":3,"damage_taken":7},{"event_name":"Beggar","player_choice":"Gave Gold","floor":19,"damage_taken":0},{"event_name":"Match and Keep!","player_choice":"1 cards matched","floor":36,"damage_taken":0},{"event_name":"SecretPortal","player_choice":"Rejected Portal.","floor":48,"damage_taken":0}],"boss_relics":[{"not_picked":["Eternal Feather","White Beast Statue"],"picked":"Ectoplasm"},{"not_picked":["Runic Pyramid","Velvet Choker"],"picked":"Orrery"}],"potions_floor_spawned":[4,6,10,11,12,18,20,28,31,39,46],"seed_played":"-3674062525280966305","ascension_level":7,"is_trial":false}