{"path_per_floor":["M","M","?","$","?","M","R","?","T","E","R","$","M","M","R","B",null,"M","M","?","M","$","E","$","M","T","?","M","R","E","$","R","B",null,"M","M","?","M","?","R"],"character_chosen":"IRONCLAD","items_purchased":["Regen Potion","Regen Potion","Flash of Steel","Warcry","Flash of Steel"],"gold_per_floor":[116,133,133,9,9,34,34,34,34,74,74,23,38,51,51,171,171,196,184,184,205,10,43,19,32,56,56,71,71,102,9,9,135,135,148,169,169,185,545,545],"floor_reached":41,"campfire_rested":2,"playtime":3893,"current_hp_per_floor":[80,80,60,60,53,59,59,59,59,43,67,67,75,68,68,26,80,70,62,56,51,51,37,37,26,26,26,33,33,53,53,53,22,66,57,66,66,66,15,34],"items_purged":["Regret","Bite_R"],"gold":545,"play_id":"f1c65c94-0f31-4d54-a82f-7cb8148be63c","is_prod":false,"is_daily":false,"campfire_rituals":0,"campfire_upgraded":4,"is_hardmode":false,"path_taken":["M","M","?","$","?","?","R","?","T","E","R","?","M","?","R","BOSS","M","M","?","M","$","E","?","M","T","?","?","R","E","$","R","BOSS","M","M","?","M","?","R","E"],"build_version":"2018-01-18-PROD4","purchased_purges":2,"victory":false,"master_deck":["Defend_R","Defend_R","Defend_R","Defend_R","Bash","Double Tap","Rupture","Uppercut","Hemokinesis","Battle Trance","Rampage","Fire Breathing","Demon Form","Metallicize","Cleave","Bite_R","Bite_R","Bite_R","Bite_R","Thunderclap","Dropkick","Warcry","Pommel Strike","Flame Barrier","Flash of Steel","Dark Embrace","Disarm","Carnage","Dual Wield","Sever Soul"],"max_hp_per_floor":[80,80,80,80,80,80,80,80,80,80,80,80,80,80,80,80,80,80,80,56,56,56,66,66,66,66,66,66,66,66,66,66,66,66,66,66,66,66,66,66],"relics":["Burning Blood","Champion Belt","Golden Idol","Bird Faced Urn","Toolbox","Mark of Pain","Pear","Blood Vial","Matryoshka","Velvet Choker","Old Coin"],"campfire_meditates":0,"card_choices":[{"not_picked":["Flex","Dropkick"],"picked":"Double Tap"},{"not_picked":["Rage","Wild Strike"],"picked":"Rupture"},{"not_picked":["Power Through","Second Wind"],"picked":"Uppercut"},{"not_picked":["Sentinel","Body Slam"],"picked":"Battle Trance"},{"not_picked":["Burning Pact","Headbutt"],"picked":"Rampage"},{"not_picked":["Anger","Exhume"],"picked":"Fire Breathing"},{"not_picked":["Impervious","Limit Break"],"picked":"Demon Form"},{"not_picked":["Ghostly Armor","Reckless Charge"],"picked":"Metallicize"},{"not_picked":["Warcry","Pommel Strike"],"picked":"Cleave"},{"not_picked":["Sword Boomerang","Ghostly Armor"],"picked":"Thunderclap"},{"not_picked":["Fire Breathing","Thunderclap"],"picked":"Dropkick"},{"not_picked":["Sentinel","Twin Strike"],"picked":"Pommel Strike"},{"not_picked":["Cleave","Body Slam"],"picked":"Flame Barrier"},{"not_picked":["Berserk","Exhume"],"picked":"Dark Embrace"},{"not_picked":["Pommel Strike","Body Slam"],"picked":"Disarm"},{"not_picked":["Bloodletting","Power Through"],"picked":"Carnage"},{"not_picked":["Iron Wave","Searing Blow"],"picked":"Dual Wield"},{"not_picked":["Evolve","Combust"],"picked":"Sever Soul"}],"player_experience":294701,"potions_floor_usage":[10,16,19,28,30,30,33,39,41],"damage_taken":[{"damage":6,"enemies":"Cultist","floor":1,"turns":3},{"damage":2,"enemies":"2 Louse","floor":2,"turns":3},{"damage":0,"enemies":"Small Slimes","floor":6,"turns":3},{"damage":39,"enemies":"3 Sentries","floor":10,"turns":6},{"damage":0,"enemies":"3 Louse","floor":13,"turns":3},{"damage":13,"enemies":"Exordium Wildlife","floor":14,"turns":3},{"damage":61,"enemies":"Hexaghost","floor":16,"turns":7},{"damage":16,"enemies":"Chosen","floor":18,"turns":5},{"damage":20,"enemies":"2 Thieves","floor":19,"turns":4},{"damage":29,"enemies":"Centurion and Healer","floor":21,"turns":5},{"damage":44,"enemies":"Slavers","floor":23,"turns":5},{"damage":29,"enemies":"Snake Plant","floor":25,"turns":5},{"damage":19,"enemies":"Slaver and Parasite","floor":28,"turns":6},{"damage":15,"enemies":"Book of Stabbing","floor":30,"turns":6},{"damage":61,"enemies":"Automaton","floor":33,"turns":9},{"damage":29,"enemies":"3 Shapes","floor":35,"turns":5},{"damage":8,"enemies":"Orb Walker","floor":36,"turns":4},{"damage":6,"enemies":"Maw","floor":38,"turns":6},{"damage":67,"enemies":"Mysterious Sphere","floor":39,"turns":5},{"damage":57,"enemies":"Nemesis","floor":41,"turns":9}],"event_choices":[{"event_name":"Golden Idol","player_choice":"Take Damage","floor":3,"damage_taken":0},{"event_name":"Golden Wing","player_choice":"Card Removal","floor":5,"damage_taken":0},{"event_name":"Transmorgrifier","player_choice":"Transform","floor":8,"damage_taken":0},{"event_name":"Vampires","player_choice":"Became a vampire","floor":20,"damage_taken":0},{"event_name":"Back to Basics","player_choice":"Simplicity","floor":27,"damage_taken":0},{"event_name":"Mysterious Sphere","player_choice":"Fight","floor":39,"damage_taken":0}],"boss_relics":[{"not_picked":["Orrery","Philosopher\u0027s Stone"],"picked":"Mark of Pain"},{"not_picked":["Lizard Tail","Cursed Key"],"picked":"Velvet Choker"}],"potions_floor_spawned":[1,13,14,19,23,25,28,36,39],"seed_played":"8334307173119913131","killed_by":"Nemesis","is_trial":false}