{"path_per_floor":["M","?","T","M","M","R","E","M","T","$","E","$","R","?","R","B",null,"M","?","?","$","M"],"character_chosen":"IRONCLAD","items_purchased":["Apotheosis","Burning Pact","Bottled Lightning","Swift Potion","True Grit"],"gold_per_floor":[112,112,112,127,138,138,168,178,259,11,45,45,45,70,70,172,202,222,582,482,55,74],"floor_reached":23,"campfire_rested":0,"playtime":1916,"current_hp_per_floor":[80,80,80,80,80,80,30,43,43,43,54,54,54,55,55,53,85,50,10,10,10,20],"items_purged":["Strike_R"],"gold":74,"play_id":"84ed0f51-520d-4419-9c6c-92d430d0cc6a","is_prod":false,"is_daily":false,"campfire_rituals":0,"campfire_upgraded":3,"is_hardmode":false,"path_taken":["M","?","?","M","M","R","E","M","T","$","E","?","R","?","R","BOSS","M","?","?","$","M","E"],"build_version":"2018-01-18-PROD4","purchased_purges":1,"victory":false,"master_deck":["Strike_R","Strike_R","Strike_R","Defend_R","Defend_R","Defend_R","Defend_R","Bash","Clothesline","Bloodletting","Offering","Armaments","Apotheosis","Burning Pact","Disarm","Exhume","Demon Form","Metallicize","Warcry","J.A.X.","True Grit","Rampage"],"max_hp_per_floor":[80,80,80,80,80,80,80,80,80,80,80,80,80,80,80,80,85,85,85,85,85,85],"relics":["Burning Blood","Calipers","Meat on the Bone","Kunai","Frozen Eye","Odd Mushroom","Tiny House","Bottled Lightning"],"campfire_meditates":0,"card_choices":[{"not_picked":["Thunderclap","Heavy Blade"],"picked":"Clothesline"},{"not_picked":["Corruption","Fire Breathing"],"picked":"Bloodletting"},{"not_picked":["Perfected Strike","Shrug It Off"],"picked":"Offering"},{"not_picked":["Sword Boomerang","Perfected Strike"],"picked":"Armaments"},{"not_picked":["Clothesline","Iron Wave"],"picked":"Disarm"},{"not_picked":["Pommel Strike","Warcry"],"picked":"Exhume"},{"not_picked":["Feed","Double Tap"],"picked":"Demon Form"},{"not_picked":["Armaments","Anger"],"picked":"Metallicize"},{"not_picked":["Shockwave","Armaments"],"picked":"Warcry"},{"not_picked":["Clothesline","Perfected Strike"],"picked":"Rampage"}],"player_experience":333467,"potions_floor_usage":[11,14,18,22,22],"damage_taken":[{"damage":0,"enemies":"Small Slimes","floor":1,"turns":3},{"damage":0,"enemies":"Cultist","floor":4,"turns":3},{"damage":6,"enemies":"2 Louse","floor":5,"turns":2},{"damage":56,"enemies":"3 Sentries","floor":7,"turns":10},{"damage":5,"enemies":"Lots of Slimes","floor":8,"turns":4},{"damage":7,"enemies":"Gremlin Nob","floor":11,"turns":2},{"damage":17,"enemies":"The Mushroom Lair","floor":14,"turns":5},{"damage":20,"enemies":"Hexaghost","floor":16,"turns":9},{"damage":41,"enemies":"2 Thieves","floor":18,"turns":3},{"damage":8,"enemies":"Spheric Guardian","floor":22,"turns":8},{"damage":28,"enemies":"Gremlin Leader","floor":23,"turns":4}],"event_choices":[{"event_name":"Living Wall","player_choice":"Forget","floor":2,"damage_taken":0},{"event_name":"Mushrooms","player_choice":"Fought Mushrooms","floor":14,"damage_taken":0},{"event_name":"Knowing Skull","player_choice":"GOLD GOLD GOLD GOLD ","floor":19,"damage_taken":0},{"event_name":"Drug Dealer","player_choice":"Got JAXXED","floor":20,"damage_taken":0}],"boss_relics":[{"not_picked":["Ectoplasm","White Beast Statue"],"picked":"Tiny House"}],"potions_floor_spawned":[7,11,14,18],"seed_played":"3720627697150525920","killed_by":"Gremlin Leader","is_trial":false}