{"gold_per_floor":[110,185,197,210,210,210,210,243,243,275,275,286,296,169,169,269,269,283,296,296,329,344,344,379,379,379,409,428,428,428,440,440,540,540,553,553,573,583,267,299,309,309,333,333,98,108,122,122],"floor_reached":48,"playtime":4237,"items_purged":["Strike_R","Defend_R"],"score":767,"play_id":"95050ab0-f1f5-4ff0-a88e-cc866d56da4a","local_time":"20190220004326","is_ascension_mode":true,"campfire_choices":[{"data":"Carnage","floor":6,"key":"SMITH"},{"data":"Sword Boomerang","floor":11,"key":"SMITH"},{"data":"Metallicize","floor":15,"key":"SMITH"},{"data":"Inflame","floor":23,"key":"SMITH"},{"floor":25,"key":"REST"},{"data":"Shrug It Off","floor":29,"key":"SMITH"},{"data":"Hemokinesis","floor":32,"key":"SMITH"},{"data":"Juggernaut","floor":42,"key":"SMITH"},{"floor":44,"key":"REST"}],"neow_cost":"NONE","seed_source_timestamp":386406127662710,"circlet_count":0,"master_deck":["Strike_R+1","Defend_R+1","Defend_R","Bash","Carnage+1","Anger","Shrug It Off+1","Evolve+1","Sword Boomerang+1","True Grit+1","Reaper","Flame Barrier+1","Metallicize+1","Feed","Immolate+1","Dropkick+1","Thunderclap+1","Power Through+1","Body Slam+1","Inflame+1","Offering+1","Battle Trance+1","Hemokinesis+1","Limit Break+1","Second Wind+1","Havoc+1","Dark Embrace","Pummel+1","Corruption+1","Flex+1","Sentinel+1","Impervious+1","Juggernaut+1","Sword Boomerang+1","Feel No Pain"],"relics":["Burning Blood","Vajra","Prayer Wheel","Toxic Egg 2","Nunchaku","Astrolabe","Red Mask","Anchor","Unceasing Top","Bottled Lightning","Velvet Choker","Boot","Medical Kit"],"potions_floor_usage":[10,16,22,27,41,48],"damage_taken":[{"damage":7,"enemies":"Jaw Worm","floor":1,"turns":3},{"damage":0,"enemies":"Small Slimes","floor":3,"turns":4},{"damage":3,"enemies":"2 Louse","floor":4,"turns":3},{"damage":14,"enemies":"3 Sentries","floor":8,"turns":8},{"damage":12,"enemies":"Lagavulin","floor":10,"turns":3},{"damage":0,"enemies":"Looter","floor":12,"turns":2},{"damage":16,"enemies":"Gremlin Gang","floor":13,"turns":4},{"damage":13,"enemies":"Hexaghost","floor":16,"turns":9},{"damage":17,"enemies":"Shell Parasite","floor":18,"turns":4},{"damage":25,"enemies":"Chosen","floor":19,"turns":5},{"damage":6,"enemies":"Masked Bandits","floor":21,"turns":3},{"damage":28,"enemies":"Centurion and Healer","floor":22,"turns":5},{"damage":48,"enemies":"Book of Stabbing","floor":24,"turns":5},{"damage":13,"enemies":"Slavers","floor":27,"turns":3},{"damage":6,"enemies":"Snecko","floor":28,"turns":3},{"damage":12,"enemies":"Cultist and Chosen","floor":31,"turns":5},{"damage":47,"enemies":"Automaton","floor":33,"turns":10},{"damage":16,"enemies":"3 Darklings","floor":35,"turns":3},{"damage":6,"enemies":"3 Shapes","floor":37,"turns":2},{"damage":30,"enemies":"Transient","floor":38,"turns":5},{"damage":58,"enemies":"Reptomancer","floor":40,"turns":5},{"damage":23,"enemies":"Spire Growth","floor":41,"turns":4},{"damage":26,"enemies":"Writhing Mass","floor":46,"turns":5},{"damage":6,"enemies":"Sphere and 2 Shapes","floor":47,"turns":5},{"damage":50,"enemies":"Nemesis","floor":48,"turns":4}],"seed_played":"6472610059813414153","potions_obtained":[{"floor":4,"key":"AttackPotion"},{"floor":12,"key":"BloodPotion"},{"floor":13,"key":"GamblersBrew"},{"floor":21,"key":"Regen Potion"},{"floor":24,"key":"LiquidBronze"},{"floor":27,"key":"SpeedPotion"},{"floor":47,"key":"Fire Potion"}],"is_trial":false,"path_per_floor":["M","?","M","M","?","R","?","E","T","E","R","M","M","$","R","B",null,"M","M","?","?","M","R","E","R","T","E","M","R","?","M","R","B",null,"M","?","M","M","$","E","M","R","T","R","$","M","M","E"],"character_chosen":"IRONCLAD","items_purchased":["SteroidPotion","Sentinel+1","Impervious+1","Feel No Pain","Medical Kit"],"campfire_rested":2,"item_purchase_floors":[14,39,39,45,45],"current_hp_per_floor":[71,60,66,69,62,62,46,38,38,32,32,38,33,33,33,31,68,57,41,41,44,51,51,9,34,34,70,78,78,78,75,75,34,75,83,83,92,68,68,47,30,30,30,58,58,38,41,0],"gold":122,"neow_bonus":"THREE_CARDS","is_prod":false,"is_daily":false,"chose_seed":false,"campfire_upgraded":7,"win_rate":0,"timestamp":1550641406,"path_taken":["M","?","M","M","?","R","?","E","T","E","R","M","M","$","R","BOSS","M","M","?","?","M","R","E","R","T","E","M","R","?","M","R","BOSS","M","?","?","?","$","E","M","R","T","R","$","M","M","E"],"build_version":"2019-01-23","purchased_purges":2,"victory":false,"max_hp_per_floor":[80,80,80,80,80,80,80,80,80,80,80,80,80,80,80,80,80,80,83,83,86,86,86,86,86,86,86,86,86,86,89,89,89,89,89,89,92,92,92,95,95,95,95,95,95,95,98,98],"card_choices":[{"not_picked":["Clothesline","Twin Strike"],"picked":"Carnage","floor":0},{"not_picked":["Armaments","Havoc","Warcry"],"picked":"SKIP","floor":1},{"not_picked":["Twin Strike","Searing Blow"],"picked":"Anger","floor":3},{"not_picked":["Body Slam","Heavy Blade"],"picked":"Shrug It Off","floor":4},{"not_picked":["Rage","Feel No Pain"],"picked":"Evolve","floor":8},{"not_picked":["Clothesline","Headbutt"],"picked":"Sword Boomerang","floor":10},{"not_picked":["Shrug It Off+1","Burning Pact+1"],"picked":"True Grit+1","floor":12},{"not_picked":["Whirlwind","Heavy Blade"],"picked":"Reaper","floor":12},{"not_picked":["Cleave","Twin Strike"],"picked":"Flame Barrier+1","floor":13},{"not_picked":["Wild Strike","Body Slam"],"picked":"Metallicize","floor":13},{"not_picked":["Barricade","Exhume+1"],"picked":"Feed","floor":16},{"not_picked":["Burning Pact+1","Anger"],"picked":"Power Through+1","floor":18},{"not_picked":["Shockwave+1","Anger+1"],"picked":"Body Slam+1","floor":18},{"not_picked":["Cleave+1","Carnage"],"picked":"Inflame","floor":19},{"not_picked":["Clothesline+1","Cleave"],"picked":"Offering+1","floor":19},{"not_picked":["Body Slam+1","Shockwave+1"],"picked":"Battle Trance+1","floor":21},{"not_picked":["Clash+1","Pommel Strike"],"picked":"Hemokinesis","floor":22},{"not_picked":["Clash","Second Wind+1","Perfected Strike+1"],"picked":"SKIP","floor":22},{"not_picked":["Perfected Strike","Flex+1"],"picked":"Limit Break+1","floor":24},{"not_picked":["Clothesline","Rampage","Dual Wield+1"],"picked":"SKIP","floor":27},{"not_picked":["Sword Boomerang","Infernal Blade+1"],"picked":"Second Wind+1","floor":28},{"not_picked":["Flex+1","Carnage+1"],"picked":"Havoc+1","floor":28},{"not_picked":["Entrench+1","Headbutt","Armaments+1"],"picked":"SKIP","floor":31},{"not_picked":["Infernal Blade+1","Seeing Red+1","Wild Strike"],"picked":"SKIP","floor":31},{"not_picked":["Feed","Impervious+1"],"picked":"Dark Embrace","floor":33},{"not_picked":["Iron Wave+1","Flex+1","Shrug It Off+1"],"picked":"SKIP","floor":35},{"not_picked":["Wild Strike","Warcry+1","Clash"],"picked":"SKIP","floor":35},{"not_picked":["Wild Strike+1","Second Wind+1"],"picked":"Pummel+1","floor":37},{"not_picked":["Fire Breathing","Iron Wave","Metallicize"],"picked":"SKIP","floor":37},{"not_picked":["Warcry+1","Thunderclap"],"picked":"Corruption+1","floor":38},{"not_picked":["Pommel Strike+1","Body Slam+1"],"picked":"Flex+1","floor":38},{"not_picked":["Iron Wave+1","Havoc+1"],"picked":"Juggernaut","floor":40},{"not_picked":["Pommel Strike","Iron Wave+1"],"picked":"Sword Boomerang+1","floor":41},{"not_picked":["Spot Weakness+1","Burning Pact+1","Inflame+1"],"picked":"SKIP","floor":41},{"not_picked":["Body Slam","Iron Wave","Heavy Blade"],"picked":"SKIP","floor":46},{"not_picked":["Flex+1","Pommel Strike","Dual Wield+1"],"picked":"SKIP","floor":46},{"not_picked":["Spot Weakness+1","Anger","Clothesline+1"],"picked":"SKIP","floor":47},{"not_picked":["Havoc+1","Anger+1","Pommel Strike"],"picked":"SKIP","floor":47}],"player_experience":1612572,"relics_obtained":[{"floor":8,"key":"Prayer Wheel"},{"floor":9,"key":"Toxic Egg 2"},{"floor":10,"key":"Nunchaku"},{"floor":21,"key":"Red Mask"},{"floor":24,"key":"Anchor"},{"floor":26,"key":"Unceasing Top"},{"floor":27,"key":"Bottled Lightning"},{"floor":40,"key":"Boot"}],"event_choices":[{"damage_healed":0,"gold_gain":75,"player_choice":"Gather Gold","damage_taken":11,"max_hp_gain":0,"max_hp_loss":0,"event_name":"World of Goop","floor":2,"gold_loss":0},{"damage_healed":0,"gold_gain":0,"player_choice":"Success","damage_taken":7,"relics_obtained":["Vajra"],"max_hp_gain":0,"max_hp_loss":0,"event_name":"Scrap Ooze","floor":5,"gold_loss":0},{"damage_healed":0,"gold_gain":0,"player_choice":"Entered Light","damage_taken":16,"max_hp_gain":0,"max_hp_loss":0,"event_name":"Shining Light","floor":7,"gold_loss":0,"cards_upgraded":["Strike_R","Defend_R"]},{"damage_healed":0,"gold_gain":0,"player_choice":"Ignored","damage_taken":0,"max_hp_gain":0,"max_hp_loss":0,"event_name":"Vampires","floor":20,"gold_loss":0},{"damage_healed":0,"gold_gain":0,"player_choice":"Fought Bandits","damage_taken":0,"max_hp_gain":0,"max_hp_loss":0,"event_name":"Masked Bandits","floor":21,"gold_loss":0},{"cards_removed":["Strike_R"],"damage_healed":0,"gold_gain":0,"player_choice":"Elegance","damage_taken":0,"max_hp_gain":0,"max_hp_loss":0,"event_name":"Back to Basics","floor":30,"gold_loss":0},{"damage_healed":0,"gold_gain":0,"player_choice":"Forge","damage_taken":0,"max_hp_gain":0,"max_hp_loss":0,"event_name":"Accursed Blacksmith","floor":36,"gold_loss":0,"cards_upgraded":["Evolve"]}],"is_beta":false,"boss_relics":[{"not_picked":["Calling Bell","Empty Cage"],"picked":"Astrolabe"},{"not_picked":["Philosopher\u0027s Stone","Orrery"],"picked":"Velvet Choker"}],"items_purged_floors":[14,39],"is_endless":false,"potions_floor_spawned":[4,12,13,21,24,27,33,37,40,47],"killed_by":"Nemesis","ascension_level":8}