{"gold_per_floor":[109,109,119,119,136,169,187,187,237,269,269,285,296,274,274,373,373,392,317,317,330,346,346,346,346,415,415,491,520,520,520,520,616,616,631,645,645,645,662,692,692,692,715,732,732,732,56,75,75,75],"floor_reached":51,"playtime":4230,"items_purged":["Strike_B"],"score":703,"play_id":"0d9aa2f1-8941-4a30-a65b-92fa59506068","local_time":"20180709231737","is_ascension_mode":false,"campfire_choices":[{"floor":8,"key":"REST"},{"data":"Electrodynamics","floor":15,"key":"SMITH"},{"floor":23,"key":"REST"},{"data":"Chill","floor":25,"key":"SMITH"},{"floor":27,"key":"REST"},{"data":"Dualcast","floor":30,"key":"SMITH"},{"data":"Redo","floor":32,"key":"SMITH"},{"floor":41,"key":"REST"},{"data":"Biased Cognition","floor":45,"key":"SMITH"},{"data":"Fission","floor":49,"key":"SMITH"}],"neow_cost":"","seed_source_timestamp":187243129483480,"circlet_count":0,"master_deck":["Strike_B","Strike_B+1","Defend_B","Defend_B","Defend_B","Defend_B","Zap","Dualcast+1","Tempest","Steam","Chill+1","Electrodynamics+1","Barrage+1","Fission+1","Redo+1","Biased Cognition+1","Streamline+1","All For One","Electrodynamics","Go for the Eyes","Thunder Strike","Dualcast+1","Ball Lightning+1","Stack+1","Master of Strategy+1","Thunder Strike"],"special_seed":17722,"relics":["Cracked Core","Pantograph","Anchor","Blood Vial","Mercury Hourglass","Question Card","Velvet Choker","Bottled Flame","Bottled Tornado","Vajra","Nuclear Battery","Juzu Bracelet","Whetstone","Letter Opener","Bag of Preparation","Toxic Egg 2"],"potions_floor_usage":[],"damage_taken":[{"damage":0,"enemies":"Cultist","floor":1,"turns":3},{"damage":0,"enemies":"Small Slimes","floor":3,"turns":3},{"damage":6,"enemies":"Jaw Worm","floor":5,"turns":3},{"damage":12,"enemies":"3 Sentries","floor":6,"turns":9},{"damage":3,"enemies":"Looter","floor":7,"turns":3},{"damage":26,"enemies":"Lagavulin","floor":10,"turns":7},{"damage":2,"enemies":"3 Louse","floor":12,"turns":2},{"damage":0,"enemies":"2 Fungi Beasts","floor":13,"turns":2},{"damage":60,"enemies":"The Guardian","floor":16,"turns":12},{"damage":0,"enemies":"Chosen","floor":18,"turns":4},{"damage":5,"enemies":"2 Thieves","floor":21,"turns":2},{"damage":31,"enemies":"Snake Plant","floor":22,"turns":4},{"damage":0,"enemies":"Gremlin Leader","floor":29,"turns":5},{"damage":65,"enemies":"Automaton","floor":33,"turns":7},{"damage":0,"enemies":"3 Darklings","floor":35,"turns":2},{"damage":0,"enemies":"Orb Walker","floor":36,"turns":2},{"damage":0,"enemies":"4 Shapes","floor":39,"turns":1},{"damage":46,"enemies":"Nemesis","floor":40,"turns":7},{"damage":0,"enemies":"Sphere and 2 Shapes","floor":44,"turns":1},{"damage":0,"enemies":"3 Darklings","floor":48,"turns":1},{"damage":47,"enemies":"Donu and Deca","floor":50,"turns":6}],"seed_played":"-163716102511872118","potions_obtained":[{"floor":3,"key":"Energy Potion"},{"floor":6,"key":"Strength Potion"},{"floor":12,"key":"Poison Potion"},{"floor":13,"key":"Ancient Potion"},{"floor":22,"key":"Energy Potion"},{"floor":36,"key":"Explosive Potion"},{"floor":48,"key":"Block Potion"}],"is_trial":false,"path_per_floor":["M","?","M","?","M","E","M","R","T","E","?","M","M","?","R","B",null,"M","?","?","M","M","R","?","R","T","R","T","E","R","?","R","B",null,"M","M","?","?","M","E","R","?","T","M","R","T","$","M","R","B"],"character_chosen":"DEFECT","items_purchased":["Bag of Preparation","Toxic Egg 2","Master of Strategy+1"],"campfire_rested":4,"item_purchase_floors":[47,47,47],"current_hp_per_floor":[75,68,68,61,55,43,40,62,62,38,38,38,40,40,40,14,75,75,75,75,70,41,63,49,49,49,73,73,75,75,75,75,15,80,80,80,80,80,80,34,58,58,58,60,60,60,60,62,62,33],"gold":75,"neow_bonus":"","is_prod":false,"is_daily":false,"chose_seed":false,"campfire_upgraded":6,"win_rate":0.0,"timestamp":1531203457,"path_taken":["M","?","M","?","M","E","M","R","T","E","?","?","M","?","R","BOSS","M","?","?","M","M","R","?","R","T","R","?","E","R","?","R","BOSS","M","?","?","?","M","E","R","?","T","M","R","?","$","M","R","BOSS"],"build_version":"2018-07-05","purchased_purges":1,"victory":true,"max_hp_per_floor":[75,75,75,75,75,75,75,75,75,75,75,75,75,75,75,75,75,75,75,75,75,75,75,80,80,80,80,80,80,80,80,80,80,80,80,80,80,80,80,80,80,80,80,80,80,80,80,80,80,80],"card_choices":[{"not_picked":["Gash","Beam Cell"],"picked":"Tempest","floor":1},{"not_picked":["Beam Cell","Streamline","Steam Power"],"picked":"SKIP","floor":3},{"not_picked":["Force Field","Hologram"],"picked":"Steam","floor":5},{"not_picked":["Hologram","Steam Power"],"picked":"Chill","floor":6},{"not_picked":["Double Energy","Steam"],"picked":"Electrodynamics","floor":7},{"not_picked":["Gash","Stack"],"picked":"Barrage","floor":10},{"not_picked":["Scrape","Steam","Redo"],"picked":"Self Repair","floor":12},{"not_picked":["Coolheaded","Cold Snap","Defragment"],"picked":"Capacitor","floor":13},{"not_picked":["Reboot","Machine Learning","Seek"],"picked":"Fission","floor":16},{"not_picked":["Sweeping Beam","Reinforced Body","Rip and Tear"],"picked":"Redo","floor":18},{"not_picked":["Stack+1","Sweeping Beam","Beam Cell","Steam Power"],"picked":"SKIP","floor":21},{"not_picked":["Loop","Stack","Compile Driver"],"picked":"Streamline+1","floor":22},{"not_picked":["Self Repair","Cold Snap","Force Field"],"picked":"All For One","floor":29},{"not_picked":["Reboot","Multi-Cast","Fission"],"picked":"Thunder Strike","floor":33},{"not_picked":["Hologram","Scrape+1","Self Repair+1","Streamline"],"picked":"SKIP","floor":35},{"not_picked":["Hologram+1","Self Repair","Scrape+1","Capacitor+1"],"picked":"SKIP","floor":36},{"not_picked":["Conserve Battery","Coolheaded","Rip and Tear"],"picked":"Ball Lightning+1","floor":39},{"not_picked":["Gash+1","Coolheaded+1","Chill+1","Cold Snap+1"],"picked":"SKIP","floor":40},{"not_picked":["Blizzard+1","Genetic Algorithm","Steam Power"],"picked":"Stack+1","floor":44},{"not_picked":["FTL+1","Genetic Algorithm+1","Compile Driver"],"picked":"Thunder Strike","floor":48}],"player_experience":10921,"relics_obtained":[{"floor":6,"key":"Anchor"},{"floor":9,"key":"Blood Vial"},{"floor":10,"key":"Mercury Hourglass"},{"floor":26,"key":"Bottled Flame"},{"floor":28,"key":"Bottled Tornado"},{"floor":29,"key":"Vajra"},{"floor":40,"key":"Juzu Bracelet"},{"floor":43,"key":"Whetstone"},{"floor":46,"key":"Letter Opener"}],"event_choices":[{"event_name":"Golden Wing","player_choice":"Card Removal","floor":2,"damage_taken":0},{"event_name":"Scrap Ooze","player_choice":"success","floor":4,"damage_taken":7},{"event_name":"Accursed Blacksmith","player_choice":"Rummage","floor":11,"damage_taken":0},{"event_name":"World of Goop","player_choice":"Left","floor":14,"damage_taken":0},{"event_name":"Beggar","player_choice":"Gave Gold","floor":19,"damage_taken":0},{"event_name":"Transmorgrifier","player_choice":"Transform","floor":20,"damage_taken":0},{"event_name":"Forgotten Altar","player_choice":"Shed Blood","floor":24,"damage_taken":0},{"event_name":"Match and Keep!","player_choice":"2 cards matched","floor":31,"damage_taken":0},{"event_name":"Duplicator","player_choice":"One dupe","floor":37,"damage_taken":0},{"event_name":"SecretPortal","player_choice":"Rejected Portal.","floor":38,"damage_taken":0},{"event_name":"Falling","player_choice":"Removed Power","floor":42,"damage_taken":0}],"boss_relics":[{"not_picked":["Runic Dome","Cursed Key"],"picked":"Velvet Choker"},{"not_picked":["Inserter","Astrolabe"],"picked":"Nuclear Battery"}],"items_purged_floors":[47],"is_endless":false,"potions_floor_spawned":[3,6,12,13,22,29,36,39,40,48],"ascension_level":0}