{"path_per_floor":["M","?","M","M","M","R","E","M","T","R","M","M","R","M","R"],"character_chosen":"THE_SILENT","items_purchased":[],"gold_per_floor":[118,118,129,147,167,167,197,217,217,217,231,241,241,254,254,254],"floor_reached":16,"campfire_rested":1,"playtime":1256,"current_hp_per_floor":[63,63,57,57,47,47,1,1,11,35,32,31,31,24,24,0],"items_purged":[],"gold":254,"score":148,"play_id":"ce7172c2-4db2-4e18-8c89-cdbb1633beb5","local_time":"20180504214637","is_prod":false,"is_daily":false,"chose_seed":false,"is_ascension_mode":true,"campfire_upgraded":3,"timestamp":1525484797,"path_taken":["M","?","M","M","M","R","E","M","T","R","M","M","R","M","R","BOSS"],"build_version":"2018-05-03","seed_source_timestamp":256371111748083,"purchased_purges":0,"victory":false,"master_deck":["Defend_G","Defend_G","Defend_G","Defend_G","Defend_G","Strike_G","Strike_G","Strike_G","Strike_G","Strike_G","Survivor","Neutralize+1","Noxious Fumes+1","Calculated Gamble+1","Leg Sweep+1","Crippling Poison","PiercingWail","Dagger Spray","Noxious Fumes"],"max_hp_per_floor":[70,70,70,70,70,70,70,70,80,80,80,80,80,80,80,80],"relics":["Orrery","Happy Flower","Pear"],"card_choices":[{"not_picked":["Deadly Poison","Predator"],"picked":"Noxious Fumes","floor":0},{"not_picked":["Underhanded Strike","Acrobatics"],"picked":"Calculated Gamble","floor":0},{"not_picked":["Skewer","Acrobatics"],"picked":"Leg Sweep","floor":0},{"not_picked":["Underhanded Strike","Catalyst"],"picked":"Crippling Poison","floor":0},{"not_picked":["Leg Sweep","Catalyst"],"picked":"PiercingWail","floor":5},{"not_picked":["Distraction","Reflex"],"picked":"Dagger Spray","floor":8},{"not_picked":["Heel Hook","Bullet Time"],"picked":"Noxious Fumes","floor":14}],"player_experience":467716,"potions_floor_usage":[8,14,16],"damage_taken":[{"damage":0,"enemies":"Cultist","floor":1,"turns":4},{"damage":6,"enemies":"2 Louse","floor":3,"turns":3},{"damage":0,"enemies":"Small Slimes","floor":4,"turns":3},{"damage":10,"enemies":"Gremlin Gang","floor":5,"turns":3},{"damage":46,"enemies":"Gremlin Nob","floor":7,"turns":7},{"damage":0,"enemies":"Large Slime","floor":8,"turns":9},{"damage":3,"enemies":"Exordium Thugs","floor":11,"turns":4},{"damage":1,"enemies":"3 Louse","floor":12,"turns":2},{"damage":7,"enemies":"Lots of Slimes","floor":14,"turns":5},{"damage":26,"enemies":"Slime Boss","floor":16,"turns":8}],"event_choices":[{"event_name":"Upgrade Shrine","player_choice":"Upgraded","floor":2,"damage_taken":0}],"boss_relics":[],"potions_floor_spawned":[4,5,12],"seed_played":"3674325820341122940","killed_by":"Slime Boss","ascension_level":8,"is_trial":false}