{"path_per_floor":["M","M","M","?","?","E","M","R","T","$","M","E","M","M","R","B",null,"M","$","M","?","M","R","M","E","T","?","M","E","$","T","R","B",null,"M","?","M","M","M","R","?","T","T","M","M","$","M","M","R","B"],"character_chosen":"IRONCLAD","items_purchased":["Matryoshka","Madness","Tiny Chest","Flex","Sundial","Metallicize","Dexterity Potion"],"gold_per_floor":[359,378,398,398,398,433,446,446,446,36,48,79,95,114,114,219,219,235,57,74,74,90,90,108,138,161,361,381,408,16,16,16,117,117,134,104,115,132,150,150,150,150,150,164,175,26,39,49,49,49],"floor_reached":51,"campfire_rested":2,"playtime":5305,"current_hp_per_floor":[35,40,46,72,56,35,41,41,41,41,47,34,35,40,40,46,80,61,61,64,64,40,40,40,21,21,21,23,17,17,17,58,12,87,89,89,91,89,71,71,71,71,71,62,68,68,73,54,95,69],"items_purged":["Strike_R","Strike_R"],"gold":49,"play_id":"f00ffb1d-b5ae-459f-a42e-ae1caf1510a9","is_prod":false,"is_daily":false,"campfire_rituals":0,"campfire_upgraded":2,"is_hardmode":false,"path_taken":["M","?","M","?","?","E","M","R","T","$","M","E","M","M","R","BOSS","M","?","?","?","M","R","M","E","T","?","M","E","?","?","R","BOSS","M","?","M","M","M","R","?","?","T","M","?","$","M","M","R","BOSS"],"build_version":"2018-01-11-PROD2","purchased_purges":2,"victory":true,"master_deck":["Strike_R","Strike_R","Strike_R","Defend_R","Defend_R","Defend_R","Defend_R","Bash","Inflame","Armaments","Clash","Rampage","Burning Pact","Madness","Spot Weakness","Ghostly Armor","Battle Trance","Dual Wield","Limit Break","Flame Barrier","Flex","Clash","Shrug It Off","Clash","Heavy Blade","Corruption","Battle Trance","Metallicize","Double Tap","Metallicize","Sentinel","Fire Breathing","Iron Wave"],"max_hp_per_floor":[80,80,80,80,80,80,80,80,80,80,80,80,80,80,80,80,80,80,80,80,80,80,80,80,80,80,80,80,87,87,87,87,87,87,89,89,91,93,93,93,93,93,93,93,93,93,95,95,95,95],"relics":["Burning Blood","Orichalcum","Red Skull","Matryoshka","Girya","Black Star","Tiny Chest","Singing Bowl","Frozen Egg","Omamori","Regal Pillow","Strawberry","Oddly Smooth Stone","Sundial","Whetstone","Gremlin Horn","Cursed Key","Unceasing Top","Du-Vu Doll"],"campfire_meditates":0,"card_choices":[{"not_picked":["Entrench","Pommel Strike"],"picked":"Inflame"},{"not_picked":["Iron Wave","Combust"],"picked":"Armaments"},{"not_picked":["Perfected Strike","Sword Boomerang"],"picked":"Clash"},{"not_picked":["Blood for Blood","Offering"],"picked":"Rampage"},{"not_picked":["Cleave","Dual Wield"],"picked":"Burning Pact"},{"not_picked":["Sword Boomerang","Twin Strike"],"picked":"Spot Weakness"},{"not_picked":["Twin Strike","Brutality"],"picked":"Ghostly Armor"},{"not_picked":["Feel No Pain","Carnage"],"picked":"Battle Trance"},{"not_picked":["Wild Strike","Clothesline"],"picked":"Dual Wield"},{"not_picked":["Fiend Fire","Barricade"],"picked":"Limit Break"},{"not_picked":["Body Slam","Wild Strike"],"picked":"Flame Barrier"},{"not_picked":["Reckless Charge","Dropkick"],"picked":"Clash"},{"not_picked":["Wild Strike","Headbutt"],"picked":"Shrug It Off"},{"not_picked":["Twin Strike","Anger"],"picked":"Clash"},{"not_picked":["Burning Pact","Dual Wield"],"picked":"Heavy Blade"},{"not_picked":["Evolve","Bludgeon"],"picked":"Corruption"},{"not_picked":["Wild Strike","Uppercut"],"picked":"Battle Trance"},{"not_picked":["Bludgeon","Barricade"],"picked":"Double Tap"},{"not_picked":["Anger","Iron Wave"],"picked":"Metallicize"},{"not_picked":["Armaments","Clothesline"],"picked":"Sentinel"},{"not_picked":["Intimidate","Clothesline"],"picked":"Fire Breathing"},{"not_picked":["Shockwave","Headbutt"],"picked":"Iron Wave"}],"player_experience":208429,"potions_floor_usage":[7,11,16,22,28,29,33,37,39,50,50,50],"damage_taken":[{"damage":11,"enemies":"Blue Slaver","floor":1,"turns":5},{"damage":1,"enemies":"Cultist","floor":2,"turns":4},{"damage":0,"enemies":"2 Louse","floor":3,"turns":4},{"damage":27,"enemies":"Gremlin Nob","floor":6,"turns":4},{"damage":0,"enemies":"Exordium Wildlife","floor":7,"turns":3},{"damage":0,"enemies":"3 Louse","floor":11,"turns":3},{"damage":19,"enemies":"3 Sentries","floor":12,"turns":5},{"damage":5,"enemies":"Looter","floor":13,"turns":3},{"damage":1,"enemies":"Large Slime","floor":14,"turns":4},{"damage":0,"enemies":"Hexaghost","floor":16,"turns":9},{"damage":25,"enemies":"2 Thieves","floor":18,"turns":4},{"damage":3,"enemies":"Chosen","floor":20,"turns":7},{"damage":30,"enemies":"3 Cultists","floor":22,"turns":7},{"damage":6,"enemies":"Centurion and Healer","floor":24,"turns":6},{"damage":25,"enemies":"Book of Stabbing","floor":25,"turns":5},{"damage":4,"enemies":"Snecko","floor":28,"turns":5},{"damage":19,"enemies":"Gremlin Leader","floor":29,"turns":3},{"damage":52,"enemies":"Automaton","floor":33,"turns":8},{"damage":0,"enemies":"3 Darklings","floor":35,"turns":5},{"damage":1,"enemies":"3 Shapes","floor":37,"turns":4},{"damage":10,"enemies":"Maw","floor":38,"turns":6},{"damage":24,"enemies":"4 Shapes","floor":39,"turns":6},{"damage":15,"enemies":"Sphere and 2 Shapes","floor":44,"turns":8},{"damage":0,"enemies":"3 Darklings","floor":45,"turns":6},{"damage":3,"enemies":"4 Shapes","floor":47,"turns":6},{"damage":25,"enemies":"Maw","floor":48,"turns":6},{"damage":32,"enemies":"Awakened One","floor":50,"turns":7}],"event_choices":[{"event_name":"Big Fish","player_choice":"Banana","floor":4,"damage_taken":0},{"event_name":"Shining Light","player_choice":"Entered Light","floor":5,"damage_taken":0},{"event_name":"N\u0027loth","player_choice":"Ignored","floor":21,"damage_taken":0},{"event_name":"Wheel of Change","player_choice":"Gold","floor":27,"damage_taken":0},{"event_name":"The Woman in Blue","player_choice":"Bought 2 Potions","floor":36,"damage_taken":0},{"event_name":"Tomb of Lord Red Mask","player_choice":"Ignored","floor":41,"damage_taken":0}],"boss_relics":[{"not_picked":["Lizard Tail","Runic Cube"],"picked":"Black Star"},{"not_picked":["Question Card","Philosopher\u0027s Stone"],"picked":"Cursed Key"}],"potions_floor_spawned":[1,2,13,14,25,28,29,35,38,48],"seed_played":"-6737494032648869500","is_trial":false}