{"path_per_floor":["M","?","$","?","M","R","E","M","T","?","E","R","T","$","R","B",null,"M","?","$","?","M"],"character_chosen":"IRONCLAD","items_purchased":["Peace Pipe","True Grit","Dodecahedron"],"gold_per_floor":[109,109,109,109,122,122,155,172,225,225,552,552,552,143,143,248,248,260,260,3,3,15],"floor_reached":23,"campfire_rested":0,"playtime":2140,"current_hp_per_floor":[72,72,72,72,65,65,51,50,50,50,48,48,62,62,62,24,86,86,70,70,70,56],"items_purged":["Strike_R"],"gold":15,"play_id":"8fa6477b-f47c-4c7c-8549-7d75905355d3","is_prod":false,"is_daily":false,"campfire_rituals":0,"campfire_upgraded":3,"is_hardmode":false,"path_taken":["M","?","?","?","M","R","E","M","T","?","E","R","?","$","R","BOSS","M","?","$","?","M","E"],"build_version":"2018-01-11-PROD2","purchased_purges":1,"victory":false,"master_deck":["Strike_R","Strike_R","Defend_R","Defend_R","Defend_R","Defend_R","Bash","Barricade","Hemokinesis","Armaments","Evolve","Sentinel","Immolate","True Grit","Demon Form","Shrug It Off","Necronomicurse","Ghostly Armor"],"max_hp_per_floor":[72,72,72,72,72,72,72,72,72,72,72,72,86,86,86,86,86,86,86,86,86,86],"relics":["Burning Blood","Prayer Wheel","Blood Vial","Old Coin","Mango","Peace Pipe","Velvet Choker","Necronomicon","Dodecahedron"],"campfire_meditates":0,"card_choices":[{"not_picked":["Exhume","Demon Form"],"picked":"Barricade"},{"not_picked":["Infernal Blade","Fire Breathing"],"picked":"Hemokinesis"},{"not_picked":["Dropkick","Reaper"],"picked":"Armaments"},{"not_picked":["Havoc","Bloodletting"],"picked":"Evolve"},{"not_picked":["Twin Strike","Clash"],"picked":"Sentinel"},{"not_picked":["Evolve","Heavy Blade"],"picked":"Immolate"},{"not_picked":["Juggernaut","Berserk"],"picked":"Demon Form"},{"not_picked":["Clothesline","Blood for Blood"],"picked":"Shrug It Off"},{"not_picked":["Heavy Blade","Rampage"],"picked":"Ghostly Armor"}],"player_experience":204634,"potions_floor_usage":[7,11,16],"damage_taken":[{"damage":2,"enemies":"Small Slimes","floor":1,"turns":5},{"damage":13,"enemies":"Blue Slaver","floor":5,"turns":5},{"damage":20,"enemies":"Gremlin Nob","floor":7,"turns":4},{"damage":7,"enemies":"Jaw Worm","floor":8,"turns":6},{"damage":10,"enemies":"Lagavulin","floor":11,"turns":8},{"damage":46,"enemies":"Slime Boss","floor":16,"turns":13},{"damage":4,"enemies":"Chosen","floor":18,"turns":6},{"damage":22,"enemies":"3 Byrds","floor":22,"turns":10},{"damage":58,"enemies":"Gremlin Leader","floor":23,"turns":10}],"event_choices":[{"event_name":"Match and Keep!","player_choice":"0 cards matched","floor":2,"damage_taken":0},{"event_name":"Bonfire Elementals","player_choice":"BASIC","floor":4,"damage_taken":0},{"event_name":"Living Wall","player_choice":"Forget","floor":10,"damage_taken":0},{"event_name":"Cursed Tome","player_choice":"Obtained Book","floor":19,"damage_taken":0},{"event_name":"Back to Basics","player_choice":"Simplicity","floor":21,"damage_taken":0}],"boss_relics":[{"not_picked":["Pandora\u0027s Box","Ectoplasm"],"picked":"Velvet Choker"}],"potions_floor_spawned":[5,8,11],"seed_played":"1117696368585208260","killed_by":"Gremlin Leader","is_trial":false}