{"gold_per_floor":[119,69,86,100,114,143,143,169,169,195,208,208,231,156,156,257,257,269,269,269,279,179,195,195,227,251,251,265,265,275,305,305,401,401,424,449,509,521,533,545,572,584,596,608],"floor_reached":44,"playtime":3520,"items_purged":["Zap","Strike_B"],"score":536,"play_id":"c7c492c0-4c37-4ee4-8fba-a97be4da0c32","local_time":"20181003230225","is_ascension_mode":true,"campfire_choices":[{"data":"Glacier","floor":7,"key":"SMITH"},{"floor":12,"key":"REST"},{"data":"FTL","floor":15,"key":"SMITH"},{"data":"Blizzard","floor":24,"key":"SMITH"},{"data":"Ball Lightning","floor":29,"key":"SMITH"},{"floor":32,"key":"REST"},{"data":"Electrodynamics","floor":40,"key":"SMITH"},{"data":"Sweeping Beam","floor":42,"key":"SMITH"}],"neow_cost":"NONE","seed_source_timestamp":310189244035243,"circlet_count":0,"master_deck":["Strike_B","Strike_B","Defend_B","Defend_B","Defend_B","Defend_B","Steam","FTL+1","Glacier+1","Blizzard+1","Sweeping Beam+1","Buffer+1","Electrodynamics+1","Ball Lightning+1","Sweeping Beam+1","Clumsy","Barrage+1"],"relics":["Cracked Core","Centennial Puzzle","Omamori","Oddly Smooth Stone","Anchor","Gremlin Horn","Odd Mushroom","Busted Crown","Toxic Egg 2","Blood Vial","Pen Nib","Calling Bell","MawBank","Dodecahedron","Unceasing Top","WingedGreaves","Darkstone Periapt"],"potions_floor_usage":[8,8,16,16,41],"damage_taken":[{"damage":7,"enemies":"Jaw Worm","floor":1,"turns":2},{"damage":0,"enemies":"Small Slimes","floor":3,"turns":3},{"damage":0,"enemies":"2 Louse","floor":4,"turns":3},{"damage":0,"enemies":"2 Fungi Beasts","floor":5,"turns":4},{"damage":17,"enemies":"3 Sentries","floor":6,"turns":8},{"damage":16,"enemies":"Lagavulin","floor":8,"turns":13},{"damage":5,"enemies":"3 Sentries","floor":10,"turns":8},{"damage":5,"enemies":"Gremlin Gang","floor":11,"turns":2},{"damage":3,"enemies":"The Mushroom Lair","floor":13,"turns":3},{"damage":22,"enemies":"Slime Boss","floor":16,"turns":13},{"damage":15,"enemies":"3 Byrds","floor":18,"turns":6},{"damage":0,"enemies":"Shell Parasite","floor":21,"turns":8},{"damage":4,"enemies":"Snake Plant","floor":23,"turns":6},{"damage":9,"enemies":"Book of Stabbing","floor":25,"turns":7},{"damage":0,"enemies":"Chosen and Byrds","floor":28,"turns":4},{"damage":14,"enemies":"Sentry and Sphere","floor":30,"turns":4},{"damage":18,"enemies":"Gremlin Leader","floor":31,"turns":5},{"damage":20,"enemies":"Collector","floor":33,"turns":11},{"damage":0,"enemies":"3 Darklings","floor":35,"turns":3},{"damage":1,"enemies":"Orb Walker","floor":36,"turns":4},{"damage":8,"enemies":"Mysterious Sphere","floor":37,"turns":5},{"damage":14,"enemies":"Maw","floor":41,"turns":8},{"damage":85,"enemies":"Giant Head","floor":44,"turns":8}],"seed_played":"7330150603484635964","potions_obtained":[{"floor":1,"key":"Swift Potion"},{"floor":5,"key":"Strength Potion"},{"floor":8,"key":"AttackPotion"},{"floor":10,"key":"Swift Potion"},{"floor":16,"key":"Dexterity Potion"},{"floor":25,"key":"Poison Potion"},{"floor":28,"key":"FocusPotion"},{"floor":37,"key":"PowerPotion"}],"is_trial":false,"path_per_floor":["M","?","M","M","M","E","R","E","T","E","M","R","?","$","R","B",null,"M","?","?","M","$","M","R","E","T","?","M","R","M","E","R","B",null,"M","M","?","?","?","R","M","R","T"],"character_chosen":"DEFECT","items_purchased":[],"campfire_rested":2,"item_purchase_floors":[],"current_hp_per_floor":[68,68,68,68,68,51,51,35,35,30,25,47,44,44,44,22,75,60,60,60,60,60,56,56,47,47,47,49,49,37,21,43,25,75,75,74,67,67,67,67,55,55,55,0],"gold":608,"neow_bonus":"RANDOM_COMMON_RELIC","is_prod":false,"is_daily":false,"chose_seed":false,"campfire_upgraded":6,"win_rate":0,"timestamp":1538625745,"path_taken":["M","?","M","M","M","E","R","E","T","E","M","R","?","?","R","BOSS","M","?","?","M","$","M","R","E","T","?","?","R","M","E","R","BOSS","M","M","?","?","?","R","M","R","T","E"],"build_version":"2018-09-27","purchased_purges":2,"victory":false,"max_hp_per_floor":[75,75,75,75,75,75,75,75,75,75,75,75,75,75,75,75,75,75,75,75,75,75,75,75,75,75,75,75,75,75,75,75,75,75,75,75,75,71,71,71,71,71,71,71],"card_choices":[{"not_picked":["Aggregate","Coolheaded"],"picked":"Steam","floor":1},{"not_picked":["Double Energy","Turbo"],"picked":"FTL","floor":3},{"not_picked":["Hologram","Genetic Algorithm"],"picked":"Glacier","floor":4},{"not_picked":["BootSequence","Redo"],"picked":"Blizzard","floor":5},{"not_picked":["Barrage","Seek"],"picked":"Sweeping Beam","floor":6},{"not_picked":["Streamline","Beam Cell","Stack"],"picked":"SKIP","floor":8},{"not_picked":["Streamline","Reprogram","Darkness"],"picked":"SKIP","floor":10},{"not_picked":["White Noise","Sweeping Beam","Hologram"],"picked":"SKIP","floor":11},{"not_picked":["Biased Cognition","Thunder Strike"],"picked":"Buffer","floor":16},{"not_picked":["Steam"],"picked":"SKIP","floor":18},{"not_picked":[],"picked":"Ball Lightning","floor":21},{"not_picked":[],"picked":"Sweeping Beam+1","floor":23},{"not_picked":["Streamline"],"picked":"SKIP","floor":25},{"not_picked":["Steam+1"],"picked":"SKIP","floor":28},{"not_picked":["Defragment"],"picked":"SKIP","floor":30},{"not_picked":["Turbo+1"],"picked":"SKIP","floor":31},{"not_picked":["Consume+1"],"picked":"SKIP","floor":35},{"not_picked":[],"picked":"Barrage+1","floor":36},{"not_picked":["Self Repair"],"picked":"SKIP","floor":41}],"player_experience":98658,"relics_obtained":[{"floor":6,"key":"Omamori"},{"floor":8,"key":"Oddly Smooth Stone"},{"floor":9,"key":"Anchor"},{"floor":10,"key":"Gremlin Horn"},{"floor":13,"key":"Odd Mushroom"},{"floor":25,"key":"Toxic Egg 2"},{"floor":26,"key":"Blood Vial"},{"floor":31,"key":"Pen Nib"},{"floor":34,"key":"MawBank"},{"floor":34,"key":"Dodecahedron"},{"floor":34,"key":"Unceasing Top"},{"floor":37,"key":"WingedGreaves"},{"floor":43,"key":"Darkstone Periapt"}],"event_choices":[{"event_name":"The Cleric","player_choice":"Card Removal","floor":2,"damage_taken":0},{"event_name":"Mushrooms","player_choice":"Fought Mushrooms","floor":13,"damage_taken":0},{"event_name":"Transmorgrifier","player_choice":"Transform","floor":19,"damage_taken":0},{"event_name":"Upgrade Shrine","player_choice":"Upgraded","floor":20,"damage_taken":0},{"event_name":"The Woman in Blue","player_choice":"Bought 0 Potions","floor":27,"damage_taken":0},{"event_name":"Mysterious Sphere","player_choice":"Fight","floor":37,"damage_taken":0},{"event_name":"Winding Halls","player_choice":"Max HP","floor":38,"damage_taken":0},{"event_name":"Tomb of Lord Red Mask","player_choice":"Ignored","floor":39,"damage_taken":0}],"is_beta":false,"boss_relics":[{"not_picked":["Tiny House","Inserter"],"picked":"Busted Crown"},{"not_picked":["Snecko Eye","Coffee Dripper"],"picked":"Calling Bell"}],"items_purged_floors":[14,22],"is_endless":false,"potions_floor_spawned":[1,5,8,10,16,25,28,31,33,35,37],"killed_by":"Giant Head","ascension_level":3}