{"gold_per_floor":[109,109,127,142,156,187,207,234,234,263,138,163,178,178,178,280,280,299,299,312,332,347,381,381,411,411,53,53,68,68,97,97,197,197,214,231,231,249,299,324,336,373,385,416,428,454,491,0,0,0],"floor_reached":51,"playtime":3893,"items_purged":["Strike_R","Strike_R"],"score":867,"play_id":"dfbe21e9-5c2a-4d3e-9775-8aa23090d20e","local_time":"20180802215405","is_ascension_mode":true,"campfire_choices":[{"data":"Heavy Blade","floor":15,"key":"SMITH"},{"data":"Heavy Blade","floor":24,"key":"SMITH"},{"data":"1","floor":28,"key":"LIFT"},{"data":"2","floor":32,"key":"LIFT"},{"data":"3","floor":41,"key":"LIFT"},{"data":"Limit Break","floor":49,"key":"SMITH"}],"neow_cost":"TEN_PERCENT_HP_LOSS","seed_source_timestamp":282601377076238,"circlet_count":0,"master_deck":["Strike_R","Strike_R","Strike_R","Defend_R","Defend_R+1","Defend_R","Defend_R","Bash","Shrug It Off+1","Inflame","Dual Wield","Flex","Spot Weakness","Immolate","Heavy Blade+1","Reaper","Heavy Blade+1","Intimidate+1","Power Through+1","Metallicize","Headbutt+1","Double Tap","Metallicize","Metallicize","Disarm","Limit Break+1","Evolve"],"relics":["Burning Blood","Mango","Boot","Meat on the Bone","Sundial","Girya","Magic Flower","Sozu","Regal Pillow","Calipers","Thread and Needle","Lee\u0027s Waffle","Lantern","Happy Flower","Busted Crown","Turnip","MawBank","Smiling Mask","Letter Opener","Red Skull","OrangePellets"],"potions_floor_usage":[8,10,12,13,18],"damage_taken":[{"damage":8,"enemies":"Small Slimes","floor":1,"turns":3},{"damage":0,"enemies":"2 Louse","floor":3,"turns":3},{"damage":0,"enemies":"Cultist","floor":4,"turns":4},{"damage":12,"enemies":"3 Louse","floor":5,"turns":6},{"damage":24,"enemies":"Gremlin Nob","floor":6,"turns":4},{"damage":16,"enemies":"Exordium Thugs","floor":7,"turns":7},{"damage":20,"enemies":"3 Sentries","floor":8,"turns":8},{"damage":20,"enemies":"Gremlin Nob","floor":10,"turns":5},{"damage":8,"enemies":"Lagavulin","floor":12,"turns":7},{"damage":0,"enemies":"Gremlin Gang","floor":13,"turns":2},{"damage":45,"enemies":"Hexaghost","floor":16,"turns":9},{"damage":12,"enemies":"Shell Parasite","floor":18,"turns":4},{"damage":22,"enemies":"2 Thieves","floor":20,"turns":4},{"damage":51,"enemies":"Slaver and Parasite","floor":21,"turns":7},{"damage":10,"enemies":"Chosen and Byrds","floor":22,"turns":6},{"damage":40,"enemies":"Book of Stabbing","floor":23,"turns":5},{"damage":66,"enemies":"Slavers","floor":25,"turns":6},{"damage":0,"enemies":"Snecko","floor":29,"turns":3},{"damage":8,"enemies":"Gremlin Leader","floor":31,"turns":6},{"damage":54,"enemies":"Collector","floor":33,"turns":9},{"damage":0,"enemies":"3 Darklings","floor":35,"turns":2},{"damage":17,"enemies":"Flame Bruiser 1 Orb","floor":36,"turns":5},{"damage":28,"enemies":"4 Shapes","floor":38,"turns":3},{"damage":11,"floor":39,"turns":4},{"damage":32,"enemies":"Giant Head","floor":40,"turns":8},{"damage":24,"enemies":"2 Orb Walkers","floor":42,"turns":3},{"damage":6,"enemies":"Transient","floor":44,"turns":5},{"damage":6,"enemies":"Spire Growth","floor":46,"turns":4},{"damage":43,"enemies":"Giant Head","floor":47,"turns":9},{"damage":31,"enemies":"Time Eater","floor":50,"turns":10}],"seed_played":"-835184413254741518","potions_obtained":[{"floor":4,"key":"SmokeBomb"},{"floor":6,"key":"LiquidBronze"},{"floor":8,"key":"EssenceOfSteel"},{"floor":12,"key":"Fruit Juice"},{"floor":16,"key":"Poison Potion"}],"is_trial":false,"path_per_floor":["M","?","M","M","M","E","M","E","T","E","$","E","M","?","R","B",null,"M","?","M","M","M","E","R","E","T","$","R","M","$","E","R","B",null,"M","M","?","M","?","E","R","E","T","M","?","M","E","$","R","B"],"character_chosen":"IRONCLAD","items_purchased":["Block Potion","Lee\u0027s Waffle","Lantern","Limit Break","Evolve","OrangePellets"],"campfire_rested":0,"item_purchase_floors":[11,27,27,48,48,48],"current_hp_per_floor":[84,67,73,79,73,55,45,31,31,29,29,39,56,91,91,55,91,88,88,75,62,75,58,58,40,40,98,98,98,98,98,98,71,98,98,90,90,79,98,75,75,90,90,98,98,98,81,81,81,88],"gold":0,"neow_bonus":"ONE_RARE_RELIC","is_prod":false,"is_daily":false,"chose_seed":false,"campfire_upgraded":3,"win_rate":0,"timestamp":1533236045,"path_taken":["M","?","M","M","M","E","M","E","T","E","$","E","M","?","R","BOSS","M","?","?","M","M","E","R","E","T","?","R","M","$","E","R","BOSS","M","M","?","M","?","E","R","E","T","?","?","M","E","$","R","BOSS"],"build_version":"2018-07-26","purchased_purges":2,"victory":true,"max_hp_per_floor":[86,86,86,86,86,86,86,86,86,86,86,86,91,91,91,91,91,91,91,91,91,91,91,91,91,91,98,98,98,98,98,98,98,98,98,98,98,98,98,98,98,98,98,98,98,98,98,98,98,98],"card_choices":[{"not_picked":["Wild Strike","Rupture"],"picked":"Shrug It Off","floor":1},{"not_picked":["Anger","Warcry"],"picked":"Inflame","floor":3},{"not_picked":["Thunderclap","Dropkick"],"picked":"Dual Wield","floor":4},{"not_picked":["Armaments","Warcry"],"picked":"Flex","floor":5},{"not_picked":["Twin Strike","Perfected Strike","Sever Soul"],"picked":"SKIP","floor":6},{"not_picked":["Twin Strike","Perfected Strike","Sever Soul"],"picked":"SKIP","floor":6},{"not_picked":["Wild Strike","Clothesline"],"picked":"Spot Weakness","floor":7},{"not_picked":["Rage","Armaments"],"picked":"Immolate","floor":8},{"not_picked":["Intimidate","Entrench"],"picked":"Heavy Blade","floor":10},{"not_picked":["Wild Strike","Anger","Thunderclap"],"picked":"SKIP","floor":12},{"not_picked":["Wild Strike","Hemokinesis"],"picked":"Disarm","floor":13},{"not_picked":["Berserk","Juggernaut"],"picked":"Reaper","floor":16},{"not_picked":["Anger","Twin Strike"],"picked":"Heavy Blade","floor":18},{"not_picked":["Wild Strike","Body Slam"],"picked":"Intimidate+1","floor":20},{"not_picked":["Wild Strike+1","Sentinel","Sever Soul"],"picked":"SKIP","floor":21},{"not_picked":["Dual Wield","Shrug It Off","Heavy Blade"],"picked":"SKIP","floor":22},{"not_picked":["Entrench","Wild Strike+1"],"picked":"Power Through+1","floor":23},{"not_picked":["Havoc","Sentinel"],"picked":"Metallicize","floor":25},{"not_picked":["Headbutt","Armaments","Cleave+1"],"picked":"SKIP","floor":29},{"not_picked":["Clash+1","Iron Wave"],"picked":"Headbutt+1","floor":31},{"not_picked":["Barricade","Berserk"],"picked":"Double Tap","floor":33},{"not_picked":["Perfected Strike+1"],"picked":"SKIP","floor":35},{"not_picked":[],"picked":"Reckless Charge","floor":36},{"not_picked":[],"picked":"Metallicize","floor":38},{"not_picked":["Headbutt+1"],"picked":"SKIP","floor":40},{"not_picked":[],"picked":"Disarm","floor":42},{"not_picked":["Havoc+1"],"picked":"SKIP","floor":44},{"not_picked":["Clash+1"],"picked":"SKIP","floor":46},{"not_picked":["Entrench"],"picked":"SKIP","floor":47}],"player_experience":159026,"relics_obtained":[{"floor":6,"key":"Boot"},{"floor":8,"key":"Meat on the Bone"},{"floor":9,"key":"Sundial"},{"floor":10,"key":"Girya"},{"floor":12,"key":"Magic Flower"},{"floor":23,"key":"Regal Pillow"},{"floor":25,"key":"Calipers"},{"floor":26,"key":"Thread and Needle"},{"floor":31,"key":"Happy Flower"},{"floor":39,"key":"Turnip"},{"floor":40,"key":"MawBank"},{"floor":42,"key":"Smiling Mask"},{"floor":43,"key":"Letter Opener"},{"floor":47,"key":"Red Skull"}],"event_choices":[{"event_name":"Shining Light","player_choice":"Entered Light","floor":2,"damage_taken":0},{"event_name":"Bonfire Elementals","player_choice":"UNCOMMON","floor":14,"damage_taken":0},{"event_name":"Vampires","player_choice":"Ignored","floor":19,"damage_taken":0},{"event_name":"Transmorgrifier","player_choice":"Transform","floor":37,"damage_taken":0},{"event_name":"Mysterious Sphere","player_choice":"Fight","floor":39,"damage_taken":0},{"event_name":"Tomb of Lord Red Mask","player_choice":"Ignored","floor":45,"damage_taken":0}],"is_beta":false,"boss_relics":[{"not_picked":["Runic Cube","Mark of Pain"],"picked":"Sozu"},{"not_picked":["Black Blood","Black Star"],"picked":"Busted Crown"}],"items_purged_floors":[11,48],"is_endless":false,"potions_floor_spawned":[4,6,8,12,16,21,22,23,29,33,42,44,46,47],"ascension_level":1}