{"path_per_floor":["M","M","$","M","M","R","M","R","T","R","M","R","?","M","R","B",null,"M","?","M","?","?","R","?","M","T","E","M","M","R","M","R","B",null,"M","$","M","M","?","R","E","M","T","R","?","?","M","M","R","B"],"character_chosen":"THE_SILENT","items_purchased":["Footwork","Dagger Throw","Thread and Needle"],"gold_per_floor":[118,134,0,20,40,40,53,53,53,53,72,72,72,86,86,182,182,199,99,117,117,117,117,117,129,129,160,180,194,194,205,205,308,308,325,12,25,36,36,36,61,73,98,98,0,0,13,26,26,26],"floor_reached":51,"campfire_rested":0,"playtime":6145,"current_hp_per_floor":[70,70,70,70,69,69,69,69,69,69,69,69,62,62,62,51,70,70,70,39,23,70,70,49,49,49,51,34,36,36,57,57,33,57,57,57,59,61,61,61,59,63,63,63,63,53,63,65,65,65],"items_purged":[],"gold":26,"play_id":"0ce70ffe-413b-47cf-9874-b12a6e72463f","is_prod":false,"is_daily":false,"is_ascension_mode":true,"campfire_upgraded":11,"path_taken":["M","M","$","M","M","R","M","R","T","R","M","R","?","M","R","BOSS","M","?","?","?","?","R","?","M","T","E","?","M","R","M","R","BOSS","M","$","M","M","?","R","E","M","T","R","?","?","?","M","R","BOSS"],"build_version":"2018-01-25-PROD3","purchased_purges":0,"victory":true,"master_deck":["Defend_G","Defend_G","Defend_G","Defend_G","Defend_G","Survivor","Neutralize+1","Phantasmal Killer+1","Backflip+1","Footwork+1","Blur+1","Predator+1","Burst+1","Acrobatics+1","J.A.X.+1","Bite_G","Bite_G","Bite_G","Bite_G","Bite_G","Well Laid Plans+1","Tactician+1","Flying Knee+1","Infinite Blades+1","Madness","Madness","Backflip+1"],"max_hp_per_floor":[70,70,70,70,70,70,70,70,70,70,70,70,70,70,70,70,70,70,70,70,70,70,70,49,49,49,51,53,55,55,57,57,57,57,57,57,59,61,61,61,61,63,63,63,63,63,63,65,65,65],"relics":["Ring of the Snake","White Beast Statue","Enchiridion","Regal Pillow","Singing Bowl","Runic Dome","Thread and Needle","Smiling Mask","Toxic Egg","Red Mask"],"card_choices":[{"not_picked":["Deadly Poison","Deflect"],"picked":"Phantasmal Killer"},{"not_picked":["Blur","Acrobatics"],"picked":"Backflip"},{"not_picked":["PiercingWail","Prepared"],"picked":"Blur"},{"not_picked":["Concentrate","Backflip"],"picked":"Predator"},{"not_picked":["Venomology","Doppelganger"],"picked":"Burst"},{"not_picked":["Noxious Fumes","Dodge and Roll"],"picked":"Acrobatics"},{"not_picked":["Terror","Underhanded Strike"],"picked":"Infinite Blades"},{"not_picked":["Accuracy","Slice"],"picked":"Well Laid Plans"},{"not_picked":["Corpse Explosion","Envenom"],"picked":"Tactician"},{"not_picked":["Distraction","Blade Dance"],"picked":"Flying Knee"},{"not_picked":["Choke","Masterful Stab"],"picked":"Infinite Blades"},{"not_picked":["PiercingWail","Prepared"],"picked":"Backflip"}],"player_experience":282321,"potions_floor_usage":[5,16,20,27,27,27,29,33,33,33,38,41,48,50,50,50],"damage_taken":[{"damage":0,"enemies":"Cultist","floor":1,"turns":4},{"damage":0,"enemies":"Small Slimes","floor":2,"turns":4},{"damage":0,"enemies":"Jaw Worm","floor":4,"turns":6},{"damage":1,"enemies":"Exordium Wildlife","floor":5,"turns":5},{"damage":0,"enemies":"2 Fungi Beasts","floor":7,"turns":4},{"damage":0,"enemies":"Looter","floor":11,"turns":4},{"damage":0,"enemies":"Red Slaver","floor":14,"turns":5},{"damage":11,"enemies":"Slime Boss","floor":16,"turns":20},{"damage":0,"enemies":"Shell Parasite","floor":18,"turns":7},{"damage":31,"enemies":"2 Thieves","floor":20,"turns":5},{"damage":3,"enemies":"Snecko","floor":25,"turns":5},{"damage":18,"enemies":"Slavers","floor":27,"turns":11},{"damage":33,"enemies":"3 Cultists","floor":28,"turns":8},{"damage":12,"enemies":"Snake Plant","floor":29,"turns":7},{"damage":26,"enemies":"Slaver and Parasite","floor":31,"turns":27},{"damage":42,"enemies":"Collector","floor":33,"turns":13},{"damage":6,"enemies":"3 Shapes","floor":35,"turns":7},{"damage":6,"enemies":"3 Darklings","floor":37,"turns":5},{"damage":6,"enemies":"4 Shapes","floor":38,"turns":8},{"damage":12,"enemies":"Giant Head","floor":41,"turns":10},{"damage":7,"enemies":"Maw","floor":42,"turns":7},{"damage":0,"enemies":"Sphere and 2 Shapes","floor":47,"turns":5},{"damage":3,"enemies":"3 Darklings","floor":48,"turns":4},{"damage":19,"enemies":"Awakened One","floor":50,"turns":13}],"event_choices":[{"event_name":"Golden Wing","player_choice":"Card Removal","floor":13,"damage_taken":0},{"event_name":"Drug Dealer","player_choice":"Got JAXXED","floor":19,"damage_taken":0},{"event_name":"Cursed Tome","player_choice":"Obtained Book","floor":21,"damage_taken":0},{"event_name":"Bonfire Elementals","player_choice":"UNCOMMON","floor":22,"damage_taken":0},{"event_name":"Vampires","player_choice":"Became a vampire","floor":24,"damage_taken":0},{"event_name":"Tomb of Lord Red Mask","player_choice":"Paid","floor":45,"damage_taken":0},{"event_name":"Winding Halls","player_choice":"Embrace Madness","floor":46,"damage_taken":0}],"boss_relics":[{"not_picked":["Tiny House","Calling Bell"],"picked":"White Beast Statue"},{"not_picked":["Philosopher\u0027s Stone","Astrolabe"],"picked":"Runic Dome"}],"potions_floor_spawned":[4,5,16,18,20,25,27,28,29,31,33,35,37,38,41,42,47,48],"seed_played":"-5210449793963254340","ascension_level":1,"is_trial":false}