{"gold_per_floor":[112,130,130,150,150,150,477,487,565],"floor_reached":9,"playtime":413,"items_purged":[],"score":63,"play_id":"fce12c6a-a87e-4e13-a05a-3baed1c921a0","local_time":"20190224004216","is_ascension_mode":false,"campfire_choices":[{"data":"Perfected Strike","floor":6,"key":"SMITH"}],"neow_cost":"NONE","seed_source_timestamp":15699267619819,"circlet_count":0,"master_deck":["Strike_R","Strike_R","Strike_R","Strike_R","Defend_R","Defend_R","Defend_R","Defend_R","Bash","Havoc","Perfected Strike+1","Uppercut","Shrug It Off"],"relics":["Burning Blood","NeowsBlessing","Old Coin","Self Forming Clay"],"potions_floor_usage":[],"damage_taken":[{"damage":0,"enemies":"Cultist","floor":1,"turns":1},{"damage":0,"enemies":"Jaw Worm","floor":2,"turns":1},{"damage":0,"enemies":"2 Louse","floor":4,"turns":1},{"damage":48,"enemies":"3 Sentries","floor":7,"turns":11},{"damage":8,"enemies":"Exordium Wildlife","floor":8,"turns":4}],"seed_played":"4554972060287977357","potions_obtained":[{"floor":4,"key":"LiquidBronze"},{"floor":7,"key":"BloodPotion"}],"is_trial":false,"path_per_floor":["M","M","?","M","?","R","E","M","T"],"character_chosen":"IRONCLAD","items_purchased":[],"campfire_rested":0,"item_purchase_floors":[],"current_hp_per_floor":[80,80,85,85,78,78,36,34,34],"gold":565,"neow_bonus":"THREE_ENEMY_KILL","is_prod":false,"is_daily":false,"chose_seed":false,"campfire_upgraded":1,"win_rate":0,"timestamp":1550961736,"path_taken":["M","?","?","M","?","R","E","M","T"],"build_version":"2019-01-23","purchased_purges":0,"victory":false,"max_hp_per_floor":[80,80,85,85,85,85,85,85,85],"card_choices":[{"not_picked":["Clash","Combust"],"picked":"Havoc","floor":1},{"not_picked":["Headbutt","Iron Wave"],"picked":"Perfected Strike","floor":2},{"not_picked":["Headbutt","Wild Strike"],"picked":"Uppercut","floor":4},{"not_picked":["Perfected Strike","Shockwave"],"picked":"Shrug It Off","floor":7},{"not_picked":["Brutality","Clothesline","Clash"],"picked":"SKIP","floor":8}],"player_experience":496415,"relics_obtained":[{"floor":7,"key":"Old Coin"},{"floor":9,"key":"Self Forming Clay"}],"event_choices":[{"damage_healed":0,"gold_gain":0,"player_choice":"Donut","damage_taken":0,"max_hp_gain":5,"max_hp_loss":0,"event_name":"Big Fish","floor":3,"gold_loss":0},{"cards_removed":["Strike_R"],"damage_healed":0,"gold_gain":0,"player_choice":"Card Removal","damage_taken":7,"max_hp_gain":0,"max_hp_loss":0,"event_name":"Golden Wing","floor":5,"gold_loss":0}],"is_beta":false,"boss_relics":[],"items_purged_floors":[],"is_endless":false,"potions_floor_spawned":[4,7],"ascension_level":0}