{"gold_per_floor":[117,132,24,42,59,59,82,82,106,106,122,152,163,163,163,163],"floor_reached":16,"playtime":707,"items_purged":[],"score":194,"play_id":"cf8af231-db65-453e-9034-72e33ac4a1a0","local_time":"20190215093449","is_ascension_mode":true,"campfire_choices":[{"data":"Streamline","floor":6,"key":"SMITH"},{"data":"Glacier","floor":8,"key":"SMITH"},{"floor":10,"key":"REST"},{"floor":15,"key":"REST"}],"neow_cost":"NONE","seed_source_timestamp":1986565593588354,"circlet_count":0,"master_deck":["AscendersBane","Strike_B","Strike_B","Strike_B","Defend_B","Defend_B","Defend_B","Defend_B","Zap","Dualcast","Heatsinks","Consume","Leap","Glacier+1","Streamline+1","Self Repair","Conserve Battery","Reinforced Body","Ball Lightning","Doom and Gloom"],"relics":["Cracked Core","Odd Mushroom","Art of War","Strawberry"],"potions_floor_usage":[11],"damage_taken":[{"damage":4,"enemies":"Small Slimes","floor":1,"turns":3},{"damage":4,"enemies":"2 Louse","floor":2,"turns":3},{"damage":10,"enemies":"Jaw Worm","floor":4,"turns":3},{"damage":17,"enemies":"Lots of Slimes","floor":5,"turns":6},{"damage":19,"enemies":"The Mushroom Lair","floor":7,"turns":7},{"damage":11,"enemies":"Gremlin Gang","floor":11,"turns":5},{"damage":16,"enemies":"3 Sentries","floor":12,"turns":8},{"damage":17,"enemies":"Exordium Wildlife","floor":13,"turns":6},{"damage":39,"enemies":"Slime Boss","floor":16,"turns":9}],"seed_played":"6844415413076482697","potions_obtained":[{"floor":1,"key":"Energy Potion"},{"floor":5,"key":"SpeedPotion"},{"floor":7,"key":"AttackPotion"}],"is_trial":false,"path_per_floor":["M","M","$","M","M","R","?","R","T","R","M","E","M","?","R","B"],"character_chosen":"DEFECT","items_purchased":["Glacier","Streamline"],"campfire_rested":2,"item_purchase_floors":[3,3],"current_hp_per_floor":[60,56,56,46,36,36,24,24,24,45,34,32,15,15,38,0],"gold":163,"neow_bonus":"TRANSFORM_CARD","is_prod":false,"is_daily":false,"chose_seed":false,"campfire_upgraded":2,"win_rate":0,"timestamp":1550190889,"path_taken":["M","M","$","M","M","R","?","R","T","R","M","E","M","?","R","BOSS"],"build_version":"2019-01-23","purchased_purges":0,"victory":false,"max_hp_per_floor":[71,71,71,71,71,71,71,71,71,71,71,78,78,78,78,78],"card_choices":[{"not_picked":["Coolheaded","Static Discharge"],"picked":"Consume","floor":1},{"not_picked":["Steam","Hologram"],"picked":"Leap","floor":2},{"not_picked":["Sweeping Beam","Melter"],"picked":"Self Repair","floor":4},{"not_picked":["Coolheaded","Undo"],"picked":"Conserve Battery","floor":5},{"not_picked":["Rainbow","Conserve Battery"],"picked":"Reinforced Body","floor":7},{"not_picked":["Coolheaded","Chill"],"picked":"Ball Lightning","floor":11},{"not_picked":["Leap","Recycle"],"picked":"Doom and Gloom","floor":12},{"not_picked":["Compile Driver","Lockon","Rebound"],"picked":"SKIP","floor":13}],"player_experience":538653,"relics_obtained":[{"floor":7,"key":"Odd Mushroom"},{"floor":9,"key":"Art of War"},{"floor":12,"key":"Strawberry"}],"event_choices":[{"damage_healed":0,"gold_gain":0,"player_choice":"Fought Mushrooms","damage_taken":0,"max_hp_gain":0,"max_hp_loss":0,"event_name":"Mushrooms","floor":7,"gold_loss":0},{"damage_healed":0,"gold_gain":0,"player_choice":"Ignored","damage_taken":0,"max_hp_gain":0,"max_hp_loss":0,"event_name":"Shining Light","floor":14,"gold_loss":0}],"is_beta":false,"boss_relics":[],"items_purged_floors":[],"is_endless":false,"potions_floor_spawned":[1,5,7],"killed_by":"Slime Boss","ascension_level":18}