{"gold_per_floor":[116,41,41,59,59,59,122,138,165,165,188,221,241,241,241,372,372,388,388],"floor_reached":19,"playtime":1528,"items_purged":["Strike_R"],"score":202,"play_id":"7bce0bc8-c742-4c06-9747-7fab5e6b140b","local_time":"20190220025045","is_ascension_mode":false,"campfire_choices":[{"data":"Uppercut","floor":6,"key":"SMITH"},{"data":"Inflame","floor":10,"key":"SMITH"},{"data":"Bash","floor":15,"key":"SMITH"}],"neow_cost":"NONE","seed_source_timestamp":36625758416273,"circlet_count":0,"master_deck":["Strike_R","Strike_R","Strike_R","Strike_R","Defend_R","Defend_R","Defend_R","Defend_R","Bash+1","Uppercut+1","Ghostly Armor","Reckless Charge","Inflame+1","Brutality","Reaper+1","Decay","Blood for Blood+1"],"relics":["Burning Blood","NeowsBlessing","Golden Idol","PreservedInsect","Tiny Chest","Dream Catcher","Omamori","Molten Egg 2","Calling Bell","Vajra","Mummified Hand","Calipers"],"potions_floor_usage":[],"damage_taken":[{"damage":0,"enemies":"Jaw Worm","floor":1,"turns":1},{"damage":0,"enemies":"Small Slimes","floor":4,"turns":1},{"damage":0,"enemies":"Lagavulin","floor":7,"turns":1},{"damage":1,"enemies":"2 Louse","floor":8,"turns":4},{"damage":7,"enemies":"Large Slime","floor":11,"turns":7},{"damage":18,"enemies":"3 Sentries","floor":12,"turns":6},{"damage":2,"enemies":"Blue Slaver","floor":13,"turns":3},{"damage":39,"enemies":"Hexaghost","floor":16,"turns":11},{"damage":40,"enemies":"Shell Parasite","floor":18,"turns":8}],"seed_played":"-4486985641133304011","potions_obtained":[{"floor":1,"key":"Block Potion"},{"floor":8,"key":"SteroidPotion"},{"floor":12,"key":"Block Potion"},{"floor":16,"key":"Dexterity Potion"},{"floor":18,"key":"Fire Potion"}],"is_trial":false,"path_per_floor":["M","$","?","M","?","R","E","M","T","R","M","E","M","T","R","B",null,"M","$"],"character_chosen":"IRONCLAD","items_purchased":[],"campfire_rested":0,"item_purchase_floors":[],"current_hp_per_floor":[80,80,74,74,67,67,73,74,74,74,73,61,65,65,65,32,74,53,53],"gold":388,"neow_bonus":"THREE_ENEMY_KILL","is_prod":false,"is_daily":false,"chose_seed":false,"campfire_upgraded":3,"win_rate":0,"timestamp":1550623845,"path_taken":["M","$","?","M","?","R","E","M","T","R","M","E","M","?","R","BOSS","M","$"],"build_version":"2019-01-23","purchased_purges":1,"victory":false,"max_hp_per_floor":[80,80,74,74,74,74,74,74,74,74,74,74,74,74,74,74,74,74,74],"card_choices":[{"not_picked":["Iron Wave","Sentinel"],"picked":"Uppercut","floor":1},{"not_picked":["Evolve","Intimidate"],"picked":"Ghostly Armor","floor":4},{"not_picked":["Intimidate","Sever Soul"],"picked":"Reckless Charge","floor":7},{"not_picked":["Blood for Blood","Hemokinesis"],"picked":"Inflame","floor":8},{"not_picked":["Clash","Heavy Blade","Anger"],"picked":"SKIP","floor":11},{"not_picked":["Sword Boomerang","Perfected Strike"],"picked":"Brutality","floor":12},{"not_picked":["True Grit","Shockwave","Pommel Strike"],"picked":"SKIP","floor":13},{"not_picked":["Double Tap","Exhume"],"picked":"Reaper+1","floor":16},{"not_picked":["Havoc","Twin Strike+1"],"picked":"Blood for Blood+1","floor":18}],"player_experience":435738,"relics_obtained":[{"floor":7,"key":"Tiny Chest"},{"floor":9,"key":"Dream Catcher"},{"floor":12,"key":"Omamori"},{"floor":14,"key":"Molten Egg 2"},{"floor":17,"key":"Vajra"},{"floor":17,"key":"Mummified Hand"},{"floor":17,"key":"Calipers"}],"event_choices":[{"damage_healed":0,"gold_gain":0,"player_choice":"Lose Max HP","damage_taken":0,"relics_obtained":["Golden Idol"],"max_hp_gain":0,"max_hp_loss":6,"event_name":"Golden Idol","floor":3,"gold_loss":0},{"damage_healed":0,"gold_gain":0,"player_choice":"Success","damage_taken":7,"relics_obtained":["PreservedInsect"],"max_hp_gain":0,"max_hp_loss":0,"event_name":"Scrap Ooze","floor":5,"gold_loss":0}],"is_beta":false,"boss_relics":[{"not_picked":["Ectoplasm","Mark of Pain"],"picked":"Calling Bell"}],"items_purged_floors":[2],"is_endless":false,"potions_floor_spawned":[1,8,12,16,18],"ascension_level":0}