{"gold_per_floor":[117,134,152,152,164,164,193,203,258,293,307,317,328,353,353,458,458,477,477,477,402,172,172],"floor_reached":23,"playtime":1420,"items_purged":["Strike_R"],"score":323,"play_id":"51325d40-8f66-4e15-b3d7-93e0cbe6ea0d","local_time":"20190220200809","is_ascension_mode":true,"campfire_choices":[{"data":"Perfected Strike","floor":6,"key":"SMITH"},{"floor":15,"key":"REST"}],"neow_cost":"NONE","seed_source_timestamp":459107405492550,"circlet_count":0,"master_deck":["Strike_R","Strike_R","Strike_R","Strike_R","Defend_R","Defend_R","Defend_R","Bash","Perfected Strike","Headbutt","Shrug It Off","Perfected Strike+1","Anger","Sword Boomerang","Demon Form","Shrug It Off","Ghostly","Ghostly","Ghostly","Ghostly","Ghostly","Corruption","True Grit","Shrug It Off"],"relics":["Burning Blood","Potion Belt","Sundial","Ancient Tea Set","Tiny Chest","Vajra","Meat on the Bone","Mark of Pain","MutagenicStrength"],"potions_floor_usage":[16,18,23],"damage_taken":[{"damage":1,"enemies":"Cultist","floor":1,"turns":3},{"damage":0,"enemies":"2 Louse","floor":2,"turns":2},{"damage":2,"enemies":"Jaw Worm","floor":3,"turns":3},{"damage":12,"enemies":"Looter","floor":5,"turns":3},{"damage":31,"enemies":"3 Sentries","floor":7,"turns":9},{"damage":0,"enemies":"2 Fungi Beasts","floor":8,"turns":3},{"damage":16,"enemies":"Gremlin Nob","floor":10,"turns":3},{"damage":13,"enemies":"Exordium Wildlife","floor":11,"turns":3},{"damage":0,"enemies":"Large Slime","floor":12,"turns":3},{"damage":11,"enemies":"Looter","floor":13,"turns":3},{"damage":20,"enemies":"3 Sentries","floor":14,"turns":6},{"damage":4,"enemies":"Slime Boss","floor":16,"turns":4},{"damage":28,"enemies":"3 Byrds","floor":18,"turns":7},{"damage":43,"enemies":"Book of Stabbing","floor":23,"turns":8}],"seed_played":"-4486952333637798339","potions_obtained":[{"floor":2,"key":"Fire Potion"},{"floor":5,"key":"Dexterity Potion"},{"floor":11,"key":"Block Potion"},{"floor":14,"key":"EssenceOfSteel"},{"floor":16,"key":"Strength Potion"},{"floor":18,"key":"AttackPotion"}],"is_trial":false,"path_per_floor":["M","M","M","?","M","R","E","M","T","E","M","M","M","E","R","B",null,"M","?","?","?","$","E"],"character_chosen":"IRONCLAD","items_purchased":["Corruption","True Grit","Shrug It Off"],"campfire_rested":1,"item_purchase_floors":[22,22,22],"current_hp_per_floor":[77,80,80,77,71,71,46,52,52,42,35,41,36,22,46,48,72,50,50,40,40,40,0],"gold":172,"neow_bonus":"RANDOM_COMMON_RELIC","is_prod":false,"is_daily":false,"chose_seed":false,"campfire_upgraded":1,"win_rate":0,"timestamp":1550711289,"path_taken":["M","M","?","?","M","R","E","M","T","E","M","M","M","E","R","BOSS","M","?","?","?","$","E"],"build_version":"2019-01-23","purchased_purges":1,"victory":false,"max_hp_per_floor":[80,80,80,80,80,80,80,80,80,80,80,80,80,80,80,80,80,80,80,40,40,40,40],"card_choices":[{"not_picked":["Twin Strike","Carnage"],"picked":"Perfected Strike","floor":1},{"not_picked":["Clash","Shockwave"],"picked":"Headbutt","floor":2},{"not_picked":["True Grit","Armaments"],"picked":"Shrug It Off","floor":3},{"not_picked":["Sword Boomerang","True Grit"],"picked":"Perfected Strike","floor":5},{"not_picked":["True Grit","Berserk","Flex"],"picked":"SKIP","floor":7},{"not_picked":["Reckless Charge","Flex"],"picked":"Anger","floor":8},{"not_picked":["Havoc","Clash"],"picked":"Sword Boomerang","floor":10},{"not_picked":["Thunderclap","Armaments","Havoc"],"picked":"SKIP","floor":11},{"not_picked":["Intimidate","Body Slam","Sword Boomerang"],"picked":"SKIP","floor":12},{"not_picked":["Cleave","Headbutt","Dual Wield"],"picked":"SKIP","floor":13},{"not_picked":["Intimidate","Havoc","Headbutt"],"picked":"SKIP","floor":14},{"not_picked":["Barricade","Immolate"],"picked":"Demon Form","floor":16},{"not_picked":["Rampage","Sword Boomerang"],"picked":"Shrug It Off","floor":18}],"player_experience":1616809,"relics_obtained":[{"floor":7,"key":"Ancient Tea Set"},{"floor":9,"key":"Tiny Chest"},{"floor":10,"key":"Vajra"},{"floor":14,"key":"Meat on the Bone"}],"event_choices":[{"damage_healed":0,"gold_gain":0,"player_choice":"Success","damage_taken":3,"relics_obtained":["Sundial"],"max_hp_gain":0,"max_hp_loss":0,"event_name":"Scrap Ooze","floor":4,"gold_loss":0},{"damage_healed":0,"gold_gain":0,"player_choice":"Inject Mutagens","damage_taken":0,"relics_obtained":["MutagenicStrength"],"max_hp_gain":0,"max_hp_loss":0,"event_name":"Drug Dealer","floor":19,"gold_loss":0},{"damage_healed":0,"gold_gain":0,"player_choice":"Became a Ghost","damage_taken":0,"max_hp_gain":0,"max_hp_loss":40,"event_name":"Ghosts","floor":20,"gold_loss":0,"cards_obtained":["Ghostly","Ghostly","Ghostly","Ghostly","Ghostly"]},{"cards_removed":["Defend_R"],"damage_healed":0,"gold_gain":0,"player_choice":"Gave Gold","damage_taken":0,"max_hp_gain":0,"max_hp_loss":0,"event_name":"Beggar","floor":21,"gold_loss":75}],"is_beta":false,"boss_relics":[{"not_picked":["Lizard Tail","Cursed Key"],"picked":"Mark of Pain"}],"items_purged_floors":[22],"is_endless":false,"potions_floor_spawned":[2,5,11,14,16,18],"killed_by":"Book of Stabbing","ascension_level":8}