{"gold_per_floor":[118,118,138,151,161,161,173,173,218,243,243,270,283,81,81,185,185,196,209,225,81,81],"floor_reached":22,"playtime":1231,"items_purged":["Defend_G"],"score":248,"play_id":"1ce729d5-86eb-4fa5-8a46-ae438f4b31b6","local_time":"20190220183409","is_ascension_mode":true,"campfire_choices":[{"data":"Noxious Fumes","floor":6,"key":"SMITH"},{"data":"Neutralize","floor":8,"key":"SMITH"},{"data":"Dagger Throw","floor":11,"key":"SMITH"},{"data":"Bane","floor":15,"key":"SMITH"}],"neow_cost":"NONE","seed_source_timestamp":302386490864300,"circlet_count":0,"master_deck":["Defend_G","Defend_G","Defend_G","Defend_G","Strike_G","Strike_G","Strike_G","Strike_G","Survivor","Neutralize+1","Dagger Throw+1","Escape Plan","PiercingWail","Flying Knee","Noxious Fumes+1","Deflect","After Image","Poisoned Stab","Bane+1","Finisher","Deflect","Burst","Underhanded Strike","Deadly Poison+1","Dash","Doppelganger"],"relics":["Eternal Feather","Orichalcum","Ninja Scroll","Regal Pillow","HoveringKite"],"potions_floor_usage":[20],"damage_taken":[{"damage":2,"enemies":"2 Louse","floor":1,"turns":4},{"damage":7,"enemies":"Small Slimes","floor":3,"turns":6},{"damage":3,"enemies":"Jaw Worm","floor":4,"turns":6},{"damage":3,"enemies":"3 Louse","floor":5,"turns":6},{"damage":1,"enemies":"Looter","floor":7,"turns":4},{"damage":23,"enemies":"Lagavulin","floor":10,"turns":9},{"damage":12,"enemies":"Gremlin Nob","floor":12,"turns":4},{"damage":0,"enemies":"2 Fungi Beasts","floor":13,"turns":2},{"damage":25,"enemies":"Hexaghost","floor":16,"turns":10},{"damage":24,"enemies":"Shell Parasite","floor":18,"turns":5},{"damage":22,"enemies":"3 Byrds","floor":19,"turns":6},{"damage":17,"enemies":"Centurion and Healer","floor":20,"turns":6}],"seed_played":"5935698515560840078","potions_obtained":[{"floor":3,"key":"Strength Potion"},{"floor":7,"key":"EssenceOfSteel"},{"floor":10,"key":"GhostInAJar"},{"floor":18,"key":"Regen Potion"}],"is_trial":false,"path_per_floor":["M","?","M","M","M","R","M","R","T","E","R","E","M","$","R","B",null,"M","M","M","$","?"],"character_chosen":"THE_SILENT","items_purchased":["Finisher","Deflect","Doppelganger"],"campfire_rested":0,"item_purchase_floors":[14,14,21],"current_hp_per_floor":[68,68,61,58,55,64,63,70,70,47,56,44,44,44,56,31,60,36,14,11,11,0],"gold":81,"neow_bonus":"BOSS_RELIC","is_prod":false,"is_daily":false,"chose_seed":false,"campfire_upgraded":4,"win_rate":0,"timestamp":1550684049,"path_taken":["M","?","M","M","M","R","M","R","T","E","R","E","M","$","R","BOSS","M","M","M","$","?"],"build_version":"2019-01-23","purchased_purges":1,"victory":false,"max_hp_per_floor":[70,70,70,70,70,70,70,70,70,70,70,70,70,70,70,70,70,70,70,70,70,75],"card_choices":[{"not_picked":["Dash","Bane"],"picked":"Dagger Throw","floor":1},{"not_picked":["Concentrate","Slice"],"picked":"PiercingWail","floor":3},{"not_picked":["Dagger Spray","Prepared"],"picked":"Flying Knee","floor":4},{"not_picked":["Masterful Stab","Backflip"],"picked":"Noxious Fumes","floor":5},{"not_picked":["Crippling Poison","Outmaneuver"],"picked":"Deflect","floor":7},{"not_picked":["Dagger Spray","Quick Slash"],"picked":"After Image","floor":10},{"not_picked":["Choke","Glass Knife"],"picked":"Poisoned Stab","floor":12},{"not_picked":["Flechettes","Underhanded Strike"],"picked":"Bane","floor":13},{"not_picked":["Grand Finale","Wraith Form v2"],"picked":"Burst","floor":16},{"not_picked":["Heel Hook","Slice"],"picked":"Underhanded Strike","floor":18},{"not_picked":["Flying Knee","Flechettes"],"picked":"Deadly Poison+1","floor":19},{"not_picked":["Poisoned Stab","Heel Hook"],"picked":"Dash","floor":20}],"player_experience":332457,"relics_obtained":[{"floor":9,"key":"Orichalcum"},{"floor":10,"key":"Ninja Scroll"},{"floor":12,"key":"Regal Pillow"}],"event_choices":[{"damage_healed":0,"gold_gain":0,"cards_transformed":["Strike_G"],"player_choice":"Change","damage_taken":0,"max_hp_gain":0,"max_hp_loss":0,"event_name":"Living Wall","floor":2,"gold_loss":0,"cards_obtained":["Escape Plan"]}],"is_beta":false,"boss_relics":[{"not_picked":["White Beast Statue","Velvet Choker"],"picked":"HoveringKite"}],"items_purged_floors":[14],"is_endless":false,"potions_floor_spawned":[3,7,10,13,18],"ascension_level":5}