{"gold_per_floor":[111,131,131,150,167,167,181,191,218,218,249,265,279,279],"floor_reached":14,"playtime":598,"items_purged":[],"score":120,"play_id":"b2e30dcb-9e3f-4f9e-9cd8-df1de21ad8c8","local_time":"20181031215031","is_ascension_mode":true,"campfire_choices":[{"floor":6,"key":"REST"},{"floor":10,"key":"REST"}],"neow_cost":"PERCENT_DAMAGE","seed_source_timestamp":1072000657737358,"circlet_count":0,"master_deck":["Strike_B","Defend_B","Defend_B","Defend_B","Defend_B","Zap","Dualcast","Gash","Steam","Cold Snap","Blizzard"],"relics":["Cracked Core","Bronze Scales","DataDisk"],"potions_floor_usage":[5,11,11,14],"damage_taken":[{"damage":11,"enemies":"2 Louse","floor":1,"turns":3},{"damage":10,"enemies":"Small Slimes","floor":2,"turns":3},{"damage":2,"enemies":"Jaw Worm","floor":4,"turns":3},{"damage":19,"enemies":"Lots of Slimes","floor":5,"turns":4},{"damage":6,"enemies":"Looter","floor":7,"turns":3},{"damage":5,"enemies":"Blue Slaver","floor":8,"turns":3},{"damage":36,"enemies":"Gremlin Nob","floor":11,"turns":5},{"damage":0,"enemies":"2 Fungi Beasts","floor":12,"turns":3},{"damage":5,"enemies":"Exordium Wildlife","floor":13,"turns":6},{"damage":12,"enemies":"3 Sentries","floor":14,"turns":2}],"seed_played":"-4093473837640546120","potions_obtained":[{"floor":4,"key":"AttackPotion"},{"floor":5,"key":"SteroidPotion"},{"floor":8,"key":"Fire Potion"},{"floor":13,"key":"LiquidBronze"}],"is_trial":false,"path_per_floor":["M","M","?","M","M","R","M","M","T","R","E","M","M"],"character_chosen":"DEFECT","items_purchased":[],"campfire_rested":2,"item_purchase_floors":[],"current_hp_per_floor":[43,33,33,31,12,34,28,23,23,45,9,9,4,0],"gold":279,"neow_bonus":"REMOVE_TWO","is_prod":false,"is_daily":false,"chose_seed":false,"campfire_upgraded":0,"win_rate":0,"timestamp":1541040631,"path_taken":["M","M","?","M","M","R","M","M","T","R","E","M","?","E"],"build_version":"2018-10-25v2","purchased_purges":0,"victory":false,"max_hp_per_floor":[75,75,75,75,75,75,75,75,75,75,75,75,75,75],"card_choices":[{"not_picked":["Go for the Eyes","Compile Driver","Consume"],"picked":"SKIP","floor":1},{"not_picked":["Melter","Undo"],"picked":"Gash","floor":2},{"not_picked":["Sweeping Beam","Undo","Stack"],"picked":"SKIP","floor":4},{"not_picked":["Beam Cell","Rebound"],"picked":"Steam","floor":5},{"not_picked":["Redo","Leap","Steam"],"picked":"SKIP","floor":7},{"not_picked":["Auto Shields","Stack","Undo"],"picked":"SKIP","floor":8},{"not_picked":["Steam","Multi-Cast","Compile Driver"],"picked":"SKIP","floor":11},{"not_picked":["Coolheaded","Ball Lightning"],"picked":"Cold Snap","floor":12},{"not_picked":["Rip and Tear","Rebound"],"picked":"Blizzard","floor":13}],"player_experience":151600,"relics_obtained":[{"floor":9,"key":"Bronze Scales"},{"floor":11,"key":"DataDisk"}],"event_choices":[{"cards_removed":["Strike_B"],"damage_healed":0,"gold_gain":0,"player_choice":"Forget","damage_taken":0,"max_hp_gain":0,"max_hp_loss":0,"event_name":"Living Wall","floor":3,"gold_loss":0}],"is_beta":false,"boss_relics":[],"items_purged_floors":[],"is_endless":false,"potions_floor_spawned":[4,5,8,13],"killed_by":"3 Sentries","ascension_level":5}