{"gold_per_floor":[119,132,149,149,5,5,18,18,18,34,34,34,34,54,54,149,149,163,182,192,0,11,11,11,11,34,34,52,68,85,103,103,103],"floor_reached":33,"playtime":1354,"items_purged":[],"score":389,"play_id":"048ea423-bf81-41d8-a248-e02a7babfcde","local_time":"20180930011746","is_ascension_mode":true,"campfire_choices":[{"data":"Cloak And Dagger","floor":6,"key":"SMITH"},{"data":"Predator","floor":11,"key":"SMITH"},{"data":"Accuracy","floor":13,"key":"SMITH"},{"data":"Cloak And Dagger","floor":15,"key":"SMITH"},{"floor":23,"key":"REST"},{"data":"Wraith Form v2","floor":25,"key":"SMITH"},{"floor":27,"key":"REST"},{"floor":32,"key":"REST"}],"neow_cost":"NONE","seed_source_timestamp":12380793946538,"circlet_count":0,"master_deck":["Survivor","Neutralize","AscendersBane","Infinite Blades","Dagger Spray","Cloak And Dagger+1","Accuracy+1","Predator+1","Bouncing Flask","Blade Dance","Dash","Cloak And Dagger+1","Wraith Form v2+1","Terror","Acrobatics","Backstab","Slice","Deadly Poison","Choke","PiercingWail","Expertise","Prepared","Skewer","Dodge and Roll+1","Blur","Backflip","Cloak And Dagger+1"],"relics":["Sozu","Singing Bowl","Pandora\u0027s Box","Regal Pillow"],"potions_floor_usage":[],"damage_taken":[{"damage":0,"enemies":"2 Louse","floor":1,"turns":3},{"damage":0,"enemies":"Cultist","floor":2,"turns":5},{"damage":3,"enemies":"Jaw Worm","floor":3,"turns":4},{"damage":9,"enemies":"Red Slaver","floor":7,"turns":3},{"damage":4,"enemies":"Looter","floor":10,"turns":3},{"damage":6,"enemies":"Large Slime","floor":14,"turns":4},{"damage":17,"enemies":"Slime Boss","floor":16,"turns":8},{"damage":15,"enemies":"3 Byrds","floor":18,"turns":4},{"damage":19,"enemies":"2 Thieves","floor":19,"turns":3},{"damage":5,"enemies":"Centurion and Healer","floor":20,"turns":4},{"damage":12,"enemies":"3 Cultists","floor":22,"turns":5},{"damage":30,"enemies":"Shelled Parasite and Fungi","floor":28,"turns":4},{"damage":0,"enemies":"Snecko","floor":29,"turns":3},{"damage":0,"enemies":"3 Cultists","floor":30,"turns":5},{"damage":25,"enemies":"Centurion and Healer","floor":31,"turns":5},{"damage":57,"enemies":"Champ","floor":33,"turns":9}],"seed_played":"-4288386067217778612","potions_obtained":[],"is_trial":false,"path_per_floor":["M","M","M","?","$","R","M","$","T","M","R","?","R","M","R","B",null,"M","M","M","?","M","R","?","R","T","R","M","M","M","M","R"],"character_chosen":"THE_SILENT","items_purchased":["Predator","Bouncing Flask"],"campfire_rested":3,"item_purchase_floors":[5,5],"current_hp_per_floor":[63,63,60,60,60,60,51,51,51,47,47,47,47,41,41,24,59,46,29,24,24,12,34,34,34,34,71,41,43,43,18,55,0],"gold":103,"neow_bonus":"BOSS_RELIC","is_prod":false,"is_daily":false,"chose_seed":false,"campfire_upgraded":5,"win_rate":0,"timestamp":1538284666,"path_taken":["M","M","M","?","$","R","?","$","T","M","R","?","R","M","R","BOSS","M","M","M","?","M","R","?","R","T","R","M","?","?","M","R","BOSS"],"build_version":"2018-09-27","purchased_purges":0,"victory":false,"max_hp_per_floor":[70,70,70,70,70,70,70,70,70,70,70,70,70,70,70,70,70,72,74,74,74,74,74,74,74,74,74,74,76,76,76,76,76],"card_choices":[{"not_picked":["Finisher","Blade Dance"],"picked":"Infinite Blades","floor":1},{"not_picked":["Deflect","Bane"],"picked":"Dagger Spray","floor":2},{"not_picked":["Deflect","Flechettes"],"picked":"Cloak And Dagger","floor":3},{"not_picked":["Acrobatics","Cloak And Dagger"],"picked":"Blade Dance","floor":7},{"not_picked":["Blade Dance","Quick Slash"],"picked":"Dash","floor":10},{"not_picked":["Outmaneuver","Bane"],"picked":"Cloak And Dagger","floor":14},{"not_picked":["A Thousand Cuts","Die Die Die"],"picked":"Wraith Form v2","floor":16},{"not_picked":["Flying Knee+1","Choke","Dodge and Roll"],"picked":"Singing Bowl","floor":18},{"not_picked":["Blade Dance","Distraction","Acrobatics"],"picked":"Singing Bowl","floor":19},{"not_picked":["Dash","Poisoned Stab"],"picked":"Skewer","floor":20},{"not_picked":["Masterful Stab","Blade Dance"],"picked":"Dodge and Roll+1","floor":22},{"not_picked":["Envenom","Leg Sweep"],"picked":"Blur","floor":28},{"not_picked":["Finisher","Infinite Blades","Riddle With Holes"],"picked":"Singing Bowl","floor":29},{"not_picked":["Deadly Poison","Bane+1"],"picked":"Backflip","floor":30},{"not_picked":["Underhanded Strike+1","Predator"],"picked":"Cloak And Dagger+1","floor":31}],"player_experience":623579,"relics_obtained":[{"floor":9,"key":"Singing Bowl"},{"floor":26,"key":"Regal Pillow"}],"event_choices":[{"event_name":"Transmorgrifier","player_choice":"Transform","floor":4,"damage_taken":0},{"event_name":"Liars Game","player_choice":"disagreed","floor":12,"damage_taken":0},{"event_name":"Masked Bandits","player_choice":"Paid Fearfully","floor":21,"damage_taken":0},{"event_name":"The Mausoleum","player_choice":"No","floor":24,"damage_taken":0}],"is_beta":false,"boss_relics":[{"not_picked":["Tiny House","Eternal Feather"],"picked":"Pandora\u0027s Box"}],"items_purged_floors":[],"is_endless":false,"potions_floor_spawned":[1,10,14,18,20,31],"killed_by":"Champ","ascension_level":12}