{"gold_per_floor":[114,131,3,15,15,15,15,15,15,28,48,65,65,97,97,169,169,181,195,195,78,96,96,96,107,156,156,156,186,186,202,202,202],"floor_reached":33,"playtime":1318,"items_purged":[],"score":521,"play_id":"3ebac81c-0148-4aa2-a57a-1cee45f35faa","local_time":"20190304101420","is_ascension_mode":true,"campfire_choices":[{"floor":6,"key":"REST"},{"data":"Riddle With Holes","floor":8,"key":"SMITH"},{"floor":13,"key":"REST"},{"data":"Crippling Poison","floor":15,"key":"SMITH"},{"floor":23,"key":"REST"},{"floor":28,"key":"REST"},{"data":"Noxious Fumes","floor":30,"key":"SMITH"},{"floor":32,"key":"REST"}],"neow_cost":"PERCENT_DAMAGE","seed_source_timestamp":448053699496582,"circlet_count":0,"master_deck":["AscendersBane","Defend_G","Defend_G","Defend_G","Defend_G","Defend_G","Strike_G+1","Strike_G","Strike_G+1","Strike_G","Survivor","Neutralize","Violence","Bandage Up","Escape Plan","Cloak And Dagger","All Out Attack","Riddle With Holes+1","PiercingWail","Escape Plan","Crippling Poison+1","Adrenaline","Leg Sweep+1","Bouncing Flask","Noxious Fumes+1","Predator","Prepared","PiercingWail"],"relics":["Ring of the Serpent","Mercury Hourglass","Pantograph","Bronze Scales","Centennial Puzzle","Whetstone"],"potions_floor_usage":[10,11,14,14,29,29],"damage_taken":[{"damage":13,"enemies":"Cultist","floor":1,"turns":5},{"damage":8,"enemies":"Small Slimes","floor":2,"turns":4},{"damage":4,"enemies":"Jaw Worm","floor":4,"turns":4},{"damage":0,"enemies":"Exordium Wildlife","floor":10,"turns":2},{"damage":0,"enemies":"Lots of Slimes","floor":11,"turns":2},{"damage":1,"enemies":"Large Slime","floor":12,"turns":5},{"damage":36,"enemies":"Lagavulin","floor":14,"turns":7},{"damage":27,"enemies":"The Guardian","floor":16,"turns":15},{"damage":40,"enemies":"Spheric Guardian","floor":18,"turns":7},{"damage":0,"enemies":"3 Byrds","floor":19,"turns":2},{"damage":22,"enemies":"Shelled Parasite and Fungi","floor":22,"turns":7},{"damage":18,"enemies":"Sentry and Sphere","floor":25,"turns":7},{"damage":7,"enemies":"Slavers","floor":29,"turns":4},{"damage":0,"enemies":"3 Cultists","floor":31,"turns":4},{"damage":66,"enemies":"Champ","floor":33,"turns":12}],"seed_played":"1823191400317978832","potions_obtained":[{"floor":10,"key":"AttackPotion"},{"floor":11,"key":"Weak Potion"},{"floor":12,"key":"PowerPotion"},{"floor":16,"key":"GhostInAJar"},{"floor":20,"key":"SkillPotion"},{"floor":25,"key":"Strength Potion"}],"is_trial":false,"path_per_floor":["M","M","$","M","?","R","$","R","T","M","M","M","R","E","R","B",null,"M","M","?","$","M","R","?","M","T","?","R","E","R","M","R","B"],"character_chosen":"THE_SILENT","items_purchased":["All Out Attack","Fire Potion","Noxious Fumes","Predator"],"campfire_rested":5,"item_purchase_floors":[3,3,21,21],"current_hp_per_floor":[35,31,31,31,5,24,24,24,24,28,28,31,50,18,18,20,55,19,23,23,23,5,24,24,10,10,10,29,26,26,30,49,0],"gold":202,"neow_bonus":"RANDOM_COLORLESS_2","is_prod":false,"is_daily":false,"chose_seed":false,"campfire_upgraded":3,"win_rate":0,"timestamp":1551662060,"path_taken":["M","?","$","M","?","R","?","R","T","M","M","M","R","E","R","BOSS","M","M","?","$","?","R","?","?","T","?","R","E","R","M","R","BOSS"],"build_version":"2019-01-23","purchased_purges":0,"victory":false,"max_hp_per_floor":[66,66,66,66,66,66,66,66,66,66,66,66,66,66,66,66,66,66,66,66,66,66,66,66,66,66,66,66,66,66,66,66,66],"card_choices":[{"not_picked":["Blade Dance","Blur"],"picked":"Escape Plan","floor":1},{"not_picked":["Slice","Finisher"],"picked":"Cloak And Dagger","floor":2},{"not_picked":["Acrobatics","Prepared"],"picked":"Riddle With Holes","floor":4},{"not_picked":["Accuracy","Blade Dance"],"picked":"PiercingWail","floor":10},{"not_picked":["Expertise","Acrobatics","Sucker Punch"],"picked":"SKIP","floor":11},{"not_picked":["Setup","Endless Agony"],"picked":"Escape Plan","floor":12},{"not_picked":["Cloak And Dagger","Unload"],"picked":"Crippling Poison","floor":14},{"not_picked":["Wraith Form v2","Burst"],"picked":"Adrenaline","floor":16},{"not_picked":["Tactician+1","Underhanded Strike"],"picked":"Leg Sweep","floor":18},{"not_picked":["PiercingWail","Flying Knee+1"],"picked":"Bouncing Flask","floor":19},{"not_picked":["Slice","Terror","Riddle With Holes"],"picked":"SKIP","floor":22},{"not_picked":["Dodge and Roll","Concentrate","Sucker Punch"],"picked":"SKIP","floor":25},{"not_picked":["Sucker Punch+1","All Out Attack"],"picked":"Prepared","floor":29},{"not_picked":["Flying Knee","Acrobatics"],"picked":"PiercingWail","floor":31}],"player_experience":619176,"relics_obtained":[{"floor":9,"key":"Pantograph"},{"floor":14,"key":"Bronze Scales"},{"floor":26,"key":"Centennial Puzzle"},{"floor":29,"key":"Whetstone"}],"event_choices":[{"damage_healed":0,"gold_gain":0,"player_choice":"Success","damage_taken":26,"relics_obtained":["Mercury Hourglass"],"max_hp_gain":0,"max_hp_loss":0,"event_name":"Scrap Ooze","floor":5,"gold_loss":0},{"damage_healed":0,"gold_gain":0,"player_choice":"Got Potions","damage_taken":0,"max_hp_gain":0,"max_hp_loss":0,"event_name":"Lab","floor":20,"gold_loss":0},{"cards_removed":["Strike_G"],"damage_healed":0,"gold_gain":0,"player_choice":"Offered Basic","damage_taken":0,"max_hp_gain":0,"max_hp_loss":0,"event_name":"Bonfire Elementals","floor":24,"gold_loss":0},{"damage_healed":0,"gold_gain":0,"player_choice":"Upgraded","damage_taken":0,"max_hp_gain":0,"max_hp_loss":0,"event_name":"Upgrade Shrine","floor":27,"gold_loss":0,"cards_upgraded":["Leg Sweep"]}],"is_beta":false,"boss_relics":[{"not_picked":["Eternal Feather","White Beast Statue"],"picked":"Ring of the Serpent"}],"items_purged_floors":[],"is_endless":false,"potions_floor_spawned":[10,11,12,16,22,25],"killed_by":"Champ","ascension_level":19}