{"gold_per_floor":[115,125,142,155,174,174,205,205,205,205,61,61,77,112,112,210,210,230,254,254,269,281,281,316,329,329,329,359,374,374,82,82,180,180,190,190,210,66,66,95,108,108,154,154,154,154,169,69,69,69],"floor_reached":50,"playtime":3855,"items_purged":["Strike_B","Strike_B"],"score":770,"play_id":"e78c661f-abf3-4620-b892-5930e8cf021f","local_time":"20181001190808","is_ascension_mode":true,"campfire_choices":[{"data":"Sunder","floor":6,"key":"SMITH"},{"data":"Beam Cell","floor":8,"key":"SMITH"},{"data":"Zap","floor":10,"key":"SMITH"},{"data":"Hyperbeam","floor":12,"key":"SMITH"},{"data":"Sunder","floor":15,"key":"SMITH"},{"data":"Hyperbeam","floor":23,"key":"SMITH"},{"data":"Reboot","floor":27,"key":"SMITH"},{"floor":30,"key":"REST"},{"data":"All For One","floor":32,"key":"SMITH"},{"data":"Reboot","floor":44,"key":"SMITH"},{"data":"Meteor Strike","floor":46,"key":"SMITH"},{"floor":49,"key":"REST"}],"neow_cost":"NONE","seed_source_timestamp":10087956418026,"circlet_count":0,"master_deck":["Strike_B","Strike_B","Defend_B","Defend_B","Defend_B","Defend_B","Zap+1","Dualcast","Reboot+1","Sunder+1","Ball Lightning","Streamline","Beam Cell+1","Melter","Hyperbeam+1","Sunder+1","All For One+1","Hyperbeam+1","Turbo+1","Reboot+1","Enlightenment","Meteor Strike+1"],"relics":["Cracked Core","Mercury Hourglass","Sundial","Lantern","Snecko Eye","War Paint","Singing Bowl","Pen Nib","Symbiotic Virus","StoneCalendar","Nuclear Battery","Regal Pillow","Centennial Puzzle","Juzu Bracelet"],"potions_floor_usage":[7,24,50,50,50],"damage_taken":[{"damage":1,"enemies":"Cultist","floor":1,"turns":3},{"damage":3,"enemies":"Jaw Worm","floor":2,"turns":4},{"damage":0,"enemies":"2 Louse","floor":3,"turns":1},{"damage":0,"enemies":"Exordium Wildlife","floor":4,"turns":1},{"damage":1,"enemies":"2 Fungi Beasts","floor":5,"turns":3},{"damage":24,"enemies":"Lagavulin","floor":7,"turns":4},{"damage":7,"enemies":"Large Slime","floor":13,"turns":3},{"damage":0,"enemies":"3 Sentries","floor":14,"turns":2},{"damage":10,"enemies":"Slime Boss","floor":16,"turns":6},{"damage":0,"enemies":"3 Byrds","floor":18,"turns":2},{"damage":0,"enemies":"2 Thieves","floor":21,"turns":1},{"damage":13,"enemies":"Centurion and Healer","floor":22,"turns":3},{"damage":25,"enemies":"Book of Stabbing","floor":24,"turns":3},{"damage":6,"enemies":"Chosen and Byrds","floor":25,"turns":3},{"damage":5,"enemies":"Slavers","floor":28,"turns":3},{"damage":0,"enemies":"Shelled Parasite and Fungi","floor":29,"turns":1},{"damage":34,"enemies":"Collector","floor":33,"turns":6},{"damage":0,"enemies":"Orb Walker","floor":35,"turns":1},{"damage":0,"enemies":"3 Shapes","floor":37,"turns":2},{"damage":0,"enemies":"2 Orb Walkers","floor":40,"turns":2},{"damage":13,"enemies":"Spire Growth","floor":41,"turns":2},{"damage":0,"enemies":"Reptomancer","floor":47,"turns":2},{"damage":99,"enemies":"Awakened One","floor":50,"turns":6}],"seed_played":"-4860693606158050263","potions_obtained":[{"floor":1,"key":"Ancient Potion"},{"floor":3,"key":"AttackPotion"},{"floor":7,"key":"Regen Potion"},{"floor":13,"key":"Strength Potion"},{"floor":25,"key":"Fire Potion"}],"is_trial":false,"path_per_floor":["M","M","M","M","M","R","E","R","T","R","$","R","M","E","R","B",null,"M","T","$","M","M","R","E","M","T","R","E","M","R","$","R","B",null,"M","?","M","$","?","E","M","?","T","R","?","R","M","$","R"],"character_chosen":"DEFECT","items_purchased":["Hyperbeam","StoneCalendar","Regal Pillow"],"campfire_rested":2,"item_purchase_floors":[11,31,38],"current_hp_per_floor":[67,64,64,64,63,63,39,39,39,39,39,39,32,32,32,22,62,62,62,62,62,49,49,35,31,31,31,28,30,54,54,54,20,67,69,69,71,71,71,73,62,62,62,62,62,62,64,64,89,0],"gold":69,"neow_bonus":"ONE_RANDOM_RARE_CARD","is_prod":false,"is_daily":false,"chose_seed":false,"campfire_upgraded":10,"win_rate":0,"timestamp":1538435288,"path_taken":["M","M","M","M","M","R","E","R","T","R","$","R","M","E","R","BOSS","M","?","?","M","M","R","E","M","T","R","E","?","R","$","R","BOSS","M","?","M","$","?","E","?","?","T","R","?","R","M","$","R","BOSS"],"build_version":"2018-09-27","purchased_purges":2,"victory":false,"max_hp_per_floor":[75,75,75,75,75,75,75,75,75,75,75,75,75,75,75,75,75,75,75,75,75,75,75,77,79,79,79,81,83,83,83,83,83,83,85,85,87,87,83,85,87,87,87,87,87,87,89,89,89,89],"card_choices":[{"not_picked":["Recycle","Stack"],"picked":"Sunder","floor":1},{"not_picked":["Compile Driver","Darkness"],"picked":"Glacier","floor":2},{"not_picked":["Static Discharge","Go for the Eyes"],"picked":"Ball Lightning","floor":3},{"not_picked":["BootSequence","Chill"],"picked":"Streamline","floor":4},{"not_picked":["Gash","Tempest"],"picked":"Beam Cell","floor":5},{"not_picked":["Hologram","Cold Snap"],"picked":"Melter","floor":7},{"not_picked":["Gash","Lockon"],"picked":"Sunder","floor":13},{"not_picked":["Multi-Cast","Sunder"],"picked":"All For One","floor":14},{"not_picked":["Amplify","Rainbow"],"picked":"Hyperbeam","floor":16},{"not_picked":["Barrage","Cold Snap"],"picked":"Turbo","floor":18},{"not_picked":["Sweeping Beam+1","Rebound","Hello World"],"picked":"SKIP","floor":21},{"not_picked":["Biased Cognition","Gash+1","Conserve Battery"],"picked":"SKIP","floor":22},{"not_picked":["Steam","Tempest","Leap+1"],"picked":"Singing Bowl","floor":24},{"not_picked":["Defragment","Turbo+1","Fission"],"picked":"Singing Bowl","floor":25},{"not_picked":["Go for the Eyes+1","Sweeping Beam","Force Field"],"picked":"Singing Bowl","floor":28},{"not_picked":["Beam Cell","Coolheaded","Lockon"],"picked":"Singing Bowl","floor":29},{"not_picked":["Electrodynamics","Machine Learning"],"picked":"Reboot","floor":33},{"not_picked":["Coolheaded","Stack","Cold Snap"],"picked":"Singing Bowl","floor":35},{"not_picked":["FTL+1","Cold Snap+1","Rebound+1"],"picked":"Singing Bowl","floor":37},{"not_picked":["Turbo+1","Leap+1","Ball Lightning+1"],"picked":"Singing Bowl","floor":40},{"not_picked":["Coolheaded+1","Capacitor+1","Glacier"],"picked":"Singing Bowl","floor":41},{"not_picked":["Redo","Hologram","Cold Snap+1"],"picked":"Singing Bowl","floor":47}],"player_experience":632505,"relics_obtained":[{"floor":7,"key":"Mercury Hourglass"},{"floor":9,"key":"Sundial"},{"floor":14,"key":"Lantern"},{"floor":19,"key":"War Paint"},{"floor":24,"key":"Singing Bowl"},{"floor":26,"key":"Pen Nib"},{"floor":28,"key":"Symbiotic Virus"},{"floor":40,"key":"Centennial Puzzle"},{"floor":43,"key":"Juzu Bracelet"}],"event_choices":[{"event_name":"Tomb of Lord Red Mask","player_choice":"Ignored","floor":36,"damage_taken":0},{"event_name":"Winding Halls","player_choice":"Max HP","floor":39,"damage_taken":0},{"event_name":"Falling","player_choice":"Removed Skill","floor":42,"damage_taken":0},{"event_name":"Match and Keep!","player_choice":"2 cards matched","floor":45,"damage_taken":0}],"is_beta":false,"boss_relics":[{"not_picked":["Busted Crown","Sozu"],"picked":"Snecko Eye"},{"not_picked":["Calling Bell","Inserter"],"picked":"Nuclear Battery"}],"items_purged_floors":[11,48],"is_endless":false,"potions_floor_spawned":[1,3,7,13,22,25,29,37,41],"killed_by":"Awakened One","ascension_level":7}