{"gold_per_floor":[119,119,119,194,204,204,222,255,255,255,287,287,339,35,35,35],"floor_reached":16,"playtime":825,"items_purged":["Strike_B"],"score":138,"play_id":"f02c046c-269f-4134-8a21-ef583b365ec7","local_time":"20190213062308","is_ascension_mode":true,"campfire_choices":[{"floor":6,"key":"REST"},{"floor":10,"key":"REST"},{"data":"Core Surge","floor":12,"key":"SMITH"},{"floor":15,"key":"REST"}],"neow_cost":"PERCENT_DAMAGE","seed_source_timestamp":7243146236475,"circlet_count":0,"master_deck":["Strike_B+1","Defend_B","Defend_B+1","Defend_B","Defend_B","Zap+1","Dualcast","Force Field","Heatsinks","Coolheaded","Hologram","Core Surge+1","FTL","Self Repair","Conserve Battery","Steam"],"relics":["Cracked Core","Boot","Omamori"],"potions_floor_usage":[11,16,16],"damage_taken":[{"damage":4,"enemies":"Jaw Worm","floor":1,"turns":4},{"damage":0,"enemies":"Small Slimes","floor":5,"turns":3},{"damage":5,"enemies":"2 Louse","floor":7,"turns":2},{"damage":21,"enemies":"Lagavulin","floor":8,"turns":9},{"damage":16,"enemies":"Gremlin Nob","floor":11,"turns":4},{"damage":45,"enemies":"Slime Boss","floor":16,"turns":8}],"seed_played":"2845568481933148599","potions_obtained":[{"floor":7,"key":"Energy Potion"},{"floor":8,"key":"AttackPotion"},{"floor":11,"key":"SpeedPotion"}],"is_trial":false,"path_per_floor":["M","?","?","?","M","R","M","E","T","R","E","R","?","$","R","B"],"character_chosen":"DEFECT","items_purchased":["Self Repair","PowerPotion","Conserve Battery","Steam"],"campfire_rested":3,"item_purchase_floors":[14,14,14,14],"current_hp_per_floor":[46,46,31,20,20,42,37,16,16,38,22,22,22,22,44,0],"gold":35,"neow_bonus":"TRANSFORM_TWO_CARDS","is_prod":false,"is_daily":false,"chose_seed":false,"campfire_upgraded":1,"win_rate":0,"timestamp":1550056988,"path_taken":["M","?","?","?","?","R","M","E","T","R","E","R","?","$","R","BOSS"],"build_version":"2019-01-23","purchased_purges":1,"victory":false,"max_hp_per_floor":[75,75,75,75,75,75,75,75,75,75,75,75,75,75,75,75],"card_choices":[{"not_picked":["Rebound","Stack"],"picked":"Coolheaded","floor":1},{"not_picked":["Stack","Heatsinks","Steam Power"],"picked":"SKIP","floor":5},{"not_picked":["Turbo","Heatsinks"],"picked":"Hologram","floor":7},{"not_picked":["Conserve Battery","Sweeping Beam"],"picked":"Core Surge","floor":8},{"not_picked":["Stack","Turbo"],"picked":"FTL","floor":11}],"player_experience":1555992,"relics_obtained":[{"floor":8,"key":"Boot"},{"floor":11,"key":"Omamori"}],"event_choices":[{"damage_healed":0,"gold_gain":0,"player_choice":"Grow","damage_taken":0,"max_hp_gain":0,"max_hp_loss":0,"event_name":"Living Wall","floor":2,"gold_loss":0,"cards_upgraded":["Zap"]},{"damage_healed":0,"gold_gain":0,"player_choice":"Entered Light","damage_taken":15,"max_hp_gain":0,"max_hp_loss":0,"event_name":"Shining Light","floor":3,"gold_loss":0,"cards_upgraded":["Defend_B","Strike_B"]},{"damage_healed":0,"gold_gain":75,"player_choice":"Gather Gold","damage_taken":11,"max_hp_gain":0,"max_hp_loss":0,"event_name":"World of Goop","floor":4,"gold_loss":0},{"damage_healed":0,"gold_gain":52,"player_choice":"Gained Gold","damage_taken":0,"max_hp_gain":0,"max_hp_loss":0,"event_name":"Golden Wing","floor":13,"gold_loss":0}],"is_beta":false,"boss_relics":[],"items_purged_floors":[14],"is_endless":false,"potions_floor_spawned":[7,8,11],"killed_by":"Slime Boss","ascension_level":6}