{"gold_per_floor":[116,6,25,42,57,87,104,104,104,54,54,54,84,84,84,187,187,197,213,213,213,224,254,254],"floor_reached":24,"playtime":1844,"items_purged":["Pain"],"score":237,"play_id":"a6418b43-760d-4102-9ac6-2512f2a8cc75","local_time":"20180711223218","is_ascension_mode":true,"campfire_choices":[{"floor":11,"key":"REST"},{"floor":15,"key":"REST"}],"neow_cost":"CURSE","seed_source_timestamp":97066804113766,"circlet_count":0,"master_deck":["Strike_B","Strike_B","Strike_B","Strike_B","Defend_B","Defend_B","Defend_B","Defend_B","Zap","Dualcast","Electrodynamics","Fusion","Doom and Gloom","Redo","Storm+1","Static Discharge","Static Discharge","Seek","Amplify","Ball Lightning+1","Steam+1","Machine Learning"],"relics":["Cracked Core","Potion Belt","Pear","Peace Pipe","Darkstone Periapt","NlothsMask","White Beast Statue","Bottled Tornado"],"potions_floor_usage":[6,6,13,16,23,24,24,24],"damage_taken":[{"damage":2,"enemies":"Cultist","floor":1,"turns":3},{"damage":0,"enemies":"2 Louse","floor":3,"turns":1},{"damage":0,"enemies":"Small Slimes","floor":4,"turns":2},{"damage":11,"enemies":"Blue Slaver","floor":5,"turns":4},{"damage":47,"enemies":"Gremlin Nob","floor":6,"turns":5},{"damage":6,"enemies":"2 Fungi Beasts","floor":7,"turns":2},{"damage":11,"enemies":"Lagavulin","floor":13,"turns":5},{"damage":46,"enemies":"Hexaghost","floor":16,"turns":8},{"damage":35,"enemies":"2 Thieves","floor":18,"turns":3},{"damage":20,"enemies":"3 Byrds","floor":19,"turns":3},{"damage":19,"enemies":"3 Cultists","floor":22,"turns":3},{"damage":35,"enemies":"Gremlin Leader","floor":23,"turns":4},{"damage":9,"enemies":"Cultist and Chosen","floor":24,"turns":3}],"seed_played":"-3423179839361682930","potions_obtained":[{"floor":1,"key":"Poison Potion"},{"floor":5,"key":"Block Potion"},{"floor":6,"key":"Weak Potion"},{"floor":13,"key":"EssenceOfSteel"},{"floor":18,"key":"FocusPotion"},{"floor":19,"key":"Poison Potion"},{"floor":22,"key":"GamblersBrew"},{"floor":23,"key":"FearPotion"}],"is_trial":false,"path_per_floor":["M","$","M","M","M","E","M","?","T","?","R","?","E","?","R","B",null,"M","M","?","?","M","E"],"character_chosen":"DEFECT","items_purchased":["Doom and Gloom"],"campfire_rested":2,"item_purchase_floors":[2],"current_hp_per_floor":[73,73,73,73,62,15,9,9,19,19,44,44,33,33,58,12,85,50,30,30,58,39,4,0],"gold":254,"neow_bonus":"THREE_RARE_CARDS","is_prod":false,"is_daily":false,"chose_seed":false,"campfire_upgraded":0,"win_rate":0,"timestamp":1531373538,"path_taken":["M","$","M","M","M","E","M","?","T","?","R","?","E","?","R","BOSS","M","M","?","?","?","E","?"],"build_version":"2018-07-05","purchased_purges":1,"victory":false,"max_hp_per_floor":[75,75,75,75,75,75,75,75,85,85,85,85,85,85,85,85,85,85,85,85,85,85,85,85],"card_choices":[{"not_picked":["Meteor Strike","Multi-Cast"],"picked":"Electrodynamics","floor":0},{"not_picked":["Beam Cell","Leap"],"picked":"Fusion","floor":1},{"not_picked":["Melter","Chill"],"picked":"Redo","floor":3},{"not_picked":["Hologram","Stack"],"picked":"Coolheaded","floor":4},{"not_picked":["Barrage","Stack"],"picked":"Storm","floor":5},{"not_picked":["Ball Lightning","Cold Snap"],"picked":"Static Discharge","floor":6},{"not_picked":["Redo","Glacier"],"picked":"Static Discharge","floor":7},{"not_picked":["Self Repair","Gash"],"picked":"Seek","floor":13},{"not_picked":["Meteor Strike","Fission"],"picked":"Amplify","floor":16},{"not_picked":["Reinforced Body","Auto Shields"],"picked":"Ball Lightning+1","floor":18},{"not_picked":["Hologram","Sweeping Beam"],"picked":"Steam+1","floor":19},{"not_picked":["Undo","Storm","Rebound+1"],"picked":"SKIP","floor":22},{"not_picked":["Beam Cell","Barrage"],"picked":"Machine Learning","floor":23}],"player_experience":26011,"relics_obtained":[{"floor":6,"key":"Potion Belt"},{"floor":9,"key":"Pear"},{"floor":13,"key":"Darkstone Periapt"},{"floor":23,"key":"Bottled Tornado"}],"event_choices":[{"event_name":"Living Wall","player_choice":"Grow","floor":8,"damage_taken":0},{"event_name":"The Cleric","player_choice":"Card Removal","floor":10,"damage_taken":0},{"event_name":"Dead Adventurer","player_choice":"Searched \u00271\u0027 times","floor":12,"damage_taken":0},{"event_name":"FaceTrader","player_choice":"Trade","floor":14,"damage_taken":0},{"event_name":"Drug Dealer","player_choice":"Ignored","floor":20,"damage_taken":0},{"event_name":"The Library","player_choice":"Heal","floor":21,"damage_taken":0}],"boss_relics":[{"not_picked":["Inserter","Cursed Key"],"picked":"White Beast Statue"}],"items_purged_floors":[2],"is_endless":false,"potions_floor_spawned":[1,5,6,13,18,19,22,23],"killed_by":"Cultist and Chosen","ascension_level":1}