{"gold_per_floor":[110,129,54,2,17,44,56,68,127,139,163,208,220,242,254,341,353,380,23,0,14,14,14,29,29,78,108,8,8,8,22,22,22],"floor_reached":33,"playtime":1238,"items_purged":["Defend_R","Strike_R"],"score":464,"play_id":"21ad70d1-2218-4de8-a328-24966e001241","local_time":"20190307160454","is_ascension_mode":true,"campfire_choices":[{"data":"Carnage","floor":8,"key":"SMITH"},{"data":"Whirlwind","floor":10,"key":"SMITH"},{"data":"Bash","floor":13,"key":"SMITH"},{"data":"Clothesline","floor":15,"key":"SMITH"},{"data":"Immolate","floor":23,"key":"SMITH"},{"data":"Shockwave","floor":25,"key":"SMITH"},{"floor":32,"key":"REST"}],"neow_cost":"NONE","seed_source_timestamp":2316043918057,"circlet_count":0,"master_deck":["AscendersBane","Strike_R","Strike_R","Strike_R","Strike_R","Defend_R","Defend_R","Defend_R","Bash+1","Whirlwind+1","Shrug It Off","Carnage+1","Iron Wave","Shockwave+1","Clothesline+1","Immolate+1","Offering","Seeing Red","Double Tap","Uppercut+1"],"relics":["Burning Blood","NeowsBlessing","MawBank","Gambling Chip","Runic Pyramid","Orichalcum","Nloth\u0027s Gift","Dream Catcher","Charon\u0027s Ashes"],"potions_floor_usage":[6,12,16,21,24],"damage_taken":[{"damage":0,"enemies":"Cultist","floor":1,"turns":1},{"damage":0,"enemies":"2 Louse","floor":2,"turns":1},{"damage":0,"enemies":"Jaw Worm","floor":5,"turns":1},{"damage":27,"enemies":"Gremlin Nob","floor":6,"turns":5},{"damage":6,"enemies":"Red Slaver","floor":11,"turns":2},{"damage":20,"enemies":"Lagavulin","floor":12,"turns":6},{"damage":0,"enemies":"Lots of Slimes","floor":14,"turns":1},{"damage":11,"enemies":"Slime Boss","floor":16,"turns":7},{"damage":13,"enemies":"Chosen","floor":18,"turns":5},{"damage":12,"enemies":"Spheric Guardian","floor":21,"turns":3},{"damage":7,"enemies":"Centurion and Healer","floor":24,"turns":3},{"damage":22,"enemies":"Gremlin Leader","floor":27,"turns":6},{"damage":25,"enemies":"Shelled Parasite and Fungi","floor":31,"turns":4},{"damage":73,"enemies":"Automaton","floor":33,"turns":6}],"seed_played":"-3774361801781961995","potions_obtained":[{"floor":2,"key":"PowerPotion"},{"floor":11,"key":"Fire Potion"},{"floor":12,"key":"Ancient Potion"},{"floor":18,"key":"GamblersBrew"},{"floor":24,"key":"Swift Potion"}],"is_trial":false,"path_per_floor":["M","M","$","$","M","E","?","R","T","R","M","E","R","M","R","B",null,"M","$","?","M","?","R","M","R","T","E","$","?","$","M","R","B"],"character_chosen":"IRONCLAD","items_purchased":["Block Potion","Offering","Orichalcum","Regen Potion"],"campfire_rested":1,"item_purchase_floors":[4,19,19,19],"current_hp_per_floor":[74,75,75,75,75,54,54,54,54,54,54,40,40,46,46,41,67,60,60,60,63,63,63,62,62,62,46,46,46,46,27,49,0],"gold":22,"neow_bonus":"THREE_ENEMY_KILL","is_prod":false,"is_daily":false,"chose_seed":false,"campfire_upgraded":6,"win_rate":0,"timestamp":1551996294,"path_taken":["M","?","?","$","?","E","?","R","T","R","M","E","R","M","R","BOSS","M","$","?","M","?","R","?","R","T","E","?","?","?","M","R","BOSS"],"build_version":"2019-01-23","purchased_purges":2,"victory":false,"max_hp_per_floor":[75,75,75,75,75,75,75,75,75,75,75,75,75,75,75,75,75,75,75,75,75,75,75,75,75,75,75,75,75,75,75,75,75],"card_choices":[{"not_picked":["Clash","Headbutt"],"picked":"Whirlwind","floor":1},{"not_picked":["Ghostly Armor","Warcry"],"picked":"Shrug It Off","floor":2},{"not_picked":["Clothesline","Evolve"],"picked":"Carnage","floor":5},{"not_picked":["Wild Strike","Flex"],"picked":"Iron Wave","floor":6},{"not_picked":["Rampage","Bloodletting"],"picked":"Shockwave","floor":11},{"not_picked":["Wild Strike","Heavy Blade"],"picked":"Clothesline","floor":12},{"not_picked":["Sword Boomerang","Heavy Blade","Blood for Blood"],"picked":"SKIP","floor":14},{"not_picked":["Bludgeon","Exhume"],"picked":"Immolate","floor":16},{"not_picked":["Cleave","Perfected Strike+1","Flex"],"picked":"SKIP","floor":18},{"not_picked":["Heavy Blade","Perfected Strike"],"picked":"Seeing Red","floor":21},{"not_picked":["Reckless Charge","Warcry","Flex"],"picked":"SKIP","floor":24},{"not_picked":["Heavy Blade+1","Anger"],"picked":"Double Tap","floor":27},{"not_picked":["Cleave+1","Body Slam"],"picked":"Uppercut+1","floor":31}],"player_experience":268367,"relics_obtained":[{"floor":6,"key":"MawBank"},{"floor":9,"key":"Art of War"},{"floor":12,"key":"Gambling Chip"},{"floor":26,"key":"Dream Catcher"},{"floor":27,"key":"Charon\u0027s Ashes"}],"event_choices":[{"damage_healed":0,"gold_gain":0,"player_choice":"Ignored","damage_taken":0,"max_hp_gain":0,"max_hp_loss":0,"event_name":"Liars Game","floor":7,"gold_loss":0},{"damage_healed":0,"gold_gain":0,"player_choice":"Paid Fearfully","damage_taken":0,"max_hp_gain":0,"max_hp_loss":0,"event_name":"Masked Bandits","floor":20,"gold_loss":23},{"damage_healed":0,"gold_gain":0,"player_choice":"Traded Relic","damage_taken":0,"relics_obtained":["Nloth\u0027s Gift"],"max_hp_gain":0,"max_hp_loss":0,"event_name":"N\u0027loth","floor":22,"relics_lost":["Art of War"],"gold_loss":0},{"damage_healed":0,"gold_gain":0,"player_choice":"Ignored","damage_taken":0,"max_hp_gain":0,"max_hp_loss":0,"event_name":"Vampires","floor":29,"gold_loss":0}],"is_beta":false,"boss_relics":[{"not_picked":["Astrolabe","Ectoplasm"],"picked":"Runic Pyramid"}],"items_purged_floors":[3,28],"is_endless":false,"potions_floor_spawned":[2,11,12,18,24],"killed_by":"Automaton","ascension_level":14}