{"gold_per_floor":[110,123,142,159,176,202,202,231,255,287,287,299,299,310,310,412,412,428,417,417,431,356,356],"floor_reached":23,"playtime":1583,"items_purged":[],"score":269,"play_id":"06703b74-1400-4b74-aa03-193e576325ff","local_time":"20180811024606","is_ascension_mode":true,"campfire_choices":[{"data":"Armaments","floor":7,"key":"SMITH"},{"data":"Searing Blow","floor":15,"key":"SMITH"}],"neow_cost":"NONE","seed_source_timestamp":289476651537117,"circlet_count":0,"master_deck":["Strike_R","Strike_R","Strike_R","Defend_R","Defend_R","Defend_R","Defend_R","Bash","Evolve","Flex","Armaments+1","Shrug It Off","Pommel Strike","Double Tap","Flame Barrier","Combust","Searing Blow+1","Intimidate","Limit Break","Bloodletting+1","Armaments+1","Exhume"],"relics":["Burning Blood","Anchor","Mercury Hourglass","Smiling Mask","Strawberry","Happy Flower","Eternal Feather"],"potions_floor_usage":[6,6,16,16,16,23],"damage_taken":[{"damage":1,"enemies":"Cultist","floor":1,"turns":4},{"damage":0,"enemies":"Small Slimes","floor":2,"turns":3},{"damage":0,"enemies":"2 Louse","floor":3,"turns":2},{"damage":10,"enemies":"Exordium Thugs","floor":4,"turns":7},{"damage":3,"enemies":"Looter","floor":5,"turns":4},{"damage":7,"enemies":"3 Sentries","floor":6,"turns":10},{"damage":24,"enemies":"Gremlin Nob","floor":8,"turns":4},{"damage":7,"enemies":"3 Sentries","floor":10,"turns":7},{"damage":4,"enemies":"Red Slaver","floor":12,"turns":3},{"damage":2,"enemies":"2 Fungi Beasts","floor":14,"turns":3},{"damage":32,"enemies":"The Guardian","floor":16,"turns":10},{"damage":40,"enemies":"Spheric Guardian","floor":18,"turns":5},{"damage":10,"enemies":"2 Thieves","floor":19,"turns":4},{"damage":24,"enemies":"3 Cultists","floor":21,"turns":6},{"damage":25,"enemies":"Book of Stabbing","floor":23,"turns":4}],"seed_played":"7152364845597628612","potions_obtained":[{"floor":1,"key":"Strength Potion"},{"floor":3,"key":"Block Potion"},{"floor":5,"key":"Strength Potion"},{"floor":12,"key":"PowerPotion"},{"floor":13,"key":"Strength Potion"},{"floor":19,"key":"SteroidPotion"}],"is_trial":false,"path_per_floor":["M","M","M","M","M","E","R","E","T","E","?","M","?","M","R","B",null,"M","M","?","M","?"],"character_chosen":"IRONCLAD","items_purchased":[],"campfire_rested":0,"item_purchase_floors":[],"current_hp_per_floor":[80,80,80,76,79,78,78,60,67,66,66,68,68,72,72,46,77,43,39,39,21,21,0],"gold":356,"neow_bonus":"RANDOM_COMMON_RELIC","is_prod":false,"is_daily":false,"chose_seed":false,"campfire_upgraded":2,"win_rate":0,"timestamp":1533944766,"path_taken":["M","M","M","M","?","E","R","E","T","E","?","M","?","?","R","BOSS","M","M","?","M","?","E"],"build_version":"2018-08-09","purchased_purges":0,"victory":false,"max_hp_per_floor":[80,80,80,80,80,80,80,80,87,87,87,87,87,87,87,87,87,87,87,87,87,87,87],"card_choices":[{"not_picked":["Clash","Hemokinesis"],"picked":"Evolve","floor":1},{"not_picked":["Clash","Havoc"],"picked":"Flex","floor":2},{"not_picked":["Entrench","Perfected Strike"],"picked":"Armaments","floor":3},{"not_picked":["Havoc","True Grit"],"picked":"Shrug It Off","floor":4},{"not_picked":["Rupture","Flex","Anger"],"picked":"SKIP","floor":5},{"not_picked":["Thunderclap","Perfected Strike"],"picked":"Pommel Strike","floor":6},{"not_picked":["True Grit","Hemokinesis"],"picked":"Double Tap","floor":8},{"not_picked":["Armaments","Power Through"],"picked":"Flame Barrier","floor":10},{"not_picked":["Inflame","Power Through"],"picked":"Searing Blow","floor":12},{"not_picked":["Corruption","Heavy Blade"],"picked":"Intimidate","floor":14},{"not_picked":["Juggernaut","Feed"],"picked":"Limit Break","floor":16},{"not_picked":["Havoc","Clash+1"],"picked":"Bloodletting+1","floor":18},{"not_picked":["Headbutt","Flex","Anger"],"picked":"SKIP","floor":19},{"not_picked":["Thunderclap+1","Second Wind"],"picked":"Exhume","floor":21}],"player_experience":210901,"relics_obtained":[{"floor":6,"key":"Mercury Hourglass"},{"floor":8,"key":"Smiling Mask"},{"floor":9,"key":"Strawberry"},{"floor":10,"key":"Happy Flower"}],"event_choices":[{"event_name":"Living Wall","player_choice":"Change","floor":11,"damage_taken":0},{"event_name":"The Lab","player_choice":"Got Potions","floor":13,"damage_taken":0},{"event_name":"Duplicator","player_choice":"One dupe","floor":20,"damage_taken":0},{"event_name":"Beggar","player_choice":"Gave Gold","floor":22,"damage_taken":0}],"is_beta":false,"boss_relics":[{"not_picked":["Coffee Dripper","Runic Dome"],"picked":"Eternal Feather"}],"items_purged_floors":[],"is_endless":false,"potions_floor_spawned":[1,3,5,12,19],"killed_by":"Book of Stabbing","ascension_level":5}