{"gold_per_floor":[119,132,144,94,110,123,134,134,134,134,134,147,147,157,157,255,255,270,280,307,137,147,177,177],"floor_reached":24,"playtime":2594,"items_purged":["Strike_R","Strike_R"],"score":237,"play_id":"5619987e-b5d7-4d7b-9c68-bfc3f0cfe69a","local_time":"20190219223421","is_ascension_mode":false,"campfire_choices":[{"data":"Feed","floor":8,"key":"SMITH"},{"data":"Bash","floor":11,"key":"SMITH"},{"data":"Armaments","floor":13,"key":"SMITH"},{"floor":15,"key":"REST"},{"data":"Limit Break","floor":24,"key":"SMITH"}],"neow_cost":"NONE","seed_source_timestamp":20175419503126,"circlet_count":0,"master_deck":["Strike_R","Strike_R","Strike_R","Defend_R","Defend_R","Defend_R","Defend_R","Bash+1","Clothesline","Sever Soul","Shrug It Off","Thunderclap","Evolve","Feed+1","Armaments+1","Battle Trance","Exhume","Shrug It Off","Reaper","Shrug It Off+1","Flex","Limit Break+1","Twin Strike"],"relics":["Burning Blood","Smiling Mask","Oddly Smooth Stone","Coffee Dripper","Red Mask","Anchor"],"potions_floor_usage":[16,16,20,20],"damage_taken":[{"damage":5,"enemies":"Cultist","floor":1,"turns":4},{"damage":1,"enemies":"Jaw Worm","floor":2,"turns":4},{"damage":4,"enemies":"2 Louse","floor":3,"turns":3},{"damage":5,"enemies":"Looter","floor":5,"turns":3},{"damage":11,"enemies":"Lots of Slimes","floor":6,"turns":5},{"damage":29,"enemies":"Exordium Wildlife","floor":7,"turns":9},{"damage":12,"enemies":"Exordium Thugs","floor":12,"turns":5},{"damage":14,"enemies":"Lots of Slimes","floor":14,"turns":6},{"damage":64,"enemies":"Slime Boss","floor":16,"turns":14},{"damage":24,"enemies":"3 Byrds","floor":18,"turns":8},{"damage":12,"enemies":"Spheric Guardian","floor":19,"turns":7},{"damage":15,"enemies":"Masked Bandits","floor":20,"turns":6},{"damage":13,"enemies":"Snecko","floor":22,"turns":9},{"damage":56,"enemies":"Book of Stabbing","floor":23,"turns":9}],"seed_played":"4560537379465679895","potions_obtained":[{"floor":2,"key":"Regen Potion"},{"floor":3,"key":"SpeedPotion"},{"floor":5,"key":"SkillPotion"},{"floor":18,"key":"Explosive Potion"},{"floor":19,"key":"Energy Potion"}],"is_trial":false,"path_per_floor":["M","M","M","$","M","M","M","R","T","?","R","M","R","M","R","B",null,"M","M","?","$","M","E","R"],"character_chosen":"IRONCLAD","items_purchased":["Flex","Limit Break"],"campfire_rested":1,"item_purchase_floors":[21,21],"current_hp_per_floor":[80,80,80,80,80,75,52,52,52,52,52,50,50,46,72,18,92,78,72,79,79,72,26,26],"gold":177,"neow_bonus":"RANDOM_COMMON_RELIC","is_prod":false,"is_daily":false,"chose_seed":false,"campfire_upgraded":4,"win_rate":0,"timestamp":1550608461,"path_taken":["M","M","?","$","M","M","M","R","T","?","R","M","R","M","R","BOSS","M","M","?","$","M","E","R"],"build_version":"2019-01-23","purchased_purges":2,"victory":false,"max_hp_per_floor":[80,80,80,80,80,80,80,80,80,80,80,84,84,88,88,92,92,96,96,104,104,104,108,108],"card_choices":[{"not_picked":["Cleave","Flex"],"picked":"Clothesline","floor":1},{"not_picked":["Sword Boomerang","Twin Strike"],"picked":"Sever Soul","floor":2},{"not_picked":["Clothesline","Fire Breathing"],"picked":"Shrug It Off","floor":3},{"not_picked":["Blood for Blood","Sentinel"],"picked":"Thunderclap","floor":5},{"not_picked":["Anger","Clash"],"picked":"Evolve","floor":6},{"not_picked":["Iron Wave","Sword Boomerang"],"picked":"Feed","floor":7},{"not_picked":["Sentinel","Fire Breathing"],"picked":"Armaments","floor":12},{"not_picked":["Corruption","Anger"],"picked":"Battle Trance","floor":14},{"not_picked":["Limit Break","Impervious"],"picked":"Exhume","floor":16},{"not_picked":["Perfected Strike+1","Clash+1"],"picked":"Shrug It Off","floor":18},{"not_picked":["Cleave+1","Shrug It Off+1"],"picked":"Reaper","floor":19},{"not_picked":["Metallicize","Flex+1"],"picked":"Shrug It Off+1","floor":20},{"not_picked":["Body Slam","Flame Barrier"],"picked":"Twin Strike","floor":22},{"not_picked":["Cleave","Uppercut","Rage"],"picked":"SKIP","floor":23}],"player_experience":426622,"relics_obtained":[{"floor":9,"key":"Oddly Smooth Stone"},{"floor":20,"key":"Red Mask"},{"floor":23,"key":"Anchor"}],"event_choices":[{"damage_healed":0,"gold_gain":0,"player_choice":"Ignored","damage_taken":0,"max_hp_gain":0,"max_hp_loss":0,"event_name":"Liars Game","floor":10,"gold_loss":0},{"damage_healed":0,"gold_gain":0,"player_choice":"Fought Bandits","damage_taken":0,"max_hp_gain":0,"max_hp_loss":0,"event_name":"Masked Bandits","floor":20,"gold_loss":0}],"is_beta":false,"boss_relics":[{"not_picked":["Empty Cage","Black Blood"],"picked":"Coffee Dripper"}],"items_purged_floors":[4,21],"is_endless":false,"potions_floor_spawned":[2,3,5,18,19],"ascension_level":0}