{"gold_per_floor":[111,111,126,23,23,23,1,18,44,44,44,44,88,106,106,236,236,255,255,255,255,40,59,77,77,77,77,77,112,128,162,162,257,257,276,286,15,33,33,33],"floor_reached":40,"playtime":1788,"items_purged":["Injury"],"score":633,"play_id":"a6c96178-fbbb-4c6d-8526-11873f6a004c","local_time":"20190308224737","is_ascension_mode":true,"campfire_choices":[{"data":"Sunder","floor":6,"key":"SMITH"},{"data":"Rainbow","floor":10,"key":"SMITH"},{"floor":15,"key":"REST"},{"data":"Electrodynamics","floor":25,"key":"SMITH"},{"data":"Self Repair","floor":27,"key":"SMITH"},{"data":"Loop","floor":32,"key":"SMITH"}],"neow_cost":"NONE","seed_source_timestamp":112329286290048,"circlet_count":0,"master_deck":["AscendersBane","Strike_B+1","Strike_B+1","Strike_B+1","Strike_B+1","Defend_B+1","Defend_B+1","Defend_B+1","Defend_B+1","Zap","Dualcast","Rainbow+1","Loop+1","Sunder+1","Conserve Battery+1","Loop+1","Conserve Battery+1","Electrodynamics+1","Rainbow+1","Ball Lightning","Self Repair+1","White Noise+1","Conserve Battery+1","FTL","Loop","Defragment","Bandage Up+1","Chill+1"],"relics":["Cracked Core","Blood Vial","Oddly Smooth Stone","Bloody Idol","Toxic Egg 2","Mercury Hourglass","Coffee Dripper","Bronze Scales","War Paint","Pocketwatch","Incense Burner","Darkstone Periapt","Black Star"],"potions_floor_usage":[13,13,31,33,33,40,40],"damage_taken":[{"damage":0,"enemies":"Cultist","floor":1,"turns":4},{"damage":0,"enemies":"Small Slimes","floor":3,"turns":3},{"damage":3,"enemies":"2 Louse","floor":8,"turns":2},{"damage":22,"enemies":"Gremlin Nob","floor":13,"turns":4},{"damage":4,"enemies":"Large Slime","floor":14,"turns":5},{"damage":23,"enemies":"The Guardian","floor":16,"turns":9},{"damage":4,"enemies":"Chosen","floor":18,"turns":4},{"damage":15,"enemies":"Shell Parasite","floor":23,"turns":4},{"damage":20,"enemies":"Shelled Parasite and Fungi","floor":24,"turns":4},{"damage":28,"enemies":"Gremlin Leader","floor":29,"turns":5},{"damage":2,"enemies":"Snake Plant","floor":30,"turns":3},{"damage":1,"enemies":"Book of Stabbing","floor":31,"turns":4},{"damage":44,"enemies":"Collector","floor":33,"turns":8},{"damage":26,"enemies":"Orb Walker","floor":35,"turns":3},{"damage":0,"enemies":"3 Shapes","floor":36,"turns":4},{"damage":12,"enemies":"Sphere and 2 Shapes","floor":38,"turns":4},{"damage":67,"enemies":"Giant Head","floor":40,"turns":6}],"seed_played":"-6831537950262988932","potions_obtained":[{"floor":1,"key":"SkillPotion"},{"floor":3,"key":"SkillPotion"},{"floor":13,"key":"Dexterity Potion"},{"floor":16,"key":"Ancient Potion"},{"floor":24,"key":"SteroidPotion"},{"floor":30,"key":"LiquidBronze"},{"floor":36,"key":"Explosive Potion"}],"is_trial":false,"path_per_floor":["M","?","M","$","?","R","?","M","T","R","?","T","E","M","R","B",null,"M","?","?","T","$","M","M","R","T","R","?","E","M","E","R","B",null,"M","M","$","M","?","E"],"character_chosen":"DEFECT","items_purchased":["Conserve Battery","Loop","War Paint","Self Repair","Bandage Up+1","Poison Potion","PowerPotion"],"campfire_rested":1,"item_purchase_floors":[4,4,22,22,37,37,37],"current_hp_per_floor":[68,53,53,53,46,46,46,45,45,45,45,45,25,23,45,24,62,60,60,60,60,60,59,53,53,53,53,53,42,47,53,53,26,63,44,51,51,56,56,0],"gold":33,"neow_bonus":"ONE_RANDOM_RARE_CARD","is_prod":false,"is_daily":false,"chose_seed":false,"campfire_upgraded":5,"win_rate":0,"timestamp":1552106857,"path_taken":["M","?","M","$","?","R","?","M","T","R","?","?","E","M","R","BOSS","M","?","?","?","$","M","M","R","T","R","?","E","M","E","R","BOSS","M","M","$","M","?","E"],"build_version":"2019-01-23","purchased_purges":1,"victory":false,"max_hp_per_floor":[75,75,75,75,75,75,75,75,75,75,75,75,75,75,75,75,75,75,75,75,75,75,75,75,75,75,75,75,75,75,75,75,75,75,75,75,75,75,71,71],"card_choices":[{"not_picked":["BootSequence","Reprogram"],"picked":"Loop","floor":1},{"not_picked":["Sweeping Beam","Coolheaded"],"picked":"Sunder","floor":3},{"not_picked":["Recycle","Rip and Tear"],"picked":"Conserve Battery","floor":8},{"not_picked":["Stack+1","Storm"],"picked":"Electrodynamics","floor":13},{"not_picked":["Streamline","Sweeping Beam","Barrage"],"picked":"SKIP","floor":14},{"not_picked":["Machine Learning","Biased Cognition"],"picked":"Rainbow+1","floor":16},{"not_picked":["Barrage","Consume+1"],"picked":"Ball Lightning","floor":18},{"not_picked":["Rebound","Barrage","Turbo+1"],"picked":"SKIP","floor":23},{"not_picked":["Loop","Compile Driver"],"picked":"White Noise+1","floor":24},{"not_picked":["Turbo+1","Compile Driver"],"picked":"Conserve Battery+1","floor":29},{"not_picked":["Ball Lightning","Cold Snap"],"picked":"FTL","floor":30},{"not_picked":["Consume+1","Rebound"],"picked":"Loop","floor":31},{"not_picked":["Barrage+1","Storm"],"picked":"Defragment","floor":35},{"not_picked":["Sunder","Aggregate+1","Genetic Algorithm+1"],"picked":"SKIP","floor":36},{"not_picked":["Steam Power+1","Coolheaded+1"],"picked":"Chill+1","floor":38}],"player_experience":314327,"relics_obtained":[{"floor":9,"key":"Oddly Smooth Stone"},{"floor":12,"key":"Toxic Egg 2"},{"floor":13,"key":"Mercury Hourglass"},{"floor":21,"key":"Bronze Scales"},{"floor":26,"key":"Pocketwatch"},{"floor":29,"key":"Incense Burner"},{"floor":31,"key":"Darkstone Periapt"}],"event_choices":[{"damage_healed":0,"gold_gain":0,"player_choice":"Entered Light","damage_taken":15,"max_hp_gain":0,"max_hp_loss":0,"event_name":"Shining Light","floor":2,"gold_loss":0,"cards_upgraded":["Strike_B","Loop"]},{"damage_healed":0,"gold_gain":0,"player_choice":"Success","damage_taken":7,"relics_obtained":["Blood Vial"],"max_hp_gain":0,"max_hp_loss":0,"event_name":"Scrap Ooze","floor":5,"gold_loss":0},{"damage_healed":0,"gold_gain":0,"player_choice":"Left Gold","damage_taken":0,"max_hp_gain":0,"max_hp_loss":0,"event_name":"World of Goop","floor":7,"gold_loss":22},{"damage_healed":0,"gold_gain":0,"player_choice":"Take Wound","damage_taken":0,"relics_obtained":["Golden Idol"],"max_hp_gain":0,"max_hp_loss":0,"event_name":"Golden Idol","floor":11,"gold_loss":0,"cards_obtained":["Injury"]},{"damage_healed":0,"gold_gain":0,"player_choice":"Gave Idol","damage_taken":0,"relics_obtained":["Bloody Idol"],"max_hp_gain":0,"max_hp_loss":0,"event_name":"Forgotten Altar","floor":19,"relics_lost":["Golden Idol"],"gold_loss":0},{"damage_healed":0,"gold_gain":0,"player_choice":"Simplicity","damage_taken":0,"max_hp_gain":0,"max_hp_loss":0,"event_name":"Back to Basics","floor":20,"gold_loss":0,"cards_upgraded":["Strike_B","Strike_B","Strike_B","Defend_B","Defend_B","Defend_B","Defend_B"]},{"damage_healed":0,"gold_gain":0,"player_choice":"Ignored","damage_taken":0,"max_hp_gain":0,"max_hp_loss":0,"event_name":"Ghosts","floor":28,"gold_loss":0},{"damage_healed":0,"gold_gain":0,"player_choice":"Max HP","damage_taken":0,"max_hp_gain":0,"max_hp_loss":4,"event_name":"Winding Halls","floor":39,"gold_loss":0}],"is_beta":false,"boss_relics":[{"not_picked":["Runic Dome","Runic Pyramid"],"picked":"Coffee Dripper"},{"not_picked":["Tiny House","Lizard Tail"],"picked":"Black Star"}],"items_purged_floors":[37],"is_endless":false,"potions_floor_spawned":[1,3,13,16,24,30,36],"killed_by":"Giant Head","ascension_level":10}