{"gold_per_floor":[109,125,139,149,168,168,168,196,249,249,278,203,203,219,219,324,324,335,235,250,250,262,295,295,629,652,666,682,682],"floor_reached":29,"playtime":2204,"items_purged":["Strike_B","Chaos"],"score":277,"play_id":"9969df12-6cd6-4038-877d-57d371565704","local_time":"20180726225907","is_ascension_mode":false,"campfire_choices":[{"data":"Darkness","floor":6,"key":"SMITH"},{"floor":10,"key":"REST"},{"floor":13,"key":"REST"},{"data":"Genetic Algorithm","floor":15,"key":"SMITH"},{"data":"Multi-Cast","floor":24,"key":"SMITH"}],"neow_cost":"","seed_source_timestamp":536862685259629,"circlet_count":0,"master_deck":["Zap","Dualcast","Darkness+1","Multi-Cast+1","Leap","Leap","Genetic Algorithm+1","Reinforced Body","Seek","Stack","Beam Cell","Heatsinks","Go for the Eyes","Ball Lightning","Steam+1","Steam","Stack","Conserve Battery+1","Leap+1","Steam"],"relics":["Cracked Core","Anchor","Tiny Chest","Centennial Puzzle","Pandora\u0027s Box","Happy Flower","Old Coin","Ancient Tea Set"],"potions_floor_usage":[8,22,23,25],"damage_taken":[{"damage":0,"enemies":"Small Slimes","floor":1,"turns":2},{"damage":3,"enemies":"Jaw Worm","floor":2,"turns":3},{"damage":1,"enemies":"2 Louse","floor":3,"turns":3},{"damage":18,"enemies":"Exordium Wildlife","floor":4,"turns":4},{"damage":13,"enemies":"Exordium Thugs","floor":5,"turns":5},{"damage":4,"enemies":"Lagavulin","floor":8,"turns":6},{"damage":37,"enemies":"Gremlin Nob","floor":11,"turns":5},{"damage":2,"enemies":"2 Fungi Beasts","floor":14,"turns":3},{"damage":8,"enemies":"Hexaghost","floor":16,"turns":8},{"damage":0,"enemies":"Chosen","floor":18,"turns":4},{"damage":29,"enemies":"3 Byrds","floor":20,"turns":6},{"damage":28,"enemies":"Sentry and Sphere","floor":22,"turns":8},{"damage":2,"enemies":"Slavers","floor":23,"turns":7},{"damage":4,"enemies":"Book of Stabbing","floor":25,"turns":6},{"damage":4,"enemies":"Snecko","floor":27,"turns":5},{"damage":12,"enemies":"3 Cultists","floor":28,"turns":5},{"damage":23,"enemies":"Gremlin Leader","floor":29,"turns":2}],"seed_played":"-8988673999359271057","potions_obtained":[{"floor":3,"key":"Swift Potion"},{"floor":4,"key":"Block Potion"},{"floor":14,"key":"Regen Potion"},{"floor":20,"key":"Regen Potion"},{"floor":27,"key":"GamblersBrew"}],"is_trial":false,"path_per_floor":["M","M","M","M","M","R","?","E","T","R","E","$","R","M","R","B",null,"M","$","M","?","M","E","R","E","T","M","M"],"character_chosen":"DEFECT","items_purchased":[],"campfire_rested":2,"item_purchase_floors":[],"current_hp_per_floor":[75,72,71,53,40,40,33,29,29,51,14,14,36,34,34,26,75,75,75,46,46,27,40,40,36,36,32,20,0],"gold":682,"neow_bonus":"","is_prod":false,"is_daily":false,"chose_seed":false,"campfire_upgraded":3,"win_rate":0,"timestamp":1532660347,"path_taken":["M","M","M","M","M","R","?","E","T","R","E","?","R","M","R","BOSS","M","$","M","?","M","E","R","E","T","M","M","E"],"build_version":"2018-07-26","purchased_purges":2,"victory":false,"max_hp_per_floor":[75,75,75,75,75,75,75,75,75,75,75,75,75,75,75,75,75,75,75,75,75,75,75,75,75,75,75,75,75],"card_choices":[{"not_picked":["Redo","Steam"],"picked":"Darkness","floor":1},{"not_picked":["Turbo","Coolheaded","Rebound"],"picked":"SKIP","floor":2},{"not_picked":["Ball Lightning","Stack"],"picked":"Multi-Cast","floor":3},{"not_picked":["Hologram","Aggregate"],"picked":"Leap","floor":4},{"not_picked":["Ball Lightning","Hologram","Streamline"],"picked":"SKIP","floor":5},{"not_picked":["Hologram","Conserve Battery"],"picked":"Leap","floor":8},{"not_picked":["Compile Driver","Doom and Gloom"],"picked":"Genetic Algorithm","floor":11},{"not_picked":["Rebound","Capacitor"],"picked":"Reinforced Body","floor":14},{"not_picked":["Electrodynamics","Thunder Strike"],"picked":"Seek","floor":16},{"not_picked":["Barrage","Glacier+1","Coolheaded"],"picked":"SKIP","floor":18},{"not_picked":["Gash+1","Leap+1"],"picked":"Steam+1","floor":20},{"not_picked":["Sweeping Beam","Hologram"],"picked":"Steam","floor":22},{"not_picked":["Rainbow","Compile Driver+1"],"picked":"Stack","floor":23},{"not_picked":["Streamline+1","Barrage"],"picked":"Conserve Battery+1","floor":25},{"not_picked":["Force Field","Recycle+1"],"picked":"Leap+1","floor":27},{"not_picked":["Gash","Sunder"],"picked":"Steam","floor":28}],"player_experience":675013,"relics_obtained":[{"floor":8,"key":"Anchor"},{"floor":9,"key":"Tiny Chest"},{"floor":11,"key":"Centennial Puzzle"},{"floor":23,"key":"Happy Flower"},{"floor":25,"key":"Old Coin"},{"floor":26,"key":"Ancient Tea Set"}],"event_choices":[{"event_name":"Golden Wing","player_choice":"Card Removal","floor":7,"damage_taken":0},{"event_name":"Vampires","player_choice":"Ignored","floor":21,"damage_taken":0}],"is_beta":false,"boss_relics":[{"not_picked":["Busted Crown","Runic Dome"],"picked":"Pandora\u0027s Box"}],"items_purged_floors":[12,19],"is_endless":false,"potions_floor_spawned":[3,4,14,20,27],"killed_by":"Gremlin Leader","ascension_level":0}