{"gold_per_floor":[113,38,38,38,57,82,82,110,137,150,150,225,238,138,138,243,243,260,278,278,296,171,171,189,189],"floor_reached":25,"playtime":1244,"items_purged":["Defend_R","Strike_R","Strike_R"],"score":295,"play_id":"c1725c4d-1fb3-4c30-a862-8278974f65a3","local_time":"20180805051751","is_ascension_mode":true,"campfire_choices":[{"data":"Searing Blow","floor":7,"key":"SMITH"},{"data":"Searing Blow+1","floor":15,"key":"SMITH"},{"data":"Searing Blow+2","floor":23,"key":"SMITH"}],"neow_cost":"NONE","seed_source_timestamp":48372575525806,"circlet_count":0,"master_deck":["Strike_R","Strike_R","Strike_R+1","Defend_R","Defend_R","Defend_R","Bash+1","Searing Blow+3","Shrug It Off+1"],"relics":["Burning Blood","NeowsBlessing","Lantern","Bag of Preparation","Dream Catcher","Bag of Marbles","Lizard Tail"],"potions_floor_usage":[16,16,16,16,25,25],"damage_taken":[{"damage":0,"enemies":"2 Louse","floor":1,"turns":1},{"damage":0,"enemies":"Jaw Worm","floor":5,"turns":1},{"damage":0,"enemies":"Lagavulin","floor":6,"turns":1},{"damage":30,"enemies":"3 Sentries","floor":8,"turns":8},{"damage":0,"enemies":"Small Slimes","floor":10,"turns":1},{"damage":0,"enemies":"2 Fungi Beasts","floor":13,"turns":2},{"damage":49,"enemies":"Slime Boss","floor":16,"turns":15},{"damage":20,"enemies":"2 Thieves","floor":18,"turns":5},{"damage":24,"enemies":"Shell Parasite","floor":19,"turns":7},{"damage":27,"enemies":"3 Cultists","floor":21,"turns":6},{"damage":33,"enemies":"Centurion and Healer","floor":24,"turns":5},{"damage":70,"enemies":"Slavers","floor":25,"turns":13}],"seed_played":"7215296451367675086","potions_obtained":[{"floor":5,"key":"Strength Potion"},{"floor":8,"key":"EntropicBrew"},{"floor":16,"key":"Dexterity Potion"},{"floor":19,"key":"Swift Potion"}],"is_trial":false,"path_per_floor":["M","$","?","?","M","E","R","E","T","M","?","?","M","$","R","B",null,"M","M","?","M","$","R","M"],"character_chosen":"IRONCLAD","items_purchased":[],"campfire_rested":0,"item_purchase_floors":[],"current_hp_per_floor":[80,80,73,57,63,69,69,45,45,51,56,45,51,51,51,8,66,52,34,62,41,41,41,14,0],"gold":189,"neow_bonus":"THREE_ENEMY_KILL","is_prod":false,"is_daily":false,"chose_seed":false,"campfire_upgraded":3,"win_rate":0,"timestamp":1533435471,"path_taken":["M","$","?","?","M","E","R","E","T","M","?","?","?","$","R","BOSS","M","M","?","M","$","R","M","E"],"build_version":"2018-08-02","purchased_purges":3,"victory":false,"max_hp_per_floor":[80,80,80,80,80,80,80,80,80,80,85,85,85,85,85,85,85,85,85,85,85,85,85,85,85],"card_choices":[{"not_picked":["Armaments","Headbutt","Entrench"],"picked":"SKIP","floor":1},{"not_picked":["Sword Boomerang","Ghostly Armor"],"picked":"Searing Blow","floor":5},{"not_picked":["Shockwave","Shrug It Off","Sword Boomerang"],"picked":"SKIP","floor":6},{"not_picked":["Sword Boomerang","Body Slam","Shrug It Off"],"picked":"SKIP","floor":8},{"not_picked":["Hemokinesis","Warcry","Thunderclap"],"picked":"SKIP","floor":10},{"not_picked":["Wild Strike","Thunderclap","Berserk"],"picked":"SKIP","floor":13},{"not_picked":["Disarm","Dual Wield"],"picked":"Shrug It Off+1","floor":18},{"not_picked":["True Grit","Combust","Entrench+1"],"picked":"SKIP","floor":19},{"not_picked":["Rage","Second Wind","Shrug It Off+1"],"picked":"SKIP","floor":21},{"not_picked":["Shrug It Off+1","Blood for Blood","Thunderclap+1"],"picked":"SKIP","floor":24}],"player_experience":185431,"relics_obtained":[{"floor":6,"key":"Bag of Preparation"},{"floor":8,"key":"Dream Catcher"},{"floor":9,"key":"Bag of Marbles"}],"event_choices":[{"event_name":"Scrap Ooze","player_choice":"success","floor":3,"damage_taken":7},{"event_name":"Shining Light","player_choice":"Entered Light","floor":4,"damage_taken":0},{"event_name":"Big Fish","player_choice":"Donut","floor":11,"damage_taken":0},{"event_name":"World of Goop","player_choice":"Gather Gold","floor":12,"damage_taken":0},{"event_name":"The Library","player_choice":"Heal","floor":20,"damage_taken":0}],"is_beta":false,"boss_relics":[{"not_picked":["Eternal Feather","Runic Dome"],"picked":"Lizard Tail"}],"items_purged_floors":[2,14,22],"is_endless":false,"potions_floor_spawned":[5,8,16,19],"killed_by":"Slavers","ascension_level":5}