{"gold_per_floor":[109,121,133,133,147,147,174,174,174,174,174,185,202,214,214,314,314,327,347,347,179,179,192,192,205,287,316,133,133,133,148,148,243,243,253,253,56,75,94,94,111],"floor_reached":41,"playtime":5803,"items_purged":["Strike_R","Anger+1"],"score":417,"play_id":"f59cc8a4-548c-4cb4-b911-bd83a8a16037","local_time":"20190224045231","is_ascension_mode":false,"campfire_choices":[{"data":"Flame Barrier","floor":6,"key":"SMITH"},{"data":"Corruption","floor":8,"key":"SMITH"},{"data":"Bash","floor":10,"key":"SMITH"},{"data":"Anger","floor":15,"key":"SMITH"},{"data":"Combust","floor":24,"key":"SMITH"},{"floor":32,"key":"REST"},{"data":"Uppercut","floor":40,"key":"SMITH"}],"neow_cost":"NONE","seed_source_timestamp":25326912750300,"circlet_count":0,"master_deck":["Strike_R","Strike_R","Defend_R","Defend_R","Defend_R","Defend_R","Bash+1","Shrug It Off","Flame Barrier+1","Twin Strike","Corruption+1","Warcry+1","Battle Trance+1","Shockwave+1","Headbutt","Impervious+1","Evolve","Shrug It Off+1","Combust+1","Armaments+1","Inflame","Uppercut+1","Rupture","Whirlwind","Immolate","Wild Strike","True Grit+1","Shrug It Off+1"],"relics":["Burning Blood","Bag of Preparation","Toxic Egg 2","Velvet Choker","Bottled Lightning","Blue Candle","Runic Pyramid"],"potions_floor_usage":[5,19,33],"damage_taken":[{"damage":6,"enemies":"Cultist","floor":1,"turns":3},{"damage":0,"enemies":"2 Louse","floor":2,"turns":4},{"damage":0,"enemies":"Small Slimes","floor":3,"turns":4},{"damage":0,"enemies":"3 Louse","floor":5,"turns":6},{"damage":17,"enemies":"3 Sentries","floor":7,"turns":10},{"damage":0,"enemies":"2 Fungi Beasts","floor":12,"turns":4},{"damage":3,"enemies":"Lots of Slimes","floor":13,"turns":3},{"damage":1,"enemies":"Exordium Wildlife","floor":14,"turns":3},{"damage":45,"enemies":"The Guardian","floor":16,"turns":9},{"damage":0,"enemies":"3 Byrds","floor":18,"turns":3},{"damage":6,"enemies":"Shell Parasite","floor":19,"turns":6},{"damage":6,"enemies":"Snake Plant","floor":23,"turns":6},{"damage":7,"enemies":"Centurion and Healer","floor":25,"turns":5},{"damage":9,"enemies":"Gremlin Leader","floor":27,"turns":9},{"damage":6,"enemies":"Chosen and Byrds","floor":31,"turns":5},{"damage":78,"enemies":"Collector","floor":33,"turns":8},{"damage":0,"enemies":"3 Darklings","floor":35,"turns":3},{"damage":0,"enemies":"Orb Walker","floor":38,"turns":4},{"damage":9,"enemies":"Maw","floor":39,"turns":9},{"damage":43,"enemies":"Jaw Worm Horde","floor":41,"turns":5}],"seed_played":"951748324594315687","potions_obtained":[{"floor":0,"key":"Swift Potion"},{"floor":0,"key":"FearPotion"},{"floor":0,"key":"SpeedPotion"},{"floor":1,"key":"Strength Potion"},{"floor":2,"key":"Swift Potion"},{"floor":7,"key":"Poison Potion"},{"floor":12,"key":"Weak Potion"},{"floor":19,"key":"EssenceOfSteel"},{"floor":27,"key":"LiquidBronze"},{"floor":35,"key":"Block Potion"}],"is_trial":false,"path_per_floor":["M","M","M","$","M","R","E","R","T","R","?","M","M","M","R","B",null,"M","M","?","$","?","M","R","M","T","E","$","?","?","M","R","B",null,"M","?","$","M","M","R","M"],"character_chosen":"IRONCLAD","items_purchased":["Combust","Armaments+1","LiquidBronze","Rupture","Whirlwind","PowerPotion","True Grit+1"],"campfire_rested":1,"item_purchase_floors":[21,21,21,28,28,37,37],"current_hp_per_floor":[80,80,80,80,80,80,69,69,69,69,69,75,78,80,80,41,80,80,80,65,65,65,65,65,64,64,61,61,61,61,61,85,13,85,85,85,85,85,82,82,45],"gold":111,"neow_bonus":"THREE_SMALL_POTIONS","is_prod":false,"is_daily":false,"chose_seed":false,"campfire_upgraded":6,"win_rate":0,"timestamp":1550976751,"path_taken":["M","M","M","$","M","R","E","R","T","R","?","?","M","M","R","BOSS","M","M","?","$","?","M","R","M","T","E","$","?","?","M","R","BOSS","M","?","$","M","?","R","M"],"build_version":"2019-01-23","purchased_purges":2,"victory":false,"max_hp_per_floor":[80,80,80,80,80,80,80,80,80,80,80,80,80,80,80,80,80,80,80,85,85,85,85,85,85,85,85,85,85,85,85,85,85,85,85,85,85,85,85,85,85],"card_choices":[{"not_picked":["Dropkick","Sword Boomerang"],"picked":"Shrug It Off","floor":1},{"not_picked":["Bloodletting","Shrug It Off"],"picked":"Anger","floor":2},{"not_picked":["Heavy Blade","Burning Pact"],"picked":"Flame Barrier","floor":3},{"not_picked":["Ghostly Armor","Shockwave"],"picked":"Twin Strike","floor":5},{"not_picked":["Burning Pact","Perfected Strike"],"picked":"Corruption","floor":7},{"not_picked":["Anger","Sword Boomerang"],"picked":"Battle Trance+1","floor":12},{"not_picked":["Clothesline","Perfected Strike"],"picked":"Shockwave+1","floor":13},{"not_picked":["True Grit+1","Thunderclap"],"picked":"Headbutt","floor":14},{"not_picked":["Exhume+1","Reaper"],"picked":"Impervious+1","floor":16},{"not_picked":["Twin Strike+1","Fire Breathing"],"picked":"Evolve","floor":18},{"not_picked":["Headbutt","Searing Blow"],"picked":"Shrug It Off+1","floor":19},{"not_picked":["Flex+1","Warcry+1"],"picked":"Inflame","floor":23},{"not_picked":["Twin Strike","Thunderclap"],"picked":"Uppercut","floor":25},{"not_picked":["Combust","Pommel Strike","Iron Wave+1"],"picked":"SKIP","floor":27},{"not_picked":["Flex+1","Twin Strike+1","Intimidate+1"],"picked":"SKIP","floor":31},{"not_picked":["Barricade","Juggernaut"],"picked":"Immolate","floor":33},{"not_picked":["Pummel+1","Thunderclap","Hemokinesis+1"],"picked":"SKIP","floor":35},{"not_picked":["Evolve+1","Reckless Charge","Headbutt+1"],"picked":"SKIP","floor":38},{"not_picked":["Heavy Blade+1","Intimidate+1"],"picked":"Shrug It Off+1","floor":39},{"not_picked":["Headbutt","Clothesline+1","Flex+1"],"picked":"SKIP","floor":41}],"player_experience":499863,"relics_obtained":[{"floor":7,"key":"Bag of Preparation"},{"floor":9,"key":"Toxic Egg 2"},{"floor":26,"key":"Bottled Lightning"},{"floor":27,"key":"Blue Candle"}],"event_choices":[{"damage_healed":0,"gold_gain":0,"cards_transformed":["Strike_R"],"player_choice":"Transformed","damage_taken":0,"max_hp_gain":0,"max_hp_loss":0,"event_name":"Transmorgrifier","floor":11,"gold_loss":0,"cards_obtained":["Warcry"]},{"damage_healed":0,"gold_gain":0,"player_choice":"Shed Blood","damage_taken":20,"max_hp_gain":5,"max_hp_loss":0,"event_name":"Forgotten Altar","floor":20,"gold_loss":0},{"damage_healed":0,"gold_gain":0,"player_choice":"Ignored","damage_taken":0,"max_hp_gain":0,"max_hp_loss":0,"event_name":"Cursed Tome","floor":22,"gold_loss":0},{"damage_healed":0,"gold_gain":0,"player_choice":"Ignored","damage_taken":0,"max_hp_gain":0,"max_hp_loss":0,"event_name":"Ghosts","floor":29,"gold_loss":0},{"damage_healed":0,"gold_gain":0,"player_choice":"Ignored","damage_taken":0,"max_hp_gain":0,"max_hp_loss":0,"event_name":"The Mausoleum","floor":30,"gold_loss":0},{"damage_healed":0,"gold_gain":0,"cards_transformed":["Strike_R"],"player_choice":"Transformed","damage_taken":0,"max_hp_gain":0,"max_hp_loss":0,"event_name":"Transmorgrifier","floor":36,"gold_loss":0,"cards_obtained":["Wild Strike"]}],"is_beta":false,"boss_relics":[{"not_picked":["Lizard Tail","Pandora\u0027s Box"],"picked":"Velvet Choker"},{"not_picked":["Philosopher\u0027s Stone","Tiny House"],"picked":"Runic Pyramid"}],"items_purged_floors":[28,37],"is_endless":false,"potions_floor_spawned":[1,2,7,12,14,19,23,27,35,41],"killed_by":"Jaw Worm Horde","ascension_level":0}