{"gold_per_floor":[112,58,71,71,87,87,112,112,139,170,170,195,164,177,177,282,282,294,294,294,313,326,326,30,61,61,11,26,55,68,103,103,200,200,215,215,231,248,248,248,262,295,295,315,315,104,104,123,123,123,123,123,21,48,48],"floor_reached":55,"playtime":3331,"items_purged":["Strike_R","Strike_R","Defend_R"],"score":1221,"play_id":"a44608fb-7d22-4786-9dca-1b38ab4225d4","local_time":"20190301111220","is_ascension_mode":true,"campfire_choices":[{"data":"Bash","floor":6,"key":"SMITH"},{"data":"Bludgeon","floor":8,"key":"SMITH"},{"floor":11,"key":"REST"},{"data":"Barricade","floor":15,"key":"SMITH"},{"data":"Rage","floor":23,"key":"SMITH"},{"data":"Entrench","floor":32,"key":"SMITH"},{"floor":40,"key":"RECALL"},{"floor":45,"key":"REST"},{"data":"Body Slam","floor":47,"key":"SMITH"},{"floor":49,"key":"REST"},{"floor":52,"key":"REST"}],"neow_cost":"NONE","seed_source_timestamp":737526269959004,"circlet_count":0,"master_deck":["AscendersBane","Defend_R","Defend_R","Defend_R","Bash+1","Feel No Pain","Heavy Blade","Shrug It Off","Bludgeon+1","Barricade+1","Rage+1","Dropkick","Immolate","Metallicize+1","Metallicize+1","True Grit+1","Battle Trance","Entrench+1","Metallicize","Body Slam+1","Metallicize","Offering","Heavy Blade+1","Fire Breathing+1","Cleave+1","Flame Barrier","Evolve","Blind","Offering","Reaper"],"relics":["Burning Blood","Anchor","Strawberry","Mummified Hand","Centennial Puzzle","Philosopher\u0027s Stone","Potion Belt","Red Mask","Matryoshka","Gremlin Horn","Mercury Hourglass","Astrolabe","Art of War","Smiling Mask","Lantern"],"potions_floor_usage":[10,10,18,19,19,25,25,29,31,31,39,44,50,54,55,55,55],"damage_taken":[{"damage":12,"enemies":"Small Slimes","floor":1,"turns":3},{"damage":24,"enemies":"Jaw Worm","floor":3,"turns":5},{"damage":1,"enemies":"Cultist","floor":5,"turns":3},{"damage":35,"enemies":"Gremlin Nob","floor":7,"turns":5},{"damage":20,"enemies":"Lagavulin","floor":10,"turns":6},{"damage":30,"enemies":"Gremlin Nob","floor":12,"turns":4},{"damage":0,"enemies":"Blue Slaver","floor":14,"turns":2},{"damage":20,"enemies":"Hexaghost","floor":16,"turns":8},{"damage":19,"enemies":"Spheric Guardian","floor":18,"turns":4},{"damage":0,"enemies":"Colosseum Slavers","floor":19,"turns":4},{"damage":3,"enemies":"Shell Parasite","floor":21,"turns":4},{"damage":0,"enemies":"Sentry and Sphere","floor":22,"turns":8},{"damage":7,"enemies":"Masked Bandits","floor":25,"turns":4},{"damage":0,"enemies":"Snake Plant","floor":28,"turns":5},{"damage":13,"enemies":"Gremlin Leader","floor":29,"turns":5},{"damage":13,"enemies":"Shelled Parasite and Fungi","floor":30,"turns":4},{"damage":1,"enemies":"Slavers","floor":31,"turns":5},{"damage":11,"enemies":"Automaton","floor":33,"turns":12},{"damage":6,"enemies":"3 Darklings","floor":35,"turns":2},{"damage":15,"enemies":"Orb Walker","floor":37,"turns":3},{"damage":6,"enemies":"Sphere and 2 Shapes","floor":38,"turns":3},{"damage":0,"enemies":"Maw","floor":39,"turns":2},{"damage":27,"enemies":"4 Shapes","floor":41,"turns":6},{"damage":42,"enemies":"Nemesis","floor":42,"turns":9},{"damage":8,"enemies":"Spire Growth","floor":44,"turns":6},{"damage":6,"enemies":"Transient","floor":48,"turns":5},{"damage":87,"enemies":"Awakened One","floor":50,"turns":19},{"damage":79,"enemies":"Shield and Spear","floor":54,"turns":8},{"damage":67,"enemies":"The Heart","floor":55,"turns":5}],"seed_played":"7945227566182592757","potions_obtained":[{"floor":3,"key":"Ancient Potion"},{"floor":7,"key":"Block Potion"},{"floor":14,"key":"FearPotion"},{"floor":16,"key":"Ancient Potion"},{"floor":18,"key":"SkillPotion"},{"floor":22,"key":"EntropicBrew"},{"floor":25,"key":"FairyPotion"},{"floor":29,"key":"EssenceOfSteel"},{"floor":36,"key":"SmokeBomb"},{"floor":36,"key":"LiquidBronze"},{"floor":41,"key":"FearPotion"},{"floor":42,"key":"Weak Potion"},{"floor":44,"key":"BloodPotion"},{"floor":54,"key":"LiquidBronze"}],"is_trial":false,"path_per_floor":["M","$","M","?","M","R","E","R","T","E","R","E","?","M","R","B",null,"M","?","?","M","M","R","$","?","T","?","M","E","M","E","R","B",null,"M","?","M","M","M","R","M","E","T","M","R","$","R","M","R","B",null,"R","$","E","B"],"character_chosen":"IRONCLAD","items_purchased":["Heavy Blade","Battle Trance","Potion Belt","Blind","LiquidBronze","PowerPotion"],"campfire_rested":4,"item_purchase_floors":[2,24,24,46,46,53],"current_hp_per_floor":[74,74,56,44,49,49,20,20,27,13,41,17,17,23,23,9,74,61,67,67,70,76,76,76,75,75,75,81,74,67,72,72,67,88,88,88,79,79,85,85,64,28,28,26,54,54,54,54,82,10,74,95,95,22,0],"gold":48,"neow_bonus":"TEN_PERCENT_HP_BONUS","is_prod":false,"is_daily":false,"chose_seed":false,"campfire_upgraded":6,"win_rate":0,"timestamp":1551456740,"path_taken":["M","$","M","?","M","R","E","R","T","E","R","E","?","M","R","BOSS","M","?","?","?","M","R","$","?","T","?","M","E","?","E","R","BOSS","M","?","M","M","?","R","M","E","T","M","R","$","R","M","R","BOSS","R","$","E","BOSS"],"build_version":"2019-01-23","purchased_purges":3,"victory":false,"max_hp_per_floor":[88,88,88,88,88,88,88,88,95,95,95,95,95,95,95,95,95,95,95,95,95,95,95,95,95,95,95,95,95,95,95,95,95,95,95,95,95,95,95,95,95,95,95,95,95,95,95,95,95,95,95,95,95,95,95],"card_choices":[{"not_picked":["Armaments","Headbutt"],"picked":"Feel No Pain","floor":1},{"not_picked":["Burning Pact","Corruption"],"picked":"Shrug It Off","floor":3},{"not_picked":["Rupture","Sword Boomerang","Heavy Blade"],"picked":"SKIP","floor":5},{"not_picked":["Flame Barrier","Power Through"],"picked":"Bludgeon","floor":7},{"not_picked":["Dual Wield","Thunderclap"],"picked":"Barricade","floor":10},{"not_picked":["Sword Boomerang","Dual Wield"],"picked":"Rage","floor":12},{"not_picked":["Headbutt","Perfected Strike"],"picked":"Dropkick","floor":14},{"not_picked":["Berserk","Feed"],"picked":"Immolate","floor":16},{"not_picked":["Uppercut","Cleave"],"picked":"Metallicize+1","floor":18},{"not_picked":["Cleave+1","Twin Strike"],"picked":"True Grit+1","floor":21},{"not_picked":["Heavy Blade","Twin Strike+1","Wild Strike"],"picked":"SKIP","floor":22},{"not_picked":["Searing Blow+1","Perfected Strike"],"picked":"Entrench","floor":25},{"not_picked":["Pummel","Heavy Blade","Havoc"],"picked":"SKIP","floor":28},{"not_picked":["Clash","Immolate"],"picked":"Metallicize","floor":29},{"not_picked":["Flex","Uppercut"],"picked":"Body Slam","floor":30},{"not_picked":["Battle Trance","Rampage"],"picked":"Metallicize","floor":31},{"not_picked":["Exhume","Limit Break"],"picked":"Offering","floor":33},{"not_picked":["Rampage","Sentinel"],"picked":"Flame Barrier","floor":35},{"not_picked":["Body Slam","Armaments"],"picked":"Evolve","floor":37},{"not_picked":["Carnage","Clash+1","Warcry"],"picked":"SKIP","floor":38},{"not_picked":["Seeing Red+1","True Grit","Whirlwind"],"picked":"SKIP","floor":41},{"not_picked":["Wild Strike+1","Bloodletting+1","Twin Strike+1"],"picked":"SKIP","floor":42},{"not_picked":["Reckless Charge","Whirlwind","Armaments"],"picked":"SKIP","floor":44},{"not_picked":["Body Slam","Wild Strike+1"],"picked":"Offering","floor":48},{"not_picked":["Anger","Ghostly Armor+1"],"picked":"Reaper","floor":54}],"player_experience":732253,"relics_obtained":[{"floor":7,"key":"Anchor"},{"floor":9,"key":"Strawberry"},{"floor":10,"key":"Mummified Hand"},{"floor":12,"key":"Centennial Puzzle"},{"floor":25,"key":"Red Mask"},{"floor":26,"key":"Matryoshka"},{"floor":29,"key":"Gremlin Horn"},{"floor":31,"key":"Mercury Hourglass"},{"floor":42,"key":"Art of War"},{"floor":43,"key":"Smiling Mask"},{"floor":54,"key":"Lantern"}],"event_choices":[{"damage_healed":0,"gold_gain":0,"player_choice":"Fled","damage_taken":12,"max_hp_gain":0,"max_hp_loss":0,"event_name":"Scrap Ooze","floor":4,"gold_loss":0},{"damage_healed":0,"gold_gain":0,"player_choice":"Left Gold","damage_taken":0,"max_hp_gain":0,"max_hp_loss":0,"event_name":"World of Goop","floor":13,"gold_loss":31},{"damage_healed":0,"gold_gain":0,"player_choice":"Fight","damage_taken":0,"max_hp_gain":0,"max_hp_loss":0,"event_name":"Colosseum","floor":19,"gold_loss":0},{"damage_healed":0,"gold_gain":0,"player_choice":"Fled From Nobs","damage_taken":0,"max_hp_gain":0,"max_hp_loss":0,"event_name":"Colosseum","floor":19,"gold_loss":0},{"damage_healed":0,"gold_gain":0,"player_choice":"Copied","damage_taken":0,"max_hp_gain":0,"max_hp_loss":0,"event_name":"Duplicator","floor":20,"gold_loss":0,"cards_obtained":["Metallicize"]},{"damage_healed":0,"gold_gain":0,"player_choice":"Fought Bandits","damage_taken":0,"max_hp_gain":0,"max_hp_loss":0,"event_name":"Masked Bandits","floor":25,"gold_loss":0},{"damage_healed":0,"gold_gain":0,"player_choice":"Bet on Owner","damage_taken":0,"max_hp_gain":0,"max_hp_loss":0,"event_name":"The Joust","floor":27,"gold_loss":50},{"damage_healed":0,"gold_gain":0,"player_choice":"Got Potions","damage_taken":0,"max_hp_gain":0,"max_hp_loss":0,"event_name":"Lab","floor":36,"gold_loss":0}],"is_beta":false,"boss_relics":[{"not_picked":["Busted Crown","Empty Cage"],"picked":"Philosopher\u0027s Stone"},{"not_picked":["Black Blood","Runic Pyramid"],"picked":"Astrolabe"}],"items_purged_floors":[24,46,53],"is_endless":false,"potions_floor_spawned":[3,7,14,16,18,22,25,29,41,42,44,54],"killed_by":"The Heart","ascension_level":12}