{"path_per_floor":["M","?","$","M","M","?","$","M","T","R","M","M","R","E","R","B",null,"M","?","M","M","M","R","?","R","T","M","R","?","M","?","R","B",null,"M","?","M","$","M","R","$","M","T","R","M","M","M","M","R","B"],"character_chosen":"THE_SILENT","items_purchased":["Prepared","Vajra","Jack Of All Trades"],"gold_per_floor":[109,109,34,54,68,68,17,32,32,32,49,60,60,93,93,196,196,207,207,226,238,258,258,258,258,336,355,355,270,288,213,213,308,308,319,319,335,1,20,20,20,39,39,39,54,68,83,97,97,97],"floor_reached":51,"campfire_rested":2,"playtime":3926,"current_hp_per_floor":[64,64,64,64,57,54,54,52,52,52,52,48,48,40,40,42,70,58,58,50,36,22,43,35,35,35,35,35,45,42,42,42,15,45,32,32,32,32,32,32,32,28,28,41,41,41,41,41,41,1],"items_purged":["Regret","Storm of Steel"],"gold":97,"score":655,"play_id":"19e2ff0b-e241-4b17-b36f-cf9f930bebe2","local_time":"20180510162229","is_prod":false,"is_daily":false,"chose_seed":false,"is_ascension_mode":false,"campfire_upgraded":8,"timestamp":1525983749,"path_taken":["M","?","$","M","M","?","?","M","T","R","M","M","R","E","R","BOSS","M","?","M","M","M","R","?","R","T","?","R","?","M","?","R","BOSS","M","?","?","$","M","R","?","M","T","R","?","?","M","M","R","BOSS"],"build_version":"2018-05-09","seed_source_timestamp":123083666306502,"purchased_purges":2,"victory":true,"master_deck":["Defend_G+1","Defend_G+1","Defend_G+1","Defend_G+1","Defend_G+1","Strike_G+1","Strike_G+1","Strike_G+1","Strike_G+1","Survivor+1","Neutralize+1","Decay","Tools of the Trade+1","Dagger Throw+1","Flying Knee+1","Prepared+1","PiercingWail+1","Deadly Poison+1","Venomology+1","Cloak And Dagger+1","Footwork+1","Glass Knife+1","Dodge and Roll+1","Ghostly+1","Ghostly+1","Ghostly+1","Ghostly+1","Ghostly+1","Predator+1","Backflip+1","Adrenaline+1","Acrobatics+1","Infinite Blades+1","Jack Of All Trades+1","Predator+1","Dodge and Roll+1","Reflex+1","Backflip+1","Choke+1"],"max_hp_per_floor":[70,70,70,70,70,70,70,70,70,70,70,70,70,70,70,70,70,70,70,70,70,70,70,35,35,35,35,35,45,45,45,45,45,45,45,45,45,45,45,45,45,45,45,45,45,45,45,45,45,45],"relics":["Calling Bell","Bag of Marbles","Pantograph","Turnip","Toxic Egg 2","Lantern","Paper Crane","Philosopher\u0027s Stone","Question Card","Pear","Cursed Key","Vajra"],"card_choices":[{"not_picked":["Deflect","Bane"],"picked":"Tools of the Trade","floor":1},{"not_picked":["Blur","Blade Dance"],"picked":"Dagger Throw","floor":4},{"not_picked":["Crippling Poison","Outmaneuver"],"picked":"Flying Knee","floor":5},{"not_picked":["Dodge and Roll","Deflect"],"picked":"PiercingWail","floor":8},{"not_picked":["Heel Hook","Eviscerate"],"picked":"Deadly Poison","floor":11},{"not_picked":["Poisoned Stab","PiercingWail"],"picked":"Storm of Steel","floor":14},{"not_picked":["Night Terror","Phantasmal Killer"],"picked":"Venomology","floor":16},{"not_picked":["Underhanded Strike","Dagger Throw"],"picked":"Cloak And Dagger","floor":18},{"not_picked":["Deflect","Acrobatics"],"picked":"Footwork","floor":20},{"not_picked":["Prepared","All Out Attack"],"picked":"Glass Knife","floor":21},{"not_picked":["Bane","Prepared"],"picked":"Dodge and Roll","floor":22},{"not_picked":["Dagger Spray","Blur","Backflip"],"picked":"Predator","floor":27},{"not_picked":["Underhanded Strike","Deflect","Bane"],"picked":"Backflip","floor":30},{"not_picked":["Storm of Steel","Doppelganger","Wraith Form v2"],"picked":"Adrenaline","floor":33},{"not_picked":["Cloak And Dagger","Sucker Punch","Endless Agony"],"picked":"Acrobatics","floor":35},{"not_picked":["Flechettes","Underhanded Strike","Bane"],"picked":"Infinite Blades","floor":37},{"not_picked":["Bullet Time","Underhanded Strike","Well Laid Plans"],"picked":"Predator","floor":39},{"not_picked":["Bouncing Flask","Escape Plan","Prepared"],"picked":"Dodge and Roll","floor":42},{"not_picked":["Cloak And Dagger","Blur","Endless Agony"],"picked":"Reflex","floor":45},{"not_picked":["Flying Knee","Underhanded Strike","Bane"],"picked":"Backflip","floor":47},{"not_picked":["Slice","Escape Plan","Heel Hook"],"picked":"Choke","floor":48}],"player_experience":79933,"potions_floor_usage":[12,14,18,21,21,27,33,33,35,37,39,42,45,46,50,50,50],"damage_taken":[{"damage":6,"enemies":"Jaw Worm","floor":1,"turns":8},{"damage":0,"enemies":"Cultist","floor":4,"turns":6},{"damage":7,"enemies":"2 Louse","floor":5,"turns":3},{"damage":2,"enemies":"Exordium Thugs","floor":8,"turns":5},{"damage":0,"enemies":"Exordium Wildlife","floor":11,"turns":4},{"damage":4,"enemies":"Large Slime","floor":12,"turns":5},{"damage":8,"enemies":"3 Sentries","floor":14,"turns":10},{"damage":23,"enemies":"The Guardian","floor":16,"turns":12},{"damage":12,"enemies":"2 Thieves","floor":18,"turns":4},{"damage":8,"enemies":"Shell Parasite","floor":20,"turns":5},{"damage":14,"enemies":"Chosen and Byrds","floor":21,"turns":7},{"damage":14,"enemies":"3 Cultists","floor":22,"turns":6},{"damage":0,"enemies":"Centurion and Healer","floor":27,"turns":5},{"damage":3,"enemies":"Snake Plant","floor":30,"turns":2},{"damage":45,"enemies":"Automaton","floor":33,"turns":14},{"damage":13,"enemies":"3 Darklings","floor":35,"turns":10},{"damage":0,"enemies":"Orb Walker","floor":37,"turns":3},{"damage":0,"enemies":"Spire Growth","floor":39,"turns":4},{"damage":4,"enemies":"3 Darklings","floor":42,"turns":6},{"damage":0,"enemies":"Flame Bruiser 2 Orb","floor":45,"turns":4},{"damage":0,"enemies":"4 Shapes","floor":46,"turns":5},{"damage":0,"enemies":"Maw","floor":47,"turns":8},{"damage":0,"enemies":"Spire Growth","floor":48,"turns":7},{"damage":44,"enemies":"Time Eater","floor":50,"turns":16}],"event_choices":[{"event_name":"Upgrade Shrine","player_choice":"Upgraded","floor":2,"damage_taken":0},{"event_name":"Scrap Ooze","player_choice":"success","floor":6,"damage_taken":3},{"event_name":"Back to Basics","player_choice":"Simplicity","floor":19,"damage_taken":0},{"event_name":"Ghosts","player_choice":"Became a Ghost","floor":24,"damage_taken":0},{"event_name":"Addict","player_choice":"Obtained Relic","floor":29,"damage_taken":0},{"event_name":"Beggar","player_choice":"Gave Gold","floor":31,"damage_taken":0}],"boss_relics":[{"not_picked":["Eternal Feather","Snecko Eye"],"picked":"Philosopher\u0027s Stone"},{"not_picked":["Orrery","Black Star"],"picked":"Cursed Key"}],"potions_floor_spawned":[4,12,14,18,33,35,45,46,47],"seed_played":"-4584782556672408598","ascension_level":0,"is_trial":false}