{"gold_per_floor":[110,110,121,139,139,174,189,207,207,207,227,227,252,267,267,338,338,354,354,35,35,35,53,79,79,79,97,129,149,71,81,81,152,152,165,165,165,165,179,179,198,298,298,298,324,356,381,123,123,123],"floor_reached":51,"playtime":3879,"items_purged":["Strike_R"],"score":1232,"play_id":"442c348e-08d9-4877-a755-e3aa7f58d7c8","local_time":"20190302234408","is_ascension_mode":true,"campfire_choices":[{"data":"Dual Wield","floor":10,"key":"SMITH"},{"data":"Shockwave","floor":12,"key":"SMITH"},{"data":"Disarm","floor":15,"key":"SMITH"},{"data":"Corruption","floor":25,"key":"SMITH"},{"data":"Feel No Pain","floor":32,"key":"SMITH"},{"data":"Limit Break","floor":40,"key":"SMITH"},{"data":"Transmutation","floor":49,"key":"SMITH"}],"neow_cost":"PERCENT_DAMAGE","seed_source_timestamp":12489893992649,"circlet_count":0,"master_deck":["AscendersBane","Strike_R+1","Strike_R+1","Strike_R+1","Defend_R+1","Defend_R+1","Defend_R+1","Bash","Inflame","Seeing Red","Shockwave+1","Corruption+1","Combust","Dual Wield+1","Disarm+1","Pommel Strike","Impervious","Burning Pact","Ghostly","Ghostly","Ghostly","Battle Trance","Exhume","Flame Barrier","Metallicize","Feel No Pain+1","Limit Break+1","Pummel+1","Dual Wield","Feel No Pain+1","Dark Embrace","Shrug It Off","Iron Wave+1","Transmutation+1"],"relics":["Burning Blood","Bird Faced Urn","Charon\u0027s Ashes","Oddly Smooth Stone","Dream Catcher","Philosopher\u0027s Stone","MealTicket","Self Forming Clay","Bag of Marbles","Meat on the Bone","Eternal Feather","Gambling Chip","Shuriken","MawBank"],"potions_floor_usage":[7,16,45,45],"damage_taken":[{"damage":8,"enemies":"Jaw Worm","floor":1,"turns":5},{"damage":9,"enemies":"2 Louse","floor":3,"turns":4},{"damage":1,"enemies":"Small Slimes","floor":4,"turns":3},{"damage":30,"enemies":"Gremlin Nob","floor":6,"turns":5},{"damage":0,"enemies":"2 Fungi Beasts","floor":7,"turns":3},{"damage":4,"enemies":"Looter","floor":8,"turns":3},{"damage":11,"enemies":"Blue Slaver","floor":11,"turns":4},{"damage":18,"enemies":"Lagavulin","floor":13,"turns":6},{"damage":7,"enemies":"3 Louse","floor":14,"turns":3},{"damage":28,"enemies":"The Guardian","floor":16,"turns":10},{"damage":30,"enemies":"Spheric Guardian","floor":18,"turns":4},{"damage":7,"enemies":"3 Byrds","floor":23,"turns":4},{"damage":14,"enemies":"Book of Stabbing","floor":24,"turns":6},{"damage":4,"enemies":"Snecko","floor":27,"turns":5},{"damage":1,"enemies":"Slavers","floor":28,"turns":3},{"damage":1,"enemies":"Cultist and Chosen","floor":29,"turns":5},{"damage":18,"enemies":"Snake Plant","floor":31,"turns":5},{"damage":23,"enemies":"Champ","floor":33,"turns":15},{"damage":4,"enemies":"3 Darklings","floor":35,"turns":4},{"damage":1,"enemies":"Orb Walker","floor":39,"turns":3},{"damage":3,"enemies":"Sphere and 2 Shapes","floor":41,"turns":6},{"damage":0,"enemies":"Mind Bloom Boss Battle","floor":42,"turns":11},{"damage":12,"enemies":"Giant Head","floor":45,"turns":10},{"damage":5,"enemies":"Jaw Worm Horde","floor":46,"turns":7},{"damage":12,"enemies":"4 Shapes","floor":47,"turns":5},{"damage":54,"enemies":"Time Eater","floor":50,"turns":16}],"seed_played":"1320236654782785285","potions_obtained":[{"floor":6,"key":"Energy Potion"},{"floor":7,"key":"Explosive Potion"},{"floor":11,"key":"SpeedPotion"},{"floor":13,"key":"Fire Potion"},{"floor":24,"key":"Dexterity Potion"},{"floor":27,"key":"GamblersBrew"},{"floor":46,"key":"SpeedPotion"}],"is_trial":false,"path_per_floor":["M","?","M","M","?","E","M","M","T","R","M","R","E","M","R","B",null,"M","?","$","?","?","M","E","R","T","M","E","M","$","M","R","B",null,"M","?","$","?","M","R","M","?","T","?","E","M","M","$","R","B",null],"character_chosen":"IRONCLAD","items_purchased":["Battle Trance","MealTicket","Metallicize","FairyPotion","Transmutation"],"campfire_rested":0,"item_purchase_floors":[20,20,30,48,48],"current_hp_per_floor":[48,41,40,47,72,50,58,64,64,64,61,61,55,58,58,46,68,50,37,37,37,37,36,34,34,34,37,37,37,37,27,27,32,36,37,35,35,35,35,35,35,35,35,35,31,35,35,35,35,29],"gold":123,"neow_bonus":"ONE_RARE_RELIC","is_prod":false,"is_daily":false,"chose_seed":false,"campfire_upgraded":7,"win_rate":0,"timestamp":1551588248,"path_taken":["M","?","M","M","?","E","M","M","T","R","M","R","E","M","R","BOSS","M","?","$","?","?","M","E","R","T","M","E","M","$","M","R","BOSS","M","?","$","?","M","R","M","?","T","?","E","M","M","$","R","BOSS"],"build_version":"2019-01-23","purchased_purges":1,"victory":true,"max_hp_per_floor":[75,75,75,75,75,75,75,75,75,75,75,75,75,75,75,75,75,75,37,37,37,37,37,37,37,37,37,37,37,37,37,37,37,37,37,35,35,35,35,35,35,35,35,35,35,35,35,35,35,35],"card_choices":[{"not_picked":["Headbutt","Clothesline"],"picked":"Inflame","floor":1},{"not_picked":["Wild Strike","Sentinel"],"picked":"Seeing Red","floor":3},{"not_picked":["Dual Wield","Clash"],"picked":"Shockwave","floor":4},{"not_picked":["Warcry","Body Slam"],"picked":"Corruption","floor":6},{"not_picked":["Anger","Ghostly Armor"],"picked":"Combust","floor":7},{"not_picked":["Warcry","Havoc"],"picked":"Dual Wield","floor":8},{"not_picked":["Twin Strike","Thunderclap"],"picked":"Disarm","floor":11},{"not_picked":["Havoc","Intimidate"],"picked":"Pommel Strike","floor":13},{"not_picked":["Iron Wave","Perfected Strike","Wild Strike"],"picked":"SKIP","floor":14},{"not_picked":["Reaper","Barricade"],"picked":"Impervious","floor":16},{"not_picked":["Combust","Havoc"],"picked":"Burning Pact","floor":18},{"not_picked":["Clash","Uppercut","Cleave"],"picked":"SKIP","floor":23},{"not_picked":["Dual Wield","Whirlwind"],"picked":"Exhume","floor":24},{"not_picked":["True Grit","Entrench","Armaments+1"],"picked":"SKIP","floor":27},{"not_picked":["Bludgeon","Havoc","Spot Weakness"],"picked":"SKIP","floor":28},{"not_picked":["Uppercut","Headbutt"],"picked":"Flame Barrier","floor":29},{"not_picked":["Searing Blow","Carnage"],"picked":"Feel No Pain","floor":31},{"not_picked":["Bludgeon","Offering"],"picked":"Limit Break","floor":33},{"not_picked":["Wild Strike","Whirlwind"],"picked":"Pummel+1","floor":35},{"not_picked":["Armaments","Headbutt","Intimidate"],"picked":"SKIP","floor":39},{"not_picked":["Shrug It Off+1","Pommel Strike+1"],"picked":"Dual Wield","floor":41},{"not_picked":["Wild Strike","Uppercut+1"],"picked":"Dark Embrace","floor":45},{"not_picked":["Clothesline","Havoc"],"picked":"Shrug It Off","floor":46},{"not_picked":["Havoc","True Grit+1"],"picked":"Iron Wave+1","floor":47}],"player_experience":783821,"relics_obtained":[{"floor":6,"key":"Charon\u0027s Ashes"},{"floor":9,"key":"Oddly Smooth Stone"},{"floor":13,"key":"Dream Catcher"},{"floor":24,"key":"Self Forming Clay"},{"floor":26,"key":"Bag of Marbles"},{"floor":28,"key":"Meat on the Bone"},{"floor":42,"key":"Gambling Chip"},{"floor":43,"key":"Shuriken"},{"floor":45,"key":"MawBank"}],"event_choices":[{"cards_removed":["Strike_R"],"damage_healed":0,"gold_gain":0,"player_choice":"Card Removal","damage_taken":7,"max_hp_gain":0,"max_hp_loss":0,"event_name":"Golden Wing","floor":2,"gold_loss":0},{"damage_healed":25,"gold_gain":0,"player_choice":"Banana","damage_taken":0,"max_hp_gain":0,"max_hp_loss":0,"event_name":"Big Fish","floor":5,"gold_loss":0},{"damage_healed":0,"gold_gain":0,"player_choice":"Became a Ghost","damage_taken":0,"max_hp_gain":0,"max_hp_loss":38,"event_name":"Ghosts","floor":19,"gold_loss":0,"cards_obtained":["Ghostly","Ghostly","Ghostly"]},{"damage_healed":0,"gold_gain":0,"player_choice":"Simplicity","damage_taken":0,"max_hp_gain":0,"max_hp_loss":0,"event_name":"Back to Basics","floor":21,"gold_loss":0,"cards_upgraded":["Strike_R","Strike_R","Strike_R","Defend_R","Defend_R","Defend_R","Defend_R"]},{"damage_healed":0,"gold_gain":0,"player_choice":"Ignored","damage_taken":0,"max_hp_gain":0,"max_hp_loss":0,"event_name":"The Mausoleum","floor":22,"gold_loss":0},{"damage_healed":0,"gold_gain":0,"player_choice":"Max HP","damage_taken":0,"max_hp_gain":0,"max_hp_loss":2,"event_name":"Winding Halls","floor":36,"gold_loss":0},{"cards_removed":["Defend_R"],"damage_healed":0,"gold_gain":0,"player_choice":"Removed Skill","damage_taken":0,"max_hp_gain":0,"max_hp_loss":0,"event_name":"Falling","floor":38,"gold_loss":0},{"damage_healed":0,"gold_gain":0,"player_choice":"Fight","damage_taken":0,"max_hp_gain":0,"max_hp_loss":0,"event_name":"MindBloom","floor":42,"gold_loss":0},{"damage_healed":0,"gold_gain":0,"player_choice":"Copied","damage_taken":0,"max_hp_gain":0,"max_hp_loss":0,"event_name":"Duplicator","floor":44,"gold_loss":0,"cards_obtained":["Feel No Pain"]}],"is_beta":false,"boss_relics":[{"not_picked":["Fusion Hammer","Astrolabe"],"picked":"Philosopher\u0027s Stone"},{"not_picked":["White Beast Statue","Runic Dome"],"picked":"Eternal Feather"}],"items_purged_floors":[20],"is_endless":false,"potions_floor_spawned":[6,7,11,13,14,24,27,28,33,42,46],"ascension_level":15}