{"gold_per_floor":[117,136,156,156,170,170,199,199,199,213,233,233,250,250,250,346,346,361,49,49,65,83,112,112,112,139,156,174,174,174,190,190,293,293,304,321,332,344,364,364,377,377,454,470,440,455,455],"floor_reached":47,"playtime":7213,"items_purged":[],"score":482,"play_id":"39fe3607-1a82-45d7-a062-890ca8a37b71","local_time":"20190210114300","is_ascension_mode":false,"campfire_choices":[{"data":"Anger","floor":6,"key":"SMITH"},{"floor":8,"key":"RECALL"},{"data":"Shockwave","floor":12,"key":"SMITH"},{"data":"Anger","floor":15,"key":"SMITH"},{"floor":25,"key":"REST"},{"floor":30,"key":"REST"},{"floor":32,"key":"REST"},{"data":"Corruption","floor":40,"key":"SMITH"},{"data":"Demon Form","floor":42,"key":"SMITH"}],"neow_cost":"NONE","seed_source_timestamp":2039873031257953,"circlet_count":0,"master_deck":["Strike_R","Strike_R","Defend_R","Defend_R","Defend_R","Bash","Anger+1","Anger+1","Warcry","Havoc","Shrug It Off","Seeing Red","Cleave","Shockwave+1","Shrug It Off","Demon Form+1","Bloodletting+1","Second Wind+1","Combust+1","Cleave","RitualDagger","Disarm+1","Burning Pact","Body Slam+1","Corruption+1","Berserk","Warcry+1","Rage+1","Infernal Blade+1","Sentinel+1","Dual Wield+1","Parasite","Havoc+1","Pain"],"relics":["Burning Blood","FossilizedHelix","Bottled Flame","Astrolabe","Unceasing Top","Singing Bowl","Anchor","Cursed Key"],"potions_floor_usage":[16,21,23,23,33,37,38,46,46,47,47],"damage_taken":[{"damage":7,"enemies":"Small Slimes","floor":1,"turns":4},{"damage":0,"enemies":"Cultist","floor":2,"turns":3},{"damage":0,"enemies":"2 Louse","floor":3,"turns":3},{"damage":6,"enemies":"Lots of Slimes","floor":5,"turns":5},{"damage":28,"enemies":"Gremlin Nob","floor":7,"turns":4},{"damage":7,"enemies":"3 Louse","floor":10,"turns":3},{"damage":0,"enemies":"Exordium Wildlife","floor":11,"turns":4},{"damage":0,"enemies":"Lots of Slimes","floor":13,"turns":4},{"damage":7,"enemies":"Hexaghost","floor":16,"turns":8},{"damage":29,"enemies":"3 Byrds","floor":18,"turns":4},{"damage":15,"enemies":"Shell Parasite","floor":21,"turns":5},{"damage":11,"enemies":"Shelled Parasite and Fungi","floor":22,"turns":6},{"damage":36,"enemies":"Slavers","floor":23,"turns":6},{"damage":0,"enemies":"3 Cultists","floor":27,"turns":5},{"damage":0,"enemies":"Chosen and Byrds","floor":28,"turns":6},{"damage":2,"enemies":"Colosseum Slavers","floor":29,"turns":4},{"damage":35,"enemies":"Sentry and Sphere","floor":31,"turns":6},{"damage":63,"enemies":"Automaton","floor":33,"turns":7},{"damage":9,"enemies":"Orb Walker","floor":35,"turns":4},{"damage":12,"enemies":"3 Shapes","floor":36,"turns":4},{"damage":0,"enemies":"Sphere and 2 Shapes","floor":37,"turns":5},{"damage":0,"enemies":"3 Darklings","floor":38,"turns":2},{"damage":3,"enemies":"Maw","floor":39,"turns":4},{"damage":15,"enemies":"Writhing Mass","floor":41,"turns":5},{"damage":70,"enemies":"Sphere and 2 Shapes","floor":44,"turns":8},{"damage":22,"enemies":"Transient","floor":46,"turns":5},{"damage":23,"enemies":"Spire Growth","floor":47,"turns":3}],"seed_played":"-2829428045615308634","potions_obtained":[{"floor":11,"key":"Swift Potion"},{"floor":13,"key":"Strength Potion"},{"floor":21,"key":"Explosive Potion"},{"floor":22,"key":"SpeedPotion"},{"floor":27,"key":"EssenceOfSteel"},{"floor":33,"key":"Energy Potion"},{"floor":36,"key":"Swift Potion"},{"floor":39,"key":"Energy Potion"},{"floor":44,"key":"Block Potion"},{"floor":45,"key":"Regen Potion"},{"floor":46,"key":"Regen Potion"}],"is_trial":false,"path_per_floor":["M","M","M","?","M","R","E","R","T","M","M","R","M","?","R","B",null,"M","$","?","M","M","E","?","R","T","M","M","?","R","M","R","B",null,"M","M","M","M","M","R","M","R","T","M","?","M","M"],"character_chosen":"IRONCLAD","items_purchased":["Unceasing Top"],"campfire_rested":3,"item_purchase_floors":[19],"current_hp_per_floor":[79,80,80,80,80,80,58,58,58,57,63,63,69,69,69,68,80,57,57,51,42,37,9,9,33,33,41,47,51,76,47,72,15,84,81,75,81,84,84,84,75,75,75,13,13,14,0],"gold":455,"neow_bonus":"THREE_CARDS","is_prod":false,"is_daily":false,"chose_seed":false,"campfire_upgraded":5,"win_rate":0,"timestamp":1549827780,"path_taken":["M","M","M","?","M","R","E","R","T","M","?","R","M","?","R","BOSS","M","$","?","M","M","E","?","R","T","M","?","?","R","M","R","BOSS","M","M","M","M","M","R","M","R","T","M","?","M","M"],"build_version":"2019-01-23","purchased_purges":0,"victory":false,"max_hp_per_floor":[80,80,80,80,80,80,80,80,80,80,80,80,80,80,80,80,80,80,80,80,80,80,82,82,82,82,84,84,84,84,84,84,84,84,84,84,84,84,84,84,84,84,84,86,86,88,88],"card_choices":[{"not_picked":["Sever Soul","Dual Wield"],"picked":"Anger","floor":0},{"not_picked":["Shrug It Off","Heavy Blade"],"picked":"Anger","floor":1},{"not_picked":["Anger","Clothesline"],"picked":"Warcry","floor":2},{"not_picked":["Clothesline","Reckless Charge"],"picked":"Havoc","floor":3},{"not_picked":["Warcry","Armaments"],"picked":"Shrug It Off","floor":5},{"not_picked":["Headbutt","Clothesline"],"picked":"Seeing Red","floor":7},{"not_picked":["Battle Trance","Dark Embrace"],"picked":"Cleave","floor":10},{"not_picked":["Flex","Sword Boomerang"],"picked":"Shockwave","floor":11},{"not_picked":["Wild Strike","Clash"],"picked":"Shrug It Off","floor":13},{"not_picked":["Bludgeon","Offering"],"picked":"Demon Form","floor":16},{"not_picked":["Sentinel","Second Wind"],"picked":"Cleave","floor":18},{"not_picked":["Wild Strike+1","True Grit"],"picked":"Disarm+1","floor":21},{"not_picked":["Body Slam","Twin Strike"],"picked":"Burning Pact","floor":22},{"not_picked":["Barricade","True Grit+1","Disarm+1"],"picked":"Singing Bowl","floor":23},{"not_picked":["Burning Pact","Perfected Strike","Infernal Blade"],"picked":"Singing Bowl","floor":27},{"not_picked":["Heavy Blade","Cleave"],"picked":"Body Slam+1","floor":28},{"not_picked":["Perfected Strike","Iron Wave"],"picked":"Corruption","floor":31},{"not_picked":["Bludgeon","Barricade"],"picked":"Berserk","floor":33},{"not_picked":["Pommel Strike","Heavy Blade"],"picked":"Warcry+1","floor":35},{"not_picked":["Metallicize+1","True Grit"],"picked":"Rage+1","floor":36},{"not_picked":["Wild Strike","Pommel Strike"],"picked":"Infernal Blade+1","floor":37},{"not_picked":["Pommel Strike+1","Thunderclap"],"picked":"Sentinel+1","floor":38},{"not_picked":["Combust","Pommel Strike+1"],"picked":"Dual Wield+1","floor":39},{"not_picked":["Second Wind+1","Anger"],"picked":"Havoc+1","floor":41},{"not_picked":["Iron Wave","Sword Boomerang+1","Thunderclap+1"],"picked":"Singing Bowl","floor":44},{"not_picked":["Intimidate+1","Entrench+1","Thunderclap"],"picked":"Singing Bowl","floor":46}],"player_experience":156355,"relics_obtained":[{"floor":7,"key":"FossilizedHelix"},{"floor":9,"key":"Bottled Flame"},{"floor":23,"key":"Singing Bowl"},{"floor":26,"key":"Anchor"}],"event_choices":[{"cards_removed":["Strike_R"],"damage_healed":0,"gold_gain":0,"player_choice":"Purged","damage_taken":0,"max_hp_gain":0,"max_hp_loss":0,"event_name":"Purifier","floor":4,"gold_loss":0},{"damage_healed":0,"gold_gain":0,"player_choice":"Ignored","damage_taken":0,"max_hp_gain":0,"max_hp_loss":0,"event_name":"Golden Wing","floor":14,"gold_loss":0},{"damage_healed":0,"gold_gain":0,"player_choice":"Joined the Cult","damage_taken":6,"max_hp_gain":0,"max_hp_loss":0,"event_name":"Nest","floor":20,"gold_loss":0,"cards_obtained":["RitualDagger"]},{"damage_healed":0,"gold_gain":0,"player_choice":"Leave","damage_taken":0,"max_hp_gain":0,"max_hp_loss":0,"event_name":"FaceTrader","floor":24,"gold_loss":0},{"damage_healed":0,"gold_gain":0,"player_choice":"Fight","damage_taken":0,"max_hp_gain":0,"max_hp_loss":0,"event_name":"Colosseum","floor":29,"gold_loss":0},{"damage_healed":0,"gold_gain":0,"player_choice":"Fled From Nobs","damage_taken":0,"max_hp_gain":0,"max_hp_loss":0,"event_name":"Colosseum","floor":29,"gold_loss":0},{"damage_healed":0,"gold_gain":0,"player_choice":"Bought 2 Potions","damage_taken":0,"max_hp_gain":0,"max_hp_loss":0,"event_name":"The Woman in Blue","floor":45,"gold_loss":0}],"is_beta":false,"boss_relics":[{"not_picked":["Velvet Choker","Orrery"],"picked":"Astrolabe"},{"not_picked":["Black Star","Philosopher\u0027s Stone"],"picked":"Cursed Key"}],"items_purged_floors":[],"is_endless":false,"potions_floor_spawned":[11,13,21,22,27,33,36,39,44,46],"killed_by":"Spire Growth","ascension_level":0}