{"gold_per_floor":[19,37,47,47,47,47,72,72,96,123,135,135,155,173,173,173],"floor_reached":16,"playtime":1285,"items_purged":[],"score":187,"play_id":"8d2720ae-ea77-4f33-b4d8-c1bad879d007","local_time":"20190224150026","is_ascension_mode":true,"campfire_choices":[{"data":"Feed","floor":6.0,"key":"SMITH"},{"data":"Shrug It Off","floor":12,"key":"SMITH"},{"data":"Offering","floor":15,"key":"SMITH"}],"neow_cost":"NO_GOLD","seed_source_timestamp":0,"circlet_count":0,"master_deck":["Strike_R","Strike_R","Strike_R","Strike_R","Defend_R","Defend_R","Defend_R","Defend_R","Bash","Feed+1","Headbutt","Shrug It Off+1","Iron Wave","Offering+1","Iron Wave","Pummel"],"special_seed":0,"relics":["Burning Blood","Anchor","Ancient Tea Set","Boot","Kunai"],"potions_floor_usage":[10],"damage_taken":[{"damage":10.0,"enemies":"Cultist","floor":1.0,"turns":5.0},{"damage":9.0,"enemies":"Jaw Worm","floor":2.0,"turns":4.0},{"damage":0.0,"enemies":"Small Slimes","floor":3.0,"turns":3.0},{"damage":34.0,"enemies":"Gremlin Nob","floor":7.0,"turns":5.0},{"damage":28,"enemies":"3 Sentries","floor":10,"turns":11},{"damage":1,"enemies":"Gremlin Gang","floor":11,"turns":7},{"damage":0,"enemies":"3 Louse","floor":13,"turns":4},{"damage":6,"enemies":"Looter","floor":14,"turns":2},{"damage":54,"enemies":"Hexaghost","floor":16,"turns":15}],"seed_played":"6908519746134361193","potions_obtained":[{"floor":2.0,"key":"FearPotion"},{"floor":7.0,"key":"Swift Potion"},{"floor":14,"key":"SmokeBomb"}],"is_trial":false,"path_per_floor":["M","M","M","T","?","R","E","T","T","E","M","R","M","M","R","B"],"character_chosen":"IRONCLAD","items_purchased":[],"campfire_rested":0,"item_purchase_floors":[],"current_hp_per_floor":[71,68,77,77,70,70,46,46,46,28,37,37,47,51,51,0],"gold":173,"neow_bonus":"THREE_RARE_CARDS","is_prod":false,"is_daily":false,"chose_seed":false,"campfire_upgraded":3,"win_rate":0,"timestamp":1551038426,"path_taken":["M","M","?","?","?","R","E","?","T","E","?","R","?","M","R","BOSS"],"build_version":"2019-01-23","purchased_purges":0,"victory":false,"max_hp_per_floor":[83,83,86,86,86,86,90,90,90,94,98,98,102,106,106,106],"card_choices":[{"not_picked":["Double Tap","Bludgeon"],"picked":"Feed","floor":0.0},{"not_picked":["Anger","Wild Strike"],"picked":"Headbutt","floor":1.0},{"not_picked":["Rupture","Perfected Strike"],"picked":"Shrug It Off","floor":2.0},{"not_picked":["Perfected Strike","Pommel Strike"],"picked":"Iron Wave","floor":3.0},{"not_picked":["Flex","Iron Wave"],"picked":"Offering","floor":7.0},{"not_picked":["Armaments","Perfected Strike","Combust"],"picked":"SKIP","floor":10},{"not_picked":["Twin Strike","Headbutt","Clash"],"picked":"SKIP","floor":11},{"not_picked":["Rupture","Shrug It Off"],"picked":"Iron Wave","floor":13},{"not_picked":["Bloodletting","Cleave"],"picked":"Pummel","floor":14}],"player_experience":1662550,"relics_obtained":[{"floor":4.0,"key":"Anchor"},{"floor":7.0,"key":"Ancient Tea Set"},{"floor":9.0,"key":"Boot"},{"floor":10,"key":"Kunai"}],"event_choices":[{"cards_removed":["Strike_R"],"damage_healed":0.0,"max_hp_gain":0.0,"max_hp_loss":0.0,"gold_gain":0.0,"event_name":"Golden Wing","player_choice":"Card Removal","floor":5.0,"gold_loss":0.0,"damage_taken":7.0}],"is_beta":false,"boss_relics":[],"items_purged_floors":[],"is_endless":false,"potions_floor_spawned":[2,7,14],"killed_by":"Hexaghost","ascension_level":9}