{"path_per_floor":["M","M","M","M","M","R","M","M","T","R","$","?","M","M","R","B",null,"M","?","M","?","?","M","R","?","T","M","M","R","$","M","R","B",null,"M","M","M","?","M","R","?","M","T","M","M","R","M","$","R","B"],"character_chosen":"DEFECT","items_purchased":["Ice Cream","Blood Vial","Doom and Gloom","Panache","GamblersBrew","Strength Potion"],"gold_per_floor":[211,231,243,262,276,276,295,312,338,338,31,31,45,64,64,162,162,182,182,192,442,442,462,462,462,488,508,526,526,37,55,55,155,155,172,190,200,200,211,211,211,229,229,244,255,255,273,73,73,73],"floor_reached":51,"campfire_rested":2,"playtime":7526,"current_hp_per_floor":[74,74,74,68,57,57,57,54,54,54,54,47,46,39,39,11,75,56,56,56,56,40,39,39,39,46,37,22,46,46,40,64,23,82,82,82,82,82,82,82,82,75,75,77,79,79,78,78,78,1],"items_purged":["Regret","Strike_B"],"gold":73,"score":651,"play_id":"cd1510e1-8b33-4267-ada8-6d847ef446a9","local_time":"20180509192600","is_prod":false,"is_daily":false,"chose_seed":false,"is_ascension_mode":false,"campfire_upgraded":7,"timestamp":1525908360,"path_taken":["M","M","M","M","M","R","?","M","T","R","$","?","M","M","R","BOSS","M","?","M","?","?","M","R","?","T","M","M","R","$","M","R","BOSS","M","M","?","?","M","R","?","M","T","?","M","R","M","$","R","BOSS"],"build_version":"2018-05-08","seed_source_timestamp":44092888983352,"purchased_purges":2,"victory":true,"master_deck":["Strike_B+1","Strike_B","Defend_B","Defend_B","Defend_B","Defend_B","Zap+1","Dualcast+1","Ball Lightning","Turbo+1","Streamline+1","Skim+1","Biased Cognition","Hello World","BootSequence","Hello World","Sunder+1","Echo Form","Chaos+1","Heatsinks+1","Skim+1","Injury","Coolheaded+1","Heatsinks+1","Doom and Gloom","Panache","Seek","Reboot","Consume+1","Stack","Go for the Eyes+1","Capacitor","Reinforced Body+1","Chill+1","FTL+1","Darkness+1","Gash+1","Force Field+1"],"max_hp_per_floor":[75,75,75,75,75,75,75,75,75,75,75,75,75,75,75,75,75,75,75,75,75,75,75,75,75,82,82,82,82,82,82,82,82,82,82,82,82,82,82,82,82,82,82,82,82,82,82,82,82,82],"relics":["Cracked Core","Whetstone","Ice Cream","Turnip","Nuclear Battery","Nilry\u0027s Codex","Strawberry","Blood Vial","Orrery","Bag of Preparation"],"card_choices":[{"not_picked":["Chaos","Go for the Eyes"],"picked":"Ball Lightning","floor":1},{"not_picked":["Leap","Sunder"],"picked":"Turbo","floor":2},{"not_picked":["Lockon","FTL"],"picked":"Streamline","floor":3},{"not_picked":["Axe Kick","Turbo"],"picked":"Skim","floor":4},{"not_picked":["Force Field","Rip and Tear"],"picked":"Biased Cognition","floor":5},{"not_picked":["Sweeping Beam","Reprogram"],"picked":"Hello World","floor":7},{"not_picked":["Stack","Hello World"],"picked":"BootSequence","floor":8},{"not_picked":["Coolheaded","Static Discharge"],"picked":"Hello World","floor":13},{"not_picked":["Gash","Genetic Algorithm"],"picked":"Sunder","floor":14},{"not_picked":["Multi-Cast","Amplify"],"picked":"Echo Form","floor":16},{"not_picked":["Cold Snap","Skim"],"picked":"Chaos","floor":18},{"not_picked":["Stack","Ball Lightning"],"picked":"Heatsinks","floor":20},{"not_picked":["Steam","Axe Kick"],"picked":"Skim","floor":23},{"not_picked":["Sweeping Beam","Ball Lightning"],"picked":"Coolheaded","floor":27},{"not_picked":["Blizzard","Streamline"],"picked":"Heatsinks","floor":28},{"not_picked":["Steam Power","Double Energy"],"picked":"Seek","floor":31},{"not_picked":["Amplify","Echo Form"],"picked":"Reboot","floor":33},{"not_picked":["Cold Snap","Rebound"],"picked":"Consume","floor":34},{"not_picked":["Rebound","Barrage"],"picked":"Stack","floor":34},{"not_picked":["FTL","Coolheaded"],"picked":"Go for the Eyes","floor":34},{"not_picked":["Recycle","Barrage"],"picked":"Capacitor","floor":34},{"not_picked":["Beam Cell","Auto Shields"],"picked":"Reinforced Body","floor":35},{"not_picked":["Skim","Axe Kick"],"picked":"Chill","floor":37},{"not_picked":["Barrage","Steam"],"picked":"FTL","floor":39},{"not_picked":["Meteor Strike","Steam"],"picked":"Darkness","floor":42},{"not_picked":["Leap","Melter"],"picked":"Gash","floor":44},{"not_picked":["Skim","Sweeping Beam"],"picked":"Force Field","floor":45}],"player_experience":57378,"potions_floor_usage":[16,20,23,28,33,45,50,50,50],"damage_taken":[{"damage":1,"enemies":"Cultist","floor":1,"turns":4},{"damage":0,"enemies":"2 Louse","floor":2,"turns":1},{"damage":0,"enemies":"Small Slimes","floor":3,"turns":3},{"damage":6,"enemies":"Exordium Thugs","floor":4,"turns":4},{"damage":11,"enemies":"3 Louse","floor":5,"turns":2},{"damage":0,"enemies":"Large Slime","floor":7,"turns":3},{"damage":3,"enemies":"Red Slaver","floor":8,"turns":2},{"damage":1,"enemies":"3 Louse","floor":13,"turns":3},{"damage":7,"enemies":"Exordium Thugs","floor":14,"turns":3},{"damage":28,"enemies":"The Guardian","floor":16,"turns":10},{"damage":19,"enemies":"Shell Parasite","floor":18,"turns":4},{"damage":0,"enemies":"2 Thieves","floor":20,"turns":3},{"damage":1,"enemies":"Centurion and Healer","floor":23,"turns":6},{"damage":9,"enemies":"Sentry and Sphere","floor":27,"turns":5},{"damage":15,"enemies":"Chosen and Byrds","floor":28,"turns":6},{"damage":20,"enemies":"Slaver and Parasite","floor":31,"turns":7},{"damage":43,"enemies":"Collector","floor":33,"turns":8},{"damage":0,"enemies":"3 Darklings","floor":35,"turns":2},{"damage":0,"enemies":"Flame Bruiser 1 Orb","floor":36,"turns":5},{"damage":0,"enemies":"Sphere and 2 Shapes","floor":37,"turns":5},{"damage":0,"enemies":"3 Darklings","floor":39,"turns":6},{"damage":7,"enemies":"Maw","floor":42,"turns":8},{"damage":0,"enemies":"4 Shapes","floor":44,"turns":3},{"damage":0,"enemies":"Flame Bruiser 2 Orb","floor":45,"turns":5},{"damage":3,"enemies":"3 Darklings","floor":47,"turns":7},{"damage":79,"enemies":"Donu and Deca","floor":50,"turns":8}],"event_choices":[{"event_name":"Scrap Ooze","player_choice":"success","floor":12,"damage_taken":7},{"event_name":"Ghosts","player_choice":"Ignored","floor":19,"damage_taken":0},{"event_name":"Golden Shrine","player_choice":"Desecrate","floor":21,"damage_taken":0},{"event_name":"Cursed Tome","player_choice":"Obtained Book","floor":22,"damage_taken":0},{"event_name":"Accursed Blacksmith","player_choice":"Forge","floor":25,"damage_taken":0},{"event_name":"Mysterious Sphere","player_choice":"Ignore","floor":38,"damage_taken":0}],"boss_relics":[{"not_picked":["Philosopher\u0027s Stone","Velvet Choker"],"picked":"Nuclear Battery"},{"not_picked":["Calling Bell","White Beast Statue"],"picked":"Orrery"}],"potions_floor_spawned":[1,4,5,8,16,28,31,33,35,37],"seed_played":"4528386122084501626","ascension_level":0,"is_trial":false}