{"gold_per_floor":[12,30,48,48,59,71,106,106,106,72,72,172,191,210,210,314,314,329,340,355,355,375,375,388,388],"floor_reached":25,"playtime":2163,"items_purged":[],"score":234,"play_id":"66462281-124f-44ee-abe5-11f04bb2fd59","local_time":"20190209115212","is_ascension_mode":false,"campfire_choices":[{"data":"Immolate","floor":8,"key":"SMITH"},{"floor":15,"key":"RECALL"},{"floor":23,"key":"REST"}],"neow_cost":"NO_GOLD","seed_source_timestamp":1959066204633619,"circlet_count":0,"master_deck":["Strike_R","Strike_R","Strike_R","Strike_R","Strike_R","Defend_R","Defend_R","Defend_R","Defend_R","Bash+1","Headbutt","Pommel Strike","Immolate+1","Spot Weakness","Pommel Strike","Dropkick","Fire Breathing","Thunderclap","Dual Wield","Double Tap","Decay","Decay","Parasite","Rupture+1","Clash","Ghostly Armor","Decay","Wild Strike+1","Inflame"],"relics":["Burning Blood","Self Forming Clay","Charon\u0027s Ashes","Calling Bell","Anchor","Dodecahedron","Girya"],"potions_floor_usage":[7,7,16,22],"damage_taken":[{"damage":1,"enemies":"Cultist","floor":1,"turns":4},{"damage":5,"enemies":"Jaw Worm","floor":2,"turns":4},{"damage":6,"enemies":"2 Louse","floor":3,"turns":3},{"damage":13,"enemies":"Red Slaver","floor":5,"turns":2},{"damage":11,"enemies":"Blue Slaver","floor":6,"turns":4},{"damage":2,"enemies":"Gremlin Nob","floor":7,"turns":3},{"damage":12,"enemies":"Exordium Wildlife","floor":13,"turns":4},{"damage":9,"enemies":"Gremlin Gang","floor":14,"turns":2},{"damage":54,"enemies":"Hexaghost","floor":16,"turns":7},{"damage":0,"enemies":"Chosen","floor":18,"turns":2},{"damage":24,"enemies":"2 Thieves","floor":19,"turns":4},{"damage":61,"enemies":"Snake Plant","floor":20,"turns":7},{"damage":11,"enemies":"Cultist and Chosen","floor":22,"turns":5},{"damage":32,"enemies":"Shelled Parasite and Fungi","floor":24,"turns":5},{"damage":24,"enemies":"Snecko","floor":25,"turns":3}],"seed_played":"2991016290510543809","potions_obtained":[{"floor":3,"key":"EssenceOfSteel"},{"floor":5,"key":"SteroidPotion"},{"floor":7,"key":"Poison Potion"},{"floor":14,"key":"Regen Potion"},{"floor":20,"key":"SpeedPotion"}],"is_trial":false,"path_per_floor":["M","M","M","?","M","M","E","R","T","$","?","?","M","M","R","B",null,"M","M","M","?","M","R","M","M"],"character_chosen":"IRONCLAD","items_purchased":["Fire Breathing"],"campfire_rested":1,"item_purchase_floors":[10],"current_hp_per_floor":[96,96,96,96,89,84,88,88,88,88,88,88,82,79,79,46,96,96,78,23,23,18,46,20,0],"gold":388,"neow_bonus":"TWENTY_PERCENT_HP_BONUS","is_prod":false,"is_daily":false,"chose_seed":false,"campfire_upgraded":1,"win_rate":0,"timestamp":1549741932,"path_taken":["M","M","?","?","M","M","E","R","T","$","?","?","?","M","R","BOSS","M","M","M","?","M","R","M","M"],"build_version":"2019-01-23","purchased_purges":0,"victory":false,"max_hp_per_floor":[96,96,96,96,96,96,96,96,96,96,96,96,96,96,96,96,96,96,96,96,96,96,96,96,96],"card_choices":[{"not_picked":["Reckless Charge","Wild Strike"],"picked":"Headbutt","floor":1},{"not_picked":["Flex","Sentinel"],"picked":"Pommel Strike","floor":2},{"not_picked":["Clash","Bloodletting"],"picked":"Immolate","floor":3},{"not_picked":["Cleave","Sword Boomerang"],"picked":"Spot Weakness","floor":5},{"not_picked":["Reckless Charge","Heavy Blade"],"picked":"Pommel Strike","floor":6},{"not_picked":["Thunderclap","Heavy Blade"],"picked":"Dropkick","floor":7},{"not_picked":["Body Slam","Power Through"],"picked":"Thunderclap","floor":13},{"not_picked":["Armaments","Pommel Strike"],"picked":"Dual Wield","floor":14},{"not_picked":["Dark Embrace","Bludgeon"],"picked":"Double Tap","floor":16},{"not_picked":["Feel No Pain+1","Evolve+1"],"picked":"Rupture+1","floor":18},{"not_picked":["Havoc","Uppercut"],"picked":"Clash","floor":19},{"not_picked":["Sword Boomerang","Wild Strike"],"picked":"Ghostly Armor","floor":20},{"not_picked":["Armaments","Bludgeon"],"picked":"Wild Strike+1","floor":22},{"not_picked":["Bloodletting","Heavy Blade+1"],"picked":"Inflame","floor":24}],"player_experience":150002,"relics_obtained":[{"floor":7,"key":"Self Forming Clay"},{"floor":9,"key":"Charon\u0027s Ashes"},{"floor":17,"key":"Anchor"},{"floor":17,"key":"Dodecahedron"},{"floor":17,"key":"Girya"}],"event_choices":[{"damage_healed":0,"gold_gain":0,"player_choice":"Ignored","damage_taken":0,"max_hp_gain":0,"max_hp_loss":0,"event_name":"Liars Game","floor":4,"gold_loss":0},{"damage_healed":0,"gold_gain":0,"player_choice":"Grow","damage_taken":0,"max_hp_gain":0,"max_hp_loss":0,"event_name":"Living Wall","floor":11,"gold_loss":0,"cards_upgraded":["Bash"]},{"damage_healed":0,"gold_gain":100,"player_choice":"Pray","damage_taken":0,"max_hp_gain":0,"max_hp_loss":0,"event_name":"Golden Shrine","floor":12,"gold_loss":0},{"damage_healed":0,"gold_gain":0,"player_choice":"Smashed Altar","damage_taken":0,"max_hp_gain":0,"max_hp_loss":0,"event_name":"Forgotten Altar","floor":21,"gold_loss":0,"cards_obtained":["Decay"]}],"is_beta":false,"boss_relics":[{"not_picked":["Runic Pyramid","Coffee Dripper"],"picked":"Calling Bell"}],"items_purged_floors":[],"is_endless":false,"potions_floor_spawned":[3,5,7,14,20],"killed_by":"Snecko","ascension_level":0}