{"path_per_floor":["M","?","M","M","M","E","R","E","T","R","?","R","M","E","R"],"character_chosen":"IRONCLAD","items_purchased":[],"gold_per_floor":[118,118,132,148,164,196,196,222,222,222,172,172,189,224,224,224],"floor_reached":16,"campfire_rested":0,"playtime":884,"current_hp_per_floor":[79,79,80,80,74,76,76,54,54,54,54,54,59,53,53,0],"items_purged":[],"gold":224,"score":144,"play_id":"97bef38c-3192-4763-8126-d1c505a9e2cc","local_time":"20180513015819","is_prod":false,"is_daily":false,"chose_seed":false,"is_ascension_mode":true,"campfire_upgraded":4,"timestamp":1526191099,"path_taken":["M","?","M","M","M","E","R","E","T","R","?","R","M","E","R","BOSS"],"build_version":"2018-05-12v2","seed_source_timestamp":333494563590888,"purchased_purges":0,"victory":false,"master_deck":["Strike_R","Strike_R","Strike_R","Strike_R","Defend_R","Defend_R","Defend_R","Defend_R","Bash+1","Metallicize+1","True Grit+1","Sever Soul+1","Headbutt","Flame Barrier+1","True Grit+1"],"max_hp_per_floor":[80,80,80,80,80,80,80,80,80,80,80,80,80,80,80,80],"relics":["Burning Blood","Bag of Preparation","Anchor","Paper Frog","Bird Faced Urn"],"card_choices":[{"not_picked":["Clash","Sword Boomerang"],"picked":"Metallicize","floor":1},{"not_picked":["Pummel","Armaments"],"picked":"True Grit","floor":3},{"not_picked":["Body Slam","Anger","Combust"],"picked":"SKIP","floor":4},{"not_picked":["Spot Weakness","Armaments"],"picked":"Sever Soul","floor":5},{"not_picked":["Intimidate","Spot Weakness"],"picked":"Headbutt","floor":6},{"not_picked":["Shockwave","Havoc"],"picked":"Flame Barrier","floor":8},{"not_picked":["Iron Wave","Heavy Blade"],"picked":"True Grit","floor":13},{"not_picked":["Clothesline","Sword Boomerang","Perfected Strike"],"picked":"SKIP","floor":14}],"player_experience":123698,"potions_floor_usage":[6,6],"damage_taken":[{"damage":7,"enemies":"Jaw Worm","floor":1,"turns":3},{"damage":0,"enemies":"Cultist","floor":3,"turns":3},{"damage":5,"enemies":"2 Louse","floor":4,"turns":5},{"damage":12,"enemies":"Blue Slaver","floor":5,"turns":4},{"damage":4,"enemies":"3 Sentries","floor":6,"turns":8},{"damage":28,"enemies":"Lagavulin","floor":8,"turns":8},{"damage":1,"enemies":"Looter","floor":13,"turns":2},{"damage":12,"enemies":"Gremlin Nob","floor":14,"turns":3},{"damage":58,"enemies":"Slime Boss","floor":16,"turns":15}],"event_choices":[{"event_name":"Upgrade Shrine","player_choice":"Upgraded","floor":2,"damage_taken":0},{"event_name":"The Cleric","player_choice":"Card Removal","floor":11,"damage_taken":0}],"boss_relics":[],"potions_floor_spawned":[1,3,8,14],"seed_played":"1216890194079573296","killed_by":"Slime Boss","ascension_level":4,"is_trial":false}