{"gold_per_floor":[115,115,133,150,160,160,192,192,192,212,212,222,255,270,270,270],"floor_reached":16,"playtime":540,"items_purged":[],"score":211,"play_id":"94f81c2a-99d8-41c4-8688-e90d4c5b40e3","local_time":"20190308224505","is_ascension_mode":true,"campfire_choices":[{"floor":6,"key":"REST"},{"data":"Shockwave","floor":8,"key":"SMITH"},{"data":"Inflame","floor":15,"key":"SMITH"}],"neow_cost":"NONE","seed_source_timestamp":427981451230024,"circlet_count":0,"master_deck":["AscendersBane","Strike_R","Strike_R","Strike_R","Strike_R","Defend_R","Defend_R","Defend_R","Defend_R","Bash","Shrug It Off","Headbutt","Carnage","Thunderclap","Shockwave+1","Double Tap","Clothesline","Dark Embrace","Inflame+1","Impervious","Reckless Charge"],"relics":["Burning Blood","Bag of Preparation","The Courier","Thread and Needle"],"potions_floor_usage":[5,7,13,16],"damage_taken":[{"damage":1,"enemies":"2 Louse","floor":1,"turns":4},{"damage":4,"enemies":"Cultist","floor":3,"turns":4},{"damage":3,"enemies":"Small Slimes","floor":4,"turns":3},{"damage":0,"enemies":"3 Louse","floor":5,"turns":2},{"damage":17,"enemies":"Gremlin Nob","floor":7,"turns":4},{"damage":22,"enemies":"Large Slime","floor":10,"turns":3},{"damage":16,"enemies":"2 Fungi Beasts","floor":12,"turns":3},{"damage":32,"enemies":"3 Sentries","floor":13,"turns":6},{"damage":1,"enemies":"Gremlin Gang","floor":14,"turns":6},{"damage":38,"enemies":"Slime Boss","floor":16,"turns":8}],"seed_played":"-8280407744801960650","potions_obtained":[{"floor":1,"key":"SteroidPotion"},{"floor":5,"key":"EssenceOfSteel"},{"floor":7,"key":"GamblersBrew"},{"floor":13,"key":"FearPotion"}],"is_trial":false,"path_per_floor":["M","?","M","M","M","R","E","R","T","M","?","M","E","M","R","B"],"character_chosen":"IRONCLAD","items_purchased":[],"campfire_rested":1,"item_purchase_floors":[],"current_hp_per_floor":[73,78,80,80,80,80,69,69,69,53,53,43,17,22,22,0],"gold":270,"neow_bonus":"THREE_CARDS","is_prod":false,"is_daily":false,"chose_seed":false,"campfire_upgraded":2,"win_rate":0,"timestamp":1552103105,"path_taken":["M","?","M","M","M","R","E","R","T","M","?","M","E","M","R","BOSS"],"build_version":"2019-01-23","purchased_purges":0,"victory":false,"max_hp_per_floor":[75,80,80,80,80,80,80,80,80,80,80,80,80,80,80,80],"card_choices":[{"not_picked":["True Grit","Power Through"],"picked":"Shrug It Off","floor":0},{"not_picked":["Pommel Strike","Iron Wave"],"picked":"Headbutt","floor":1},{"not_picked":["Warcry","Shrug It Off"],"picked":"Carnage","floor":3},{"not_picked":["Carnage","Iron Wave"],"picked":"Thunderclap","floor":4},{"not_picked":["Headbutt","Heavy Blade"],"picked":"Shockwave","floor":5},{"not_picked":["Armaments","Anger"],"picked":"Double Tap","floor":7},{"not_picked":["Perfected Strike","Seeing Red"],"picked":"Clothesline","floor":10},{"not_picked":["Sword Boomerang","Twin Strike"],"picked":"Inflame","floor":12},{"not_picked":["Exhume","Thunderclap"],"picked":"Impervious","floor":13},{"not_picked":["Iron Wave","True Grit"],"picked":"Reckless Charge","floor":14}],"player_experience":882792,"relics_obtained":[{"floor":7,"key":"Bag of Preparation"},{"floor":9,"key":"The Courier"},{"floor":13,"key":"Thread and Needle"}],"event_choices":[{"damage_healed":0,"gold_gain":0,"player_choice":"Donut","damage_taken":0,"max_hp_gain":5,"max_hp_loss":0,"event_name":"Big Fish","floor":2,"gold_loss":0},{"damage_healed":0,"gold_gain":0,"cards_transformed":["Strike_R"],"player_choice":"Transformed","damage_taken":0,"max_hp_gain":0,"max_hp_loss":0,"event_name":"Transmorgrifier","floor":11,"gold_loss":0,"cards_obtained":["Dark Embrace"]}],"is_beta":false,"boss_relics":[],"items_purged_floors":[],"is_endless":false,"potions_floor_spawned":[1,5,7,13],"killed_by":"Slime Boss","ascension_level":17}