{"path_per_floor":["M","?","M","M","?","E","R","E","T","R","?","$","R","E","R"],"character_chosen":"IRONCLAD","items_purchased":["Evolve","Kunai","Flame Barrier"],"gold_per_floor":[115,115,131,150,100,131,131,162,217,217,392,37,37,68,68,68],"floor_reached":16,"campfire_rested":1,"playtime":513,"item_purchase_floors":[12,12,12],"current_hp_per_floor":[71,64,69,68,68,44,44,15,15,15,15,15,39,28,28,0],"items_purged":[],"gold":68,"score":180,"play_id":"3f6bae37-b168-4bff-be15-ecb082783ab1","local_time":"20180519201448","is_prod":false,"is_daily":false,"chose_seed":false,"is_ascension_mode":true,"campfire_upgraded":3,"timestamp":1526775288,"campfire_choices":[{"data":"Perfected Strike","floor":7,"key":"SMITH"},{"data":"Bash","floor":10,"key":"SMITH"},{"floor":13,"key":"REST"},{"data":"Flame Barrier","floor":15,"key":"SMITH"}],"path_taken":["M","?","M","?","?","E","R","E","T","R","?","$","R","E","R","BOSS"],"build_version":"2018-05-18","seed_source_timestamp":918072609694969,"purchased_purges":0,"victory":false,"master_deck":["Strike_R","Strike_R","Strike_R","Strike_R","Strike_R","Defend_R","Defend_R","Bash+1","AscendersBane","Perfected Strike+1","Inflame","Wild Strike","Spot Weakness","Iron Wave","Doubt","Evolve","Flame Barrier+1","Feed"],"max_hp_per_floor":[80,80,80,80,80,80,80,80,80,80,80,80,80,80,80,80],"relics":["Burning Blood","Bottled Flame","Singing Bowl","Bronze Scales","Kunai","Happy Flower"],"card_choices":[{"not_picked":["Warcry","Spot Weakness"],"picked":"Perfected Strike","floor":1},{"not_picked":["Armaments","Body Slam"],"picked":"Inflame","floor":3},{"not_picked":["Armaments","Infernal Blade"],"picked":"Wild Strike","floor":4},{"not_picked":["Thunderclap","Sword Boomerang"],"picked":"Spot Weakness","floor":6},{"not_picked":["Combust","Pummel"],"picked":"Iron Wave","floor":8},{"not_picked":["Clothesline","Bludgeon"],"picked":"Feed","floor":14}],"player_experience":211895,"potions_floor_usage":[8,16,16],"damage_taken":[{"damage":7,"enemies":"Jaw Worm","floor":1,"turns":3},{"damage":1,"enemies":"Cultist","floor":3,"turns":3},{"damage":7,"enemies":"Small Slimes","floor":4,"turns":3},{"damage":30,"enemies":"3 Sentries","floor":6,"turns":7},{"damage":35,"enemies":"Lagavulin","floor":8,"turns":5},{"damage":17,"enemies":"3 Sentries","floor":14,"turns":6},{"damage":29,"enemies":"Hexaghost","floor":16,"turns":7}],"relics_obtained":[{"floor":6,"key":"Bottled Flame"},{"floor":8,"key":"Singing Bowl"},{"floor":9,"key":"Bronze Scales"},{"floor":14,"key":"Happy Flower"}],"event_choices":[{"event_name":"Golden Wing","player_choice":"Card Removal","floor":2,"damage_taken":0},{"event_name":"The Cleric","player_choice":"Card Removal","floor":5,"damage_taken":0},{"event_name":"Liars Game","player_choice":"agreed","floor":11,"damage_taken":0}],"boss_relics":[],"items_purged_floors":[],"potions_floor_spawned":[4,6,14],"seed_played":"-730920940807652960","killed_by":"Hexaghost","ascension_level":11,"potions_obtained":[{"floor":4,"key":"Dexterity Potion"},{"floor":6,"key":"Energy Potion"},{"floor":14,"key":"Explosive Potion"}],"is_trial":false}