{"path_per_floor":["M","?","?","?","?","R","M","E","T","E","R","$","R","?","R","B",null,"M","M","?","?","?","R"],"character_chosen":"IRONCLAD","items_purchased":["Paper Frog"],"gold_per_floor":[111,111,111,111,186,186,203,228,228,259,259,6,6,6,6,129,129,143,161,341,341,341,341],"floor_reached":24,"campfire_rested":2,"playtime":1420,"current_hp_per_floor":[77,77,77,70,59,59,58,47,47,13,37,37,37,37,37,14,74,68,71,47,40,40,63],"items_purged":[],"gold":341,"play_id":"3f744b73-3ead-42d6-8797-3e4f8aeff3d9","is_prod":false,"is_daily":false,"campfire_rituals":0,"campfire_upgraded":3,"is_hardmode":false,"path_taken":["M","?","?","?","?","R","M","E","T","E","R","?","R","?","R","BOSS","M","M","?","?","?","R","E"],"build_version":"2018-01-18-PROD4","purchased_purges":0,"victory":false,"master_deck":["Strike_R","Strike_R","Strike_R","Strike_R","Defend_R","Defend_R","Defend_R","Defend_R","Bash","Rampage","Shockwave","Armaments","Flex","Feed","Shrug It Off","Headbutt"],"max_hp_per_floor":[80,80,80,80,80,80,80,80,80,80,80,80,80,74,74,74,74,74,77,77,77,77,77],"relics":["Black Star","Bag of Marbles","Whetstone","Juzu Bracelet","Pantograph","Dodecahedron","Paper Frog","Golden Idol","Mark of Pain"],"campfire_meditates":0,"card_choices":[{"not_picked":["Fiend Fire","Flex"],"picked":"Rampage"},{"not_picked":["Entrench","Warcry"],"picked":"Shockwave"},{"not_picked":["Bloodletting","Burning Pact"],"picked":"Armaments"},{"not_picked":["Pommel Strike","Sword Boomerang"],"picked":"Flex"},{"not_picked":["Juggernaut","Exhume"],"picked":"Feed"},{"not_picked":["Sentinel","Twin Strike"],"picked":"Shrug It Off"},{"not_picked":["Shrug It Off","Flex"],"picked":"Headbutt"}],"player_experience":301562,"potions_floor_usage":[10,19,24,24,24],"damage_taken":[{"damage":3,"enemies":"Small Slimes","floor":1,"turns":4},{"damage":1,"enemies":"Jaw Worm","floor":7,"turns":4},{"damage":11,"enemies":"Gremlin Nob","floor":8,"turns":4},{"damage":34,"enemies":"3 Sentries","floor":10,"turns":6},{"damage":48,"enemies":"Slime Boss","floor":16,"turns":9},{"damage":6,"enemies":"Chosen","floor":18,"turns":5},{"damage":0,"enemies":"2 Thieves","floor":19,"turns":4},{"damage":71,"enemies":"Gremlin Leader","floor":24,"turns":14}],"event_choices":[{"event_name":"Living Wall","player_choice":"Forget","floor":2,"damage_taken":0},{"event_name":"Wheel of Change","player_choice":"Curse","floor":3,"damage_taken":0},{"event_name":"Golden Wing","player_choice":"Card Removal","floor":4,"damage_taken":0},{"event_name":"World of Goop","player_choice":"Gather Gold","floor":5,"damage_taken":0},{"event_name":"Golden Idol","player_choice":"Lose Max HP","floor":14,"damage_taken":0},{"event_name":"Knowing Skull","player_choice":"GOLD GOLD ","floor":20,"damage_taken":0},{"event_name":"Wheel of Change","player_choice":"Damage","floor":21,"damage_taken":0},{"event_name":"Back to Basics","player_choice":"Simplicity","floor":22,"damage_taken":0}],"boss_relics":[{"not_picked":["Lizard Tail","White Beast Statue"],"picked":"Mark of Pain"}],"potions_floor_spawned":[1,7,10,18,19],"seed_played":"8227705674282505903","killed_by":"Gremlin Leader","is_trial":false}