{"gold_per_floor":[113,113,193,208,233,233,274,274,274,123,123,123,167,185,185,185],"floor_reached":16,"playtime":977,"items_purged":["Strike_G"],"score":113,"play_id":"9ac18199-0a74-448b-9459-f30590f597b0","local_time":"20190226001351","is_ascension_mode":true,"campfire_choices":[{"data":"Neutralize","floor":6,"key":"SMITH"},{"data":"Cloak And Dagger","floor":8,"key":"SMITH"},{"data":"Dodge and Roll","floor":12,"key":"SMITH"},{"data":"Noxious Fumes","floor":15,"key":"SMITH"}],"neow_cost":"NONE","seed_source_timestamp":53548954474679,"circlet_count":0,"master_deck":["Defend_G","Defend_G","Defend_G","Defend_G","Defend_G","Strike_G","Strike_G","Strike_G","Strike_G","Survivor","Neutralize+1","Deflect","Riddle With Holes","Cloak And Dagger+1","Dodge and Roll+1","Caltrops","Parasite","Noxious Fumes+1","Cloak And Dagger"],"relics":["Ring of the Snake","Strawberry","Golden Idol","Tiny Chest","Pen Nib","Peace Pipe","The Courier"],"potions_floor_usage":[16],"damage_taken":[{"damage":2,"enemies":"Small Slimes","floor":1,"turns":4},{"damage":0,"enemies":"Jaw Worm","floor":4,"turns":5},{"damage":0,"enemies":"2 Louse","floor":5,"turns":2},{"damage":35,"enemies":"Gremlin Nob","floor":7,"turns":5},{"damage":15,"enemies":"3 Sentries","floor":13,"turns":9},{"damage":0,"enemies":"Blue Slaver","floor":14,"turns":5},{"damage":52,"enemies":"Slime Boss","floor":16,"turns":8}],"seed_played":"-1940103985382067162","potions_obtained":[{"floor":5,"key":"LiquidBronze"},{"floor":13,"key":"Swift Potion"}],"is_trial":false,"path_per_floor":["M","?","T","M","M","R","E","R","T","$","?","R","E","M","R","B"],"character_chosen":"THE_SILENT","items_purchased":["Caltrops"],"campfire_rested":0,"item_purchase_floors":[10],"current_hp_per_floor":[75,71,71,71,71,71,36,36,36,36,53,53,38,38,38,0],"gold":185,"neow_bonus":"RANDOM_COMMON_RELIC","is_prod":false,"is_daily":false,"chose_seed":false,"campfire_upgraded":4,"win_rate":0,"timestamp":1551132831,"path_taken":["M","?","?","M","M","R","E","R","T","$","?","R","E","M","R","BOSS"],"build_version":"2019-01-23","purchased_purges":1,"victory":false,"max_hp_per_floor":[77,71,71,71,71,71,71,71,71,71,71,71,71,71,71,71],"card_choices":[{"not_picked":["Distraction","Sucker Punch"],"picked":"Deflect","floor":1},{"not_picked":["Bane","Dodge and Roll"],"picked":"Riddle With Holes","floor":4},{"not_picked":["Dagger Throw","Blade Dance"],"picked":"Cloak And Dagger","floor":5},{"not_picked":["Outmaneuver","Concentrate"],"picked":"Dodge and Roll","floor":7},{"not_picked":["Blur","Grand Finale"],"picked":"Noxious Fumes","floor":13},{"not_picked":["Caltrops","Acrobatics"],"picked":"Cloak And Dagger","floor":14}],"player_experience":533857,"relics_obtained":[{"floor":3,"key":"Tiny Chest"},{"floor":7,"key":"Pen Nib"},{"floor":9,"key":"Peace Pipe"},{"floor":13,"key":"The Courier"}],"event_choices":[{"damage_healed":0,"gold_gain":0,"player_choice":"Lose Max HP","damage_taken":0,"relics_obtained":["Golden Idol"],"max_hp_gain":0,"max_hp_loss":6,"event_name":"Golden Idol","floor":2,"gold_loss":0},{"damage_healed":17,"gold_gain":0,"player_choice":"Healed and dodged fight","damage_taken":0,"max_hp_gain":0,"max_hp_loss":0,"event_name":"Mushrooms","floor":11,"gold_loss":0,"cards_obtained":["Parasite"]}],"is_beta":false,"boss_relics":[],"items_purged_floors":[10],"is_endless":false,"potions_floor_spawned":[5,13],"killed_by":"Slime Boss","ascension_level":1}