{"gold_per_floor":[115,135,210,53,68,68,80,110,110,110,124,124,124,140,140,236,236,253,288,288,304,86,86],"floor_reached":23,"playtime":1110,"items_purged":["Prepared"],"score":296,"play_id":"cc1d750d-548f-498f-916f-e7d5ebf5e627","local_time":"20180923141912","is_ascension_mode":true,"campfire_choices":[{"data":"Neutralize","floor":6,"key":"SMITH"},{"floor":12,"key":"REST"},{"data":"Noxious Fumes","floor":15,"key":"SMITH"}],"neow_cost":"NONE","seed_source_timestamp":146369202080315,"circlet_count":0,"master_deck":["Survivor","Neutralize+1","AscendersBane","Bouncing Flask","Deadly Poison","Dagger Throw","Leg Sweep","Noxious Fumes+1","Bullet Time","Blade Dance","Flying Knee","Choke","Dagger Throw","Prepared","Skewer","Acrobatics","Eviscerate","Endless Agony","Calculated Gamble+1","Dodge and Roll","Underhanded Strike"],"relics":["Ring of the Snake","Anchor","Pen Nib","Blue Candle","Sundial","Pandora\u0027s Box","Red Mask","Snake Skull"],"potions_floor_usage":[16,23,23],"damage_taken":[{"damage":2,"enemies":"Jaw Worm","floor":1,"turns":4},{"damage":0,"enemies":"2 Louse","floor":2,"turns":3},{"damage":1,"enemies":"Small Slimes","floor":5,"turns":3},{"damage":5,"enemies":"3 Louse","floor":7,"turns":4},{"damage":23,"enemies":"Lagavulin","floor":8,"turns":7},{"damage":11,"enemies":"Lots of Slimes","floor":11,"turns":4},{"damage":0,"enemies":"2 Fungi Beasts","floor":14,"turns":3},{"damage":6,"enemies":"The Guardian","floor":16,"turns":8},{"damage":8,"enemies":"Spheric Guardian","floor":18,"turns":3},{"damage":49,"enemies":"Masked Bandits","floor":19,"turns":6},{"damage":0,"enemies":"Shell Parasite","floor":21,"turns":4},{"damage":2,"enemies":"Book of Stabbing","floor":23,"turns":2}],"seed_played":"-2784370801216568710","potions_obtained":[{"floor":1,"key":"GamblersBrew"},{"floor":5,"key":"Block Potion"},{"floor":18,"key":"GamblersBrew"},{"floor":21,"key":"PowerPotion"}],"is_trial":false,"path_per_floor":["M","M","?","$","M","R","M","E","T","?","M","R","?","M","R","B",null,"M","?","?","M","$"],"character_chosen":"THE_SILENT","items_purchased":["Pen Nib","Snake Skull"],"campfire_rested":1,"item_purchase_floors":[4,22],"current_hp_per_floor":[61,61,50,50,49,49,44,21,21,21,10,31,31,31,31,25,59,51,2,2,2,2,0],"gold":86,"neow_bonus":"RANDOM_COMMON_RELIC","is_prod":false,"is_daily":false,"chose_seed":false,"campfire_upgraded":2,"win_rate":0,"timestamp":1537726752,"path_taken":["M","M","?","$","M","R","M","E","T","?","M","R","?","M","R","BOSS","M","?","?","M","$","E"],"build_version":"2018-09-20","purchased_purges":1,"victory":false,"max_hp_per_floor":[70,70,70,70,70,70,70,70,70,70,70,70,70,70,70,70,70,70,70,70,70,70,70],"card_choices":[{"not_picked":["Riddle With Holes","Masterful Stab"],"picked":"Bouncing Flask","floor":1},{"not_picked":["Bane","Blade Dance"],"picked":"Deadly Poison","floor":2},{"not_picked":["Deadly Poison","Crippling Poison"],"picked":"Dagger Throw","floor":5},{"not_picked":["Prepared","Deflect"],"picked":"Leg Sweep","floor":7},{"not_picked":["Infinite Blades","Unload"],"picked":"Noxious Fumes","floor":8},{"not_picked":["Sucker Punch","Deadly Poison","Concentrate"],"picked":"SKIP","floor":11},{"not_picked":["Prepared","Riddle With Holes","PiercingWail"],"picked":"SKIP","floor":14},{"not_picked":["Grand Finale","Venomology"],"picked":"Bullet Time","floor":16},{"not_picked":["Dagger Throw+1","Deadly Poison"],"picked":"Calculated Gamble+1","floor":18},{"not_picked":["Cloak And Dagger","Deflect"],"picked":"Dodge and Roll","floor":19},{"not_picked":["Bane","Deflect"],"picked":"Underhanded Strike","floor":21}],"player_experience":577211,"relics_obtained":[{"floor":8,"key":"Blue Candle"},{"floor":9,"key":"Sundial"},{"floor":19,"key":"Red Mask"}],"event_choices":[{"event_name":"World of Goop","player_choice":"Gather Gold","floor":3,"damage_taken":0},{"event_name":"Shining Light","player_choice":"Ignored","floor":10,"damage_taken":0},{"event_name":"Dead Adventurer","player_choice":"Searched \u00271\u0027 times","floor":13,"damage_taken":0},{"event_name":"Masked Bandits","player_choice":"Fought Bandits","floor":19,"damage_taken":0},{"event_name":"Vampires","player_choice":"Ignored","floor":20,"damage_taken":0}],"is_beta":false,"boss_relics":[{"not_picked":["Snecko Eye","Orrery"],"picked":"Pandora\u0027s Box"}],"items_purged_floors":[22],"is_endless":false,"potions_floor_spawned":[1,5,7,11,18,21],"killed_by":"Book of Stabbing","ascension_level":11}