{"path_per_floor":["M","M","M","M","?","R","E","?","T","$","M","R","?","E","R","B",null,"M","?","M","M","M"],"character_chosen":"THE_SILENT","items_purchased":["Orichalcum"],"gold_per_floor":[113,123,137,157,157,157,192,192,246,18,30,30,30,59,59,164,164,184,184,197,213,227,227],"floor_reached":23,"campfire_rested":0,"playtime":1450,"current_hp_per_floor":[70,66,66,63,49,49,40,40,40,40,40,40,63,72,72,42,71,66,66,58,49,46,30],"items_purged":["Strike_G"],"gold":227,"score":254,"play_id":"06fe9bbe-cece-491f-9abb-daa729b1af67","local_time":"20180413203122","is_prod":false,"is_daily":false,"chose_seed":false,"is_ascension_mode":true,"campfire_upgraded":3,"timestamp":1523644282,"path_taken":["M","M","M","M","?","R","E","?","T","$","M","R","?","E","R","BOSS","M","?","M","M","M","E"],"build_version":"2018-04-12","seed_source_timestamp":131536249642439,"purchased_purges":1,"victory":false,"master_deck":["Defend_G","Defend_G","Defend_G","Defend_G","Defend_G","Strike_G+1","Strike_G","Strike_G+1","Survivor","Neutralize+1","Quick Slash+1","Slice","Backstab","Backflip","Cloak And Dagger+1","Flying Knee","Adrenaline","PiercingWail","Poisoned Stab+1","Acrobatics"],"max_hp_per_floor":[70,70,70,70,70,70,70,70,70,70,70,70,70,80,80,80,80,80,80,80,80,80,80],"relics":["Velvet Choker","The Specimen","Bag of Preparation","Orichalcum","Pear","White Beast Statue"],"card_choices":[{"not_picked":["Deadly Poison","Poisoned Stab"],"picked":"Quick Slash","floor":1},{"not_picked":["Choke","Finisher"],"picked":"Slice","floor":2},{"not_picked":["Caltrops","Deadly Poison"],"picked":"Backstab","floor":3},{"not_picked":["Dodge and Roll","Predator"],"picked":"Backflip","floor":4},{"not_picked":["Dagger Spray","Backflip"],"picked":"Cloak And Dagger","floor":7},{"not_picked":["Catalyst","Endless Agony"],"picked":"Flying Knee","floor":14},{"not_picked":["Venomology","Glass Knife"],"picked":"Adrenaline","floor":16},{"not_picked":["Accuracy","Poisoned Stab"],"picked":"PiercingWail","floor":18},{"not_picked":["Dagger Throw","Slice"],"picked":"Poisoned Stab","floor":21},{"not_picked":["Skewer","Dagger Spray"],"picked":"Acrobatics","floor":22}],"player_experience":233987,"potions_floor_usage":[4,16,16,21,21,23],"damage_taken":[{"damage":0,"enemies":"Small Slimes","floor":1,"turns":4},{"damage":4,"enemies":"Jaw Worm","floor":2,"turns":3},{"damage":0,"enemies":"Cultist","floor":3,"turns":4},{"damage":3,"enemies":"Large Slime","floor":4,"turns":6},{"damage":9,"enemies":"Lagavulin","floor":7,"turns":7},{"damage":0,"enemies":"Blue Slaver","floor":11,"turns":4},{"damage":1,"enemies":"3 Sentries","floor":14,"turns":8},{"damage":30,"enemies":"Hexaghost","floor":16,"turns":10},{"damage":5,"enemies":"3 Byrds","floor":18,"turns":5},{"damage":8,"enemies":"Chosen","floor":20,"turns":6},{"damage":9,"enemies":"Snake Plant","floor":21,"turns":4},{"damage":3,"enemies":"Snecko","floor":22,"turns":5},{"damage":16,"enemies":"Gremlin Leader","floor":23,"turns":6}],"event_choices":[{"event_name":"Shining Light","player_choice":"Entered Light","floor":5,"damage_taken":0},{"event_name":"Living Wall","player_choice":"Forget","floor":8,"damage_taken":0},{"event_name":"Big Fish","player_choice":"Banana","floor":13,"damage_taken":0},{"event_name":"Vampires","player_choice":"Ignored","floor":19,"damage_taken":0}],"boss_relics":[{"not_picked":["Cursed Key","Astrolabe"],"picked":"White Beast Statue"}],"potions_floor_spawned":[2,3,11,14,18,20,21,22],"seed_played":"-1217431600600066998","killed_by":"Gremlin Leader","ascension_level":5,"is_trial":false}