{"gold_per_floor":[118,133,152,152,102,102,130,130,153,165,180,191,266,281,281,377,377,377,377,332,332,332,332,332,332,332,332,332,332,332,332,332,332,332,332,332,332,332,99,99,99,99,99,99,99,28,28,0,0,0],"floor_reached":51,"playtime":6619,"items_purged":[],"score":741,"play_id":"2d29f58e-f4a4-49fe-a24b-08875fdb29cf","local_time":"20180711000739","is_ascension_mode":false,"campfire_choices":[{"data":"Leap","floor":6,"key":"SMITH"},{"data":"Zap","floor":8,"key":"SMITH"},{"data":"Redo","floor":15,"key":"SMITH"},{"data":"Defragment","floor":23,"key":"SMITH"},{"data":"Redo","floor":30,"key":"SMITH"},{"data":"Double Energy","floor":32,"key":"SMITH"},{"data":"Machine Learning","floor":41,"key":"SMITH"},{"data":"Tempest","floor":45,"key":"SMITH"},{"data":"Static Discharge","floor":49,"key":"SMITH"}],"neow_cost":"NONE","seed_source_timestamp":302791453335326,"circlet_count":0,"master_deck":["Strike_B+1","Strike_B+1","Strike_B+1","Defend_B+1","Defend_B+1","Defend_B+1","Defend_B+1","Zap+1","Dualcast","Ball Lightning+1","Defragment+1","Leap+1","Cold Snap","Redo+1","Coolheaded","FTL+1","Glacier","Amplify","Coolheaded+1","Defragment+1","Redo+1","Double Energy+1","Double Energy+1","Machine Learning+1","Storm+1","Tempest","Tempest+1","All For One","Static Discharge+1","Storm+1"],"relics":["Cracked Core","Bag of Preparation","Bag of Marbles","Lantern","Ectoplasm","Letter Opener","Mummified Hand","Bronze Scales","Whetstone","White Beast Statue","Centennial Puzzle","Boot","Juzu Bracelet","Red Mask"],"potions_floor_usage":[24,27,33,40,50,50,50],"damage_taken":[{"damage":0,"enemies":"Small Slimes","floor":1,"turns":3},{"damage":1,"enemies":"2 Louse","floor":2,"turns":3},{"damage":1,"enemies":"Cultist","floor":3,"turns":3},{"damage":4,"enemies":"Gremlin Nob","floor":7,"turns":3},{"damage":0,"enemies":"Red Slaver","floor":10,"turns":3},{"damage":7,"enemies":"Blue Slaver","floor":11,"turns":2},{"damage":0,"enemies":"Large Slime","floor":12,"turns":3},{"damage":0,"enemies":"Lots of Slimes","floor":14,"turns":3},{"damage":0,"enemies":"Slime Boss","floor":16,"turns":9},{"damage":0,"enemies":"Chosen","floor":18,"turns":4},{"damage":0,"enemies":"2 Thieves","floor":20,"turns":3},{"damage":0,"enemies":"Cultist and Chosen","floor":21,"turns":6},{"damage":3,"enemies":"Centurion and Healer","floor":22,"turns":11},{"damage":17,"enemies":"Slavers","floor":24,"turns":5},{"damage":9,"enemies":"Gremlin Leader","floor":27,"turns":7},{"damage":0,"enemies":"3 Cultists","floor":28,"turns":6},{"damage":0,"enemies":"Cultist and Chosen","floor":29,"turns":4},{"damage":6,"enemies":"Book of Stabbing","floor":31,"turns":4},{"damage":11,"enemies":"Champ","floor":33,"turns":12},{"damage":10,"enemies":"Orb Walker","floor":35,"turns":3},{"damage":0,"enemies":"3 Shapes","floor":36,"turns":4},{"damage":0,"enemies":"Sphere and 2 Shapes","floor":38,"turns":6},{"damage":12,"enemies":"2 Orb Walkers","floor":40,"turns":5},{"damage":10,"enemies":"4 Shapes","floor":42,"turns":2},{"damage":0,"enemies":"Maw","floor":47,"turns":6},{"damage":53,"enemies":"Awakened One","floor":50,"turns":12}],"seed_played":"-475232515852715268","potions_obtained":[{"floor":3,"key":"Regen Potion"},{"floor":7,"key":"SteroidPotion"},{"floor":10,"key":"Weak Potion"},{"floor":12,"key":"Regen Potion"},{"floor":24,"key":"Ancient Potion"},{"floor":28,"key":"Fire Potion"},{"floor":35,"key":"Strength Potion"},{"floor":38,"key":"FearPotion"},{"floor":40,"key":"LiquidBronze"},{"floor":42,"key":"Regen Potion"},{"floor":47,"key":"Fire Potion"}],"is_trial":false,"path_per_floor":["M","M","M","?","?","R","E","R","T","M","M","M","?","M","R","B",null,"M","?","M","M","M","R","E","?","T","E","M","M","R","E","R","B",null,"M","M","?","M","$","E","R","M","T","?","R","$","M","?","R","B"],"character_chosen":"DEFECT","items_purchased":["Centennial Puzzle","Tempest","Static Discharge"],"campfire_rested":0,"item_purchase_floors":[39,39,46],"current_hp_per_floor":[75,74,73,73,73,73,69,69,69,69,62,62,51,51,51,51,75,75,75,75,75,72,72,67,67,67,58,58,58,58,52,52,41,75,65,65,65,65,65,65,65,55,55,55,55,55,55,55,55,17],"gold":0,"neow_bonus":"RANDOM_COMMON_RELIC","is_prod":false,"is_daily":false,"chose_seed":false,"campfire_upgraded":9,"win_rate":0.0,"timestamp":1531256859,"path_taken":["M","M","M","?","?","R","E","R","T","M","?","M","?","?","R","BOSS","M","?","?","M","M","R","E","?","T","E","M","M","R","E","R","BOSS","M","M","?","M","$","E","R","M","T","?","R","$","M","?","R","BOSS"],"build_version":"2018-07-05","purchased_purges":0,"victory":true,"max_hp_per_floor":[75,75,75,75,75,75,75,75,75,75,75,75,75,75,75,75,75,75,75,75,75,75,75,75,75,75,75,75,75,75,75,75,75,75,75,75,75,75,75,75,75,75,75,75,75,75,75,75,75,75],"card_choices":[{"not_picked":["Steam Power","Hello World"],"picked":"Ball Lightning","floor":1},{"not_picked":["Force Field","Rebound"],"picked":"Defragment","floor":2},{"not_picked":["Darkness","Beam Cell"],"picked":"Leap","floor":3},{"not_picked":["Gash","Coolheaded"],"picked":"Cold Snap","floor":7},{"not_picked":["Undo","Rip and Tear"],"picked":"Redo","floor":10},{"not_picked":["Reprogram","Beam Cell"],"picked":"Coolheaded","floor":11},{"not_picked":["Redo","Go for the Eyes"],"picked":"FTL","floor":12},{"not_picked":["Rip and Tear","Leap"],"picked":"Glacier","floor":14},{"not_picked":["All For One","Seek"],"picked":"Amplify","floor":16},{"not_picked":["Streamline","Sweeping Beam"],"picked":"Coolheaded+1","floor":18},{"not_picked":["Conserve Battery","Rip and Tear"],"picked":"Defragment","floor":20},{"not_picked":["Fusion","Reprogram+1"],"picked":"Redo","floor":21},{"not_picked":["Hologram","Reboot","Leap"],"picked":"SKIP","floor":22},{"not_picked":["Streamline","Sweeping Beam","Steam+1"],"picked":"SKIP","floor":24},{"not_picked":["Undo","Coolheaded","Auto Shields"],"picked":"SKIP","floor":27},{"not_picked":["Hello World","Go for the Eyes"],"picked":"Double Energy","floor":28},{"not_picked":["Coolheaded","Stack","Lockon"],"picked":"SKIP","floor":29},{"not_picked":["Cold Snap","Steam+1"],"picked":"Double Energy","floor":31},{"not_picked":["Reboot","Biased Cognition"],"picked":"Machine Learning","floor":33},{"not_picked":["Steam","Leap+1","Barrage"],"picked":"SKIP","floor":35},{"not_picked":["Aggregate","Cold Snap+1"],"picked":"Storm","floor":36},{"not_picked":["Darkness","Ball Lightning+1"],"picked":"Tempest","floor":38},{"not_picked":["Steam Power+1","Capacitor"],"picked":"All For One","floor":40},{"not_picked":["Aggregate+1","Sweeping Beam+1","Go for the Eyes"],"picked":"SKIP","floor":42},{"not_picked":["Barrage+1","Doom and Gloom"],"picked":"Storm+1","floor":47}],"player_experience":67905,"relics_obtained":[{"floor":7,"key":"Bag of Marbles"},{"floor":9,"key":"Lantern"},{"floor":24,"key":"Letter Opener"},{"floor":26,"key":"Mummified Hand"},{"floor":27,"key":"Bronze Scales"},{"floor":31,"key":"Whetstone"},{"floor":40,"key":"Boot"},{"floor":43,"key":"Juzu Bracelet"}],"event_choices":[{"event_name":"Living Wall","player_choice":"Grow","floor":4,"damage_taken":0},{"event_name":"The Cleric","player_choice":"Card Removal","floor":5,"damage_taken":0},{"event_name":"World of Goop","player_choice":"Gather Gold","floor":13,"damage_taken":0},{"event_name":"Back to Basics","player_choice":"Simplicity","floor":19,"damage_taken":0},{"event_name":"Nest","player_choice":"Stole From Cult","floor":25,"damage_taken":0},{"event_name":"Upgrade Shrine","player_choice":"Upgraded","floor":37,"damage_taken":0},{"event_name":"Accursed Blacksmith","player_choice":"Forge","floor":44,"damage_taken":0},{"event_name":"Tomb of Lord Red Mask","player_choice":"Paid","floor":48,"damage_taken":0}],"boss_relics":[{"not_picked":["Runic Dome","Philosopher\u0027s Stone"],"picked":"Ectoplasm"},{"not_picked":["Snecko Eye","Calling Bell"],"picked":"White Beast Statue"}],"items_purged_floors":[],"is_endless":false,"potions_floor_spawned":[3,7,10,12,14,21,24,28,31,35,36,38,40,42,47],"ascension_level":0}