{"path_per_floor":["M","M","?","M","M","R","T","R","T","?","R","$","E","$","R","B",null,"M","?","M","$","?","R","$","R","T","E","M","M","M","M","R","B",null,"M","T","?","M","?","R","?","M","T","M","M","R","M","M","R","B"],"character_chosen":"THE_SILENT","items_purchased":["Singing Bowl","Backflip","Venomology","Well Laid Plans"],"gold_per_floor":[118,128,78,94,114,114,139,139,163,163,163,18,50,0,0,103,103,113,213,225,69,69,69,0,0,0,28,42,61,78,98,98,197,197,209,209,0,11,11,11,11,30,55,66,81,81,93,103,103,103],"floor_reached":51,"campfire_rested":2,"playtime":5408,"current_hp_per_floor":[63,61,61,61,58,58,58,58,58,80,80,80,62,62,62,54,82,82,82,84,84,68,68,68,68,68,60,51,52,19,28,55,31,95,60,60,60,45,45,45,45,27,27,29,25,55,57,51,51,9],"items_purged":[],"gold":103,"score":762,"play_id":"d99c3f3b-cae6-4737-abbf-a48ad3f3a817","local_time":"20180409223414","is_prod":false,"is_daily":false,"is_ascension_mode":true,"campfire_upgraded":6,"timestamp":1523306054,"path_taken":["M","M","?","M","M","R","?","R","T","?","R","$","E","$","R","BOSS","M","?","M","?","?","R","?","R","T","E","M","M","M","M","R","BOSS","M","?","?","M","?","R","?","?","T","M","M","R","M","M","R","BOSS"],"build_version":"2018-04-05v2","purchased_purges":0,"victory":true,"master_deck":["Defend_G","Defend_G","Defend_G+1","Strike_G+1","Strike_G","Strike_G+1","Survivor+1","Neutralize+1","Riddle With Holes+1","Sucker Punch+1","Malaise+1","Dagger Spray","Backflip+1","Footwork+1","Adrenaline+1","Sucker Punch+1","Bouncing Flask+1","Venomology","Well Laid Plans","Blur","Noxious Fumes","Quick Slash+1","Cloak And Dagger+1","Heel Hook+1"],"max_hp_per_floor":[70,70,70,70,70,70,70,70,70,80,80,80,80,80,80,82,82,82,82,84,84,89,89,89,89,89,89,89,91,93,93,93,95,95,95,95,95,97,97,97,97,99,99,101,103,103,103,103,103,103],"relics":["Velvet Choker","Oddly Smooth Stone","Whetstone","Singing Bowl","Ninja Scroll","Astrolabe","Girya","Bag of Marbles","Black Star","War Paint","Red Mask","Pen Nib"],"card_choices":[{"not_picked":["Prepared","Quick Slash"],"picked":"Riddle With Holes","floor":1},{"not_picked":["Infinite Blades","Dodge and Roll"],"picked":"Sucker Punch","floor":2},{"not_picked":["Calculated Gamble","Dagger Throw"],"picked":"Bullet Time","floor":4},{"not_picked":["Deadly Poison","Acrobatics"],"picked":"Malaise","floor":5},{"not_picked":["Flechettes","Setup"],"picked":"Dagger Spray","floor":13},{"not_picked":["Malaise","Cloak And Dagger"],"picked":"Bouncing Flask","floor":18},{"not_picked":["Crippling Poison","Underhanded Strike"],"picked":"Die Die Die","floor":27},{"not_picked":["Well Laid Plans","Finisher"],"picked":"Blur","floor":28},{"not_picked":["Dagger Throw","Quick Slash"],"picked":"Noxious Fumes","floor":31},{"not_picked":["Backstab","Deadly Poison"],"picked":"Quick Slash","floor":35},{"not_picked":["Blade Dance","Escape Plan"],"picked":"Cloak And Dagger","floor":47},{"not_picked":["Corpse Explosion","Quick Slash"],"picked":"Heel Hook","floor":48}],"player_experience":154536,"potions_floor_usage":[5,16,27,27,27,29,31,31,31,31,33,38,42,45,47,48,48,50,50,50],"damage_taken":[{"damage":7,"enemies":"Jaw Worm","floor":1,"turns":4},{"damage":2,"enemies":"Small Slimes","floor":2,"turns":4},{"damage":0,"enemies":"2 Louse","floor":4,"turns":3},{"damage":3,"enemies":"Gremlin Gang","floor":5,"turns":3},{"damage":18,"enemies":"Lagavulin","floor":13,"turns":8},{"damage":10,"enemies":"Hexaghost","floor":16,"turns":12},{"damage":0,"enemies":"Chosen","floor":18,"turns":5},{"damage":0,"enemies":"3 Byrds","floor":20,"turns":3},{"damage":8,"enemies":"Slavers","floor":27,"turns":5},{"damage":9,"enemies":"Snake Plant","floor":28,"turns":4},{"damage":1,"enemies":"3 Cultists","floor":29,"turns":4},{"damage":35,"enemies":"Centurion and Healer","floor":30,"turns":4},{"damage":0,"enemies":"Snecko","floor":31,"turns":4},{"damage":26,"enemies":"Automaton","floor":33,"turns":10},{"damage":35,"enemies":"3 Darklings","floor":35,"turns":6},{"damage":17,"enemies":"Orb Walker","floor":38,"turns":4},{"damage":20,"enemies":"3 Darklings","floor":42,"turns":5},{"damage":0,"enemies":"4 Shapes","floor":44,"turns":7},{"damage":6,"enemies":"Maw","floor":45,"turns":8},{"damage":10,"enemies":"Sphere and 2 Shapes","floor":47,"turns":4},{"damage":18,"enemies":"3 Darklings","floor":48,"turns":5},{"damage":42,"enemies":"Awakened One","floor":50,"turns":17}],"event_choices":[{"event_name":"The Cleric","player_choice":"Card Removal","floor":3,"damage_taken":0},{"event_name":"Bonfire Elementals","player_choice":"RARE","floor":10,"damage_taken":0},{"event_name":"Golden Shrine","player_choice":"Pray","floor":19,"damage_taken":0},{"event_name":"Forgotten Altar","player_choice":"Shed Blood","floor":22,"damage_taken":0},{"event_name":"Tomb of Lord Red Mask","player_choice":"Paid","floor":37,"damage_taken":0},{"event_name":"The Moai Head","player_choice":"Ignored","floor":39,"damage_taken":0}],"boss_relics":[{"not_picked":["Lizard Tail","Philosopher\u0027s Stone"],"picked":"Astrolabe"},{"not_picked":["Pandora\u0027s Box","Sozu"],"picked":"Black Star"}],"potions_floor_spawned":[2,4,13,16,20,27,28,33,45,47],"seed_played":"-4357748566250790929","ascension_level":3,"is_trial":false}