{"gold_per_floor":[110,260,50,63,138,138,149,180,180,180,54,84,96,126,126,204,204,223,239,239],"floor_reached":20,"playtime":1202,"items_purged":[],"score":355,"play_id":"b7a2caf3-fa5b-452f-9dcb-4497cbf7cc92","local_time":"20190301192034","is_ascension_mode":true,"campfire_choices":[{"data":"Zap","floor":6,"key":"SMITH"},{"data":"Streamline","floor":10,"key":"SMITH"},{"floor":15,"key":"REST"}],"neow_cost":"NONE","seed_source_timestamp":0,"circlet_count":0,"master_deck":["AscendersBane","Strike_B","Strike_B","Strike_B","Defend_B","Defend_B","Defend_B","Defend_B","Zap+1","Dualcast","Glacier","Streamline+1","Sweeping Beam","Capacitor","Consume","Echo Form","Compile Driver"],"special_seed":0,"relics":["Cracked Core","Runic Capacitor","Bottled Lightning","Singing Bowl","Lantern","Dream Catcher","Empty Cage"],"potions_floor_usage":[8,8],"damage_taken":[{"damage":2.0,"enemies":"Jaw Worm","floor":1.0,"turns":3.0},{"damage":0.0,"enemies":"2 Louse","floor":4.0,"turns":2.0},{"damage":7,"enemies":"Cultist","floor":7,"turns":4},{"damage":16,"enemies":"3 Sentries","floor":8,"turns":8},{"damage":20,"enemies":"Lagavulin","floor":12,"turns":7},{"damage":0,"enemies":"Exordium Wildlife","floor":13,"turns":3},{"damage":22,"enemies":"Slime Boss","floor":16,"turns":13},{"damage":25,"enemies":"Chosen","floor":18,"turns":4},{"damage":16,"enemies":"Spheric Guardian","floor":19,"turns":6},{"damage":36,"enemies":"Chosen and Byrds","floor":20,"turns":3}],"seed_played":"-563219480619637145","potions_obtained":[{"floor":1.0,"key":"EssenceOfSteel"},{"floor":4.0,"key":"SteroidPotion"},{"floor":16,"key":"LiquidBronze"},{"floor":19,"key":"SneckoOil"}],"is_trial":false,"path_per_floor":["M","?","$","M","?","R","M","E","T","R","?","E","M","?","R","B",null,"M","M","M"],"character_chosen":"DEFECT","items_purchased":["Runic Capacitor"],"campfire_rested":1,"item_purchase_floors":[3],"current_hp_per_floor":[69,69,69,69,58,58,51,35,35,35,35,17,17,17,41,19,65,42,26,0],"gold":239,"neow_bonus":"TEN_PERCENT_HP_BONUS","is_prod":false,"is_daily":false,"chose_seed":false,"campfire_upgraded":2,"win_rate":0,"timestamp":1551489634,"path_taken":["M","?","$","M","?","R","M","E","T","R","?","E","?","?","R","BOSS","M","M","M"],"build_version":"2019-01-23","purchased_purges":0,"victory":false,"max_hp_per_floor":[78,78,78,78,78,78,78,78,78,78,78,80,80,80,80,80,80,82,82,82],"card_choices":[{"not_picked":["Self Repair","Skim"],"picked":"Glacier","floor":1.0},{"not_picked":["Skim","Aggregate","Steam"],"picked":"SKIP","floor":4.0},{"not_picked":["Beam Cell","Undo"],"picked":"Streamline","floor":7},{"not_picked":["Heatsinks","Hello World"],"picked":"Sweeping Beam","floor":8},{"not_picked":["Redo","Leap","Sweeping Beam"],"picked":"Singing Bowl","floor":12},{"not_picked":["Recycle","Hologram"],"picked":"Capacitor","floor":13},{"not_picked":["Stack","Defragment"],"picked":"Consume","floor":15},{"not_picked":["Machine Learning","Reboot"],"picked":"Echo Form","floor":16},{"not_picked":["Gash","Rip and Tear","Scrape"],"picked":"Singing Bowl","floor":18},{"not_picked":["Skim","Ball Lightning"],"picked":"Compile Driver","floor":19}],"player_experience":550642,"relics_obtained":[{"floor":8,"key":"Bottled Lightning"},{"floor":9,"key":"Singing Bowl"},{"floor":12,"key":"Dream Catcher"}],"event_choices":[{"damage_healed":0.0,"max_hp_gain":0.0,"max_hp_loss":0.0,"gold_gain":150.0,"event_name":"Liars Game","player_choice":"AGREE","floor":2.0,"gold_loss":0.0,"damage_taken":0.0,"cards_obtained":["Doubt"]},{"damage_healed":0.0,"max_hp_gain":0.0,"max_hp_loss":0.0,"gold_gain":75.0,"event_name":"World of Goop","player_choice":"Gather Gold","floor":5.0,"gold_loss":0.0,"damage_taken":11.0},{"damage_healed":0,"gold_gain":0,"player_choice":"Paid Gold","damage_taken":0,"relics_obtained":["Lantern"],"max_hp_gain":0,"max_hp_loss":0,"event_name":"WeMeetAgain","floor":11,"gold_loss":126},{"damage_healed":0,"gold_gain":30,"player_choice":"Searched \u00271\u0027 times","damage_taken":0,"max_hp_gain":0,"max_hp_loss":0,"event_name":"Dead Adventurer","floor":14,"gold_loss":0}],"is_beta":false,"boss_relics":[{"not_picked":["Tiny House","Black Star"],"picked":"Empty Cage"}],"items_purged_floors":[],"is_endless":false,"potions_floor_spawned":[1,4,16,19],"killed_by":"Chosen and Byrds","ascension_level":19}