{"gold_per_floor":[215,235,11,86,102,136,136,170,170,180,193,211,134,134,134,230,230,243,243,200,200,200,200,240,263,313,313,338,338,353,353,353,449,512,526,544,494,334,357,357,372,372,372,372,388,388,18,36,36,36],"floor_reached":50,"playtime":2644,"items_purged":[],"score":850,"play_id":"c5fee289-ed96-4b08-b574-fa0fb9fa4d90","local_time":"20190305001607","is_ascension_mode":true,"campfire_choices":[{"data":"Sunder","floor":7,"key":"SMITH"},{"data":"Defragment","floor":15,"key":"SMITH"},{"data":"Go for the Eyes","floor":23,"key":"SMITH"},{"floor":27,"key":"REST"},{"data":"Self Repair","floor":29,"key":"SMITH"},{"floor":32,"key":"REST"},{"floor":40,"key":"REST"},{"data":"Loop","floor":42,"key":"SMITH"},{"data":"Conserve Battery","floor":44,"key":"SMITH"},{"floor":46,"key":"REST"},{"floor":49,"key":"REST"}],"neow_cost":"NONE","seed_source_timestamp":85734192738370,"circlet_count":0,"master_deck":["AscendersBane","Strike_B+1","Strike_B+1","Strike_B+1","Strike_B+1","Defend_B+1","Defend_B+1","Defend_B+1","Defend_B+1","Zap","Dualcast","BootSequence","Darkness+1","Defragment+1","Sunder+1","Doom and Gloom","Go for the Eyes+1","Conserve Battery+1","Reinforced Body","Self Repair+1","Biased Cognition","Defragment","Go for the Eyes+1","Loop+1","Multi-Cast","Machine Learning+1"],"relics":["Cracked Core","Sundial","Omamori","Ornamental Fan","Golden Idol","Busted Crown","Molten Egg 2","Orichalcum","Bronze Scales","Tiny House","Bag of Marbles","Pantograph"],"potions_floor_usage":[6,8,8,24,33,35,39,45,50,50],"damage_taken":[{"damage":1,"enemies":"Cultist","floor":1,"turns":3},{"damage":0,"enemies":"Small Slimes","floor":2,"turns":3},{"damage":2,"enemies":"Jaw Worm","floor":5,"turns":3},{"damage":30,"enemies":"3 Sentries","floor":6,"turns":6},{"damage":5,"enemies":"Lagavulin","floor":8,"turns":6},{"damage":0,"enemies":"Blue Slaver","floor":10,"turns":3},{"damage":0,"enemies":"2 Fungi Beasts","floor":11,"turns":2},{"damage":1,"enemies":"Gremlin Gang","floor":12,"turns":2},{"damage":11,"enemies":"Hexaghost","floor":16,"turns":9},{"damage":5,"enemies":"Chosen","floor":18,"turns":6},{"damage":31,"enemies":"Slavers","floor":24,"turns":6},{"damage":18,"enemies":"3 Byrds","floor":25,"turns":5},{"damage":19,"enemies":"Centurion and Healer","floor":28,"turns":8},{"damage":12,"enemies":"Snake Plant","floor":30,"turns":4},{"damage":28,"enemies":"Champ","floor":33,"turns":10},{"damage":34,"enemies":"3 Darklings","floor":35,"turns":7},{"damage":0,"enemies":"Orb Walker","floor":36,"turns":3},{"damage":36,"enemies":"3 Darklings","floor":39,"turns":5},{"damage":16,"enemies":"Jaw Worm Horde","floor":41,"turns":5},{"damage":33,"enemies":"Sphere and 2 Shapes","floor":45,"turns":6},{"damage":31,"enemies":"3 Darklings","floor":48,"turns":5},{"damage":77,"enemies":"Awakened One","floor":50,"turns":11}],"seed_played":"996579025958505980","potions_obtained":[{"floor":1,"key":"SteroidPotion"},{"floor":6,"key":"SkillPotion"},{"floor":18,"key":"Poison Potion"},{"floor":28,"key":"FairyPotion"},{"floor":30,"key":"EssenceOfSteel"},{"floor":34,"key":"GamblersBrew"},{"floor":35,"key":"Regen Potion"},{"floor":36,"key":"Regen Potion"},{"floor":45,"key":"Dexterity Potion"}],"is_trial":false,"path_per_floor":["M","M","$","?","M","E","R","E","T","M","M","M","$","?","R","B",null,"M","?","$","?","T","R","E","M","T","R","M","R","M","?","R","B",null,"M","M","?","$","M","R","M","R","T","R","M","R","$","M","R","B"],"character_chosen":"DEFECT","items_purchased":["Defragment","Sunder","Weak Potion","Self Repair","Defragment","Bag of Marbles","Pantograph","EssenceOfSteel"],"campfire_rested":5,"item_purchase_floors":[3,3,3,13,20,38,47,47],"current_hp_per_floor":[63,63,63,52,50,20,20,15,15,15,15,14,14,14,14,10,56,58,58,58,58,58,58,34,16,16,37,25,25,23,23,44,26,65,41,41,41,41,29,51,45,45,45,45,37,59,59,38,60,0],"gold":36,"neow_bonus":"HUNDRED_GOLD","is_prod":false,"is_daily":false,"chose_seed":false,"campfire_upgraded":6,"win_rate":0,"timestamp":1551762967,"path_taken":["M","M","$","?","M","E","R","E","T","M","M","M","$","?","R","BOSS","M","?","$","?","?","R","E","M","T","R","?","R","M","?","R","BOSS","M","?","?","$","M","R","?","R","T","R","M","R","?","M","R","BOSS"],"build_version":"2019-01-23","purchased_purges":0,"victory":false,"max_hp_per_floor":[71,71,71,71,71,71,71,71,71,71,71,71,71,71,71,71,71,71,71,71,71,71,71,71,71,71,71,71,71,71,71,71,71,76,76,76,76,76,76,76,76,76,76,76,76,76,76,76,76,76],"card_choices":[{"not_picked":["Stack","Hologram"],"picked":"BootSequence","floor":1},{"not_picked":["Fusion","Tempest"],"picked":"Darkness","floor":2},{"not_picked":["Force Field","Redo"],"picked":"Sweeping Beam","floor":5},{"not_picked":["Tempest","Chaos"],"picked":"Doom and Gloom","floor":6},{"not_picked":["Sweeping Beam","Compile Driver","Meteor Strike"],"picked":"SKIP","floor":8},{"not_picked":["FTL","Steam"],"picked":"Go for the Eyes","floor":10},{"not_picked":["Go for the Eyes","Beam Cell"],"picked":"Conserve Battery","floor":11},{"not_picked":["Gash","Steam Power"],"picked":"Reinforced Body","floor":12},{"not_picked":["Core Surge","Amplify"],"picked":"Biased Cognition","floor":16},{"not_picked":["Compile Driver"],"picked":"SKIP","floor":18},{"not_picked":["Genetic Algorithm"],"picked":"SKIP","floor":24},{"not_picked":[],"picked":"Go for the Eyes+1","floor":25},{"not_picked":["Compile Driver+1"],"picked":"SKIP","floor":28},{"not_picked":[],"picked":"Loop","floor":30},{"not_picked":[],"picked":"Machine Learning","floor":33},{"not_picked":["Leap"],"picked":"SKIP","floor":35},{"not_picked":["Compile Driver+1"],"picked":"SKIP","floor":36},{"not_picked":["Melter+1"],"picked":"SKIP","floor":39},{"not_picked":["Turbo"],"picked":"SKIP","floor":41},{"not_picked":["Barrage+1"],"picked":"SKIP","floor":45},{"not_picked":["Barrage+1"],"picked":"SKIP","floor":48}],"player_experience":849656,"relics_obtained":[{"floor":6,"key":"Sundial"},{"floor":8,"key":"Omamori"},{"floor":9,"key":"Ornamental Fan"},{"floor":22,"key":"Molten Egg 2"},{"floor":24,"key":"Orichalcum"},{"floor":26,"key":"Bronze Scales"}],"event_choices":[{"damage_healed":0,"gold_gain":75,"player_choice":"Gather Gold","damage_taken":11,"max_hp_gain":0,"max_hp_loss":0,"event_name":"World of Goop","floor":4,"gold_loss":0},{"damage_healed":0,"gold_gain":0,"player_choice":"Take Wound","damage_taken":0,"relics_obtained":["Golden Idol"],"max_hp_gain":0,"max_hp_loss":0,"event_name":"Golden Idol","floor":14,"gold_loss":0,"cards_obtained":["Injury"]},{"damage_healed":0,"gold_gain":0,"player_choice":"Simplicity","damage_taken":0,"max_hp_gain":0,"max_hp_loss":0,"event_name":"Back to Basics","floor":19,"gold_loss":0,"cards_upgraded":["Strike_B","Strike_B","Strike_B","Strike_B","Defend_B","Defend_B","Defend_B","Defend_B"]},{"damage_healed":0,"gold_gain":0,"player_choice":"Ignored","damage_taken":0,"max_hp_gain":0,"max_hp_loss":0,"event_name":"Beggar","floor":21,"gold_loss":0},{"damage_healed":0,"gold_gain":0,"cards_transformed":["Sweeping Beam"],"player_choice":"Transformed","damage_taken":0,"max_hp_gain":0,"max_hp_loss":0,"event_name":"Transmorgrifier","floor":31,"gold_loss":0,"cards_obtained":["Multi-Cast"]},{"damage_healed":0,"gold_gain":0,"player_choice":"Upgrade","damage_taken":0,"max_hp_gain":0,"max_hp_loss":0,"event_name":"Designer","floor":37,"gold_loss":50,"cards_upgraded":["Machine Learning"]}],"is_beta":false,"boss_relics":[{"not_picked":["Empty Cage","Fusion Hammer"],"picked":"Busted Crown"},{"not_picked":["Runic Dome","Philosopher\u0027s Stone"],"picked":"Tiny House"}],"items_purged_floors":[],"is_endless":false,"potions_floor_spawned":[1,5,6,18,28,30,35,36,45],"killed_by":"Awakened One","ascension_level":16}