{"gold_per_floor":[16,16,29,44,56,56,91,91,142,172,172,347,347,376,376,376],"floor_reached":16,"playtime":785,"items_purged":[],"score":142,"play_id":"4887138c-4324-4bdf-aa34-8fa85b4bab98","local_time":"20190123164806","is_ascension_mode":true,"campfire_choices":[{"data":"Spot Weakness","floor":6,"key":"SMITH"},{"floor":8,"key":"REST"},{"data":"Sword Boomerang","floor":13,"key":"SMITH"},{"floor":15,"key":"REST"}],"neow_cost":"NO_GOLD","seed_source_timestamp":46350668677121,"circlet_count":0,"master_deck":["Strike_R","Strike_R","Strike_R","Strike_R","Strike_R","Defend_R","Defend_R","Defend_R","Defend_R","Bash","Cleave","Spot Weakness+1","Sword Boomerang+1","Twin Strike","Sword Boomerang","Impervious","Doubt","Cleave","Cleave"],"relics":["Burning Blood","WingedGreaves","Paper Frog","Oddly Smooth Stone","Dream Catcher"],"potions_floor_usage":[10,14],"damage_taken":[{"damage":1,"enemies":"Cultist","floor":1,"turns":3},{"damage":5,"enemies":"Small Slimes","floor":3,"turns":5},{"damage":6,"enemies":"2 Louse","floor":4,"turns":3},{"damage":11,"enemies":"Blue Slaver","floor":5,"turns":4},{"damage":42,"enemies":"Lagavulin","floor":7,"turns":7},{"damage":10,"enemies":"3 Sentries","floor":10,"turns":4},{"damage":22,"enemies":"Lagavulin","floor":14,"turns":6},{"damage":82,"enemies":"Slime Boss","floor":16,"turns":9}],"seed_played":"5328295873688023739","potions_obtained":[{"floor":1,"key":"SpeedPotion"},{"floor":7,"key":"SkillPotion"},{"floor":14,"key":"Energy Potion"}],"is_trial":false,"path_per_floor":["M","?","M","M","M","R","E","R","T","E","?","?","R","E","R","B"],"character_chosen":"IRONCLAD","items_purchased":[],"campfire_rested":2,"item_purchase_floors":[],"current_hp_per_floor":[80,80,80,80,75,75,39,63,63,59,64,64,64,48,73,0],"gold":376,"neow_bonus":"ONE_RARE_RELIC","is_prod":false,"is_daily":false,"chose_seed":false,"campfire_upgraded":2,"win_rate":0,"timestamp":1548280086,"path_taken":["M","?","?","M","?","R","E","R","T","E","?","?","R","E","R","BOSS"],"build_version":"2019-01-23","purchased_purges":0,"victory":false,"max_hp_per_floor":[80,80,80,80,80,80,80,80,80,80,85,85,85,85,85,85],"card_choices":[{"not_picked":["Entrench","Clash"],"picked":"Cleave","floor":1},{"not_picked":["Perfected Strike","Twin Strike"],"picked":"Spot Weakness","floor":3},{"not_picked":["Heavy Blade","Shrug It Off"],"picked":"Sword Boomerang","floor":4},{"not_picked":["Barricade","Shrug It Off"],"picked":"Twin Strike","floor":5},{"not_picked":["Entrench","Shrug It Off"],"picked":"Sword Boomerang","floor":7},{"not_picked":["Hemokinesis","Havoc"],"picked":"Impervious","floor":10},{"not_picked":["Seeing Red","Pommel Strike"],"picked":"Cleave","floor":14},{"not_picked":["Havoc","Dual Wield"],"picked":"Cleave","floor":15}],"player_experience":1394193,"relics_obtained":[{"floor":7,"key":"Paper Frog"},{"floor":10,"key":"Oddly Smooth Stone"},{"floor":14,"key":"Dream Catcher"}],"event_choices":[{"damage_healed":0,"gold_gain":0,"player_choice":"Full Heal","damage_taken":0,"max_hp_gain":0,"max_hp_loss":0,"event_name":"Wheel of Change","floor":2,"gold_loss":0},{"damage_healed":0,"gold_gain":0,"player_choice":"Donut","damage_taken":0,"max_hp_gain":5,"max_hp_loss":0,"event_name":"Big Fish","floor":11,"gold_loss":0},{"damage_healed":0,"gold_gain":175,"player_choice":"AGREE","damage_taken":0,"max_hp_gain":0,"max_hp_loss":0,"event_name":"Liars Game","floor":12,"gold_loss":0,"cards_obtained":["Doubt"]}],"is_beta":false,"boss_relics":[],"items_purged_floors":[],"is_endless":false,"potions_floor_spawned":[1,7,14],"killed_by":"Slime Boss","ascension_level":4}