{"gold_per_floor":[112,180,180,180,26,61,86,125,199,238,256,281,281,296,296,296],"floor_reached":16,"playtime":636,"items_purged":[],"score":254,"play_id":"e79729ba-ac4a-43a3-b9ac-3c1c778d18ed","local_time":"20190302220859","is_ascension_mode":true,"campfire_choices":[{"data":"Uppercut","floor":13,"key":"SMITH"},{"data":"Shrug It Off","floor":15,"key":"SMITH"}],"neow_cost":"NONE","seed_source_timestamp":10035232299943,"circlet_count":0,"master_deck":["AscendersBane","Strike_R","Strike_R","Strike_R","Strike_R","Strike_R","Defend_R","Defend_R","Defend_R","Defend_R","Bash","Hemokinesis","Reaper","Shrug It Off+1","Uppercut+1","Headbutt","Sever Soul","Pommel Strike","Bludgeon"],"relics":["Burning Blood","NeowsBlessing","Golden Idol","Art of War","Letter Opener","Gremlin Horn","Anchor"],"potions_floor_usage":[8,10,16],"damage_taken":[{"damage":0,"enemies":"2 Louse","floor":1,"turns":1},{"damage":0,"enemies":"Gremlin Nob","floor":6,"turns":1},{"damage":0,"enemies":"Jaw Worm","floor":7,"turns":1},{"damage":39,"enemies":"3 Sentries","floor":8,"turns":9},{"damage":43,"enemies":"Lagavulin","floor":10,"turns":9},{"damage":1,"enemies":"Cultist","floor":11,"turns":3},{"damage":1,"enemies":"2 Fungi Beasts","floor":12,"turns":4},{"damage":3,"enemies":"Blue Slaver","floor":14,"turns":2},{"damage":29,"enemies":"Hexaghost","floor":16,"turns":9}],"seed_played":"8750580295071371620","potions_obtained":[{"floor":4,"key":"SpeedPotion"},{"floor":4,"key":"SteroidPotion"},{"floor":11,"key":"Strength Potion"},{"floor":12,"key":"GamblersBrew"},{"floor":14,"key":"PowerPotion"}],"is_trial":false,"path_per_floor":["M","?","?","?","$","E","M","E","T","E","M","M","R","M","R","B"],"character_chosen":"IRONCLAD","items_purchased":["Reaper"],"campfire_rested":0,"item_purchase_floors":[5],"current_hp_per_floor":[74,74,68,68,68,68,68,43,43,12,17,26,26,29,29,0],"gold":296,"neow_bonus":"THREE_ENEMY_KILL","is_prod":false,"is_daily":false,"chose_seed":false,"campfire_upgraded":2,"win_rate":0,"timestamp":1551582539,"path_taken":["M","?","?","?","$","E","?","E","T","E","M","M","R","M","R","BOSS"],"build_version":"2019-01-23","purchased_purges":0,"victory":false,"max_hp_per_floor":[75,75,68,68,68,68,68,68,68,68,68,68,68,68,68,68],"card_choices":[{"not_picked":["Flex","Wild Strike"],"picked":"Hemokinesis","floor":1},{"not_picked":["Cleave","Clash"],"picked":"Shrug It Off","floor":6},{"not_picked":["Thunderclap","Shrug It Off"],"picked":"Uppercut","floor":7},{"not_picked":["Havoc","Pommel Strike"],"picked":"Headbutt","floor":8},{"not_picked":["Dual Wield","Havoc"],"picked":"Sever Soul","floor":10},{"not_picked":["Infernal Blade","Warcry"],"picked":"Pommel Strike","floor":11},{"not_picked":["Thunderclap","Dual Wield"],"picked":"Bludgeon","floor":12},{"not_picked":["Clash","Thunderclap","Body Slam"],"picked":"SKIP","floor":14}],"player_experience":781393,"relics_obtained":[{"floor":6,"key":"Art of War"},{"floor":8,"key":"Letter Opener"},{"floor":9,"key":"Gremlin Horn"},{"floor":10,"key":"Anchor"}],"event_choices":[{"damage_healed":0,"gold_gain":68,"player_choice":"Gained Gold","damage_taken":0,"max_hp_gain":0,"max_hp_loss":0,"event_name":"Golden Wing","floor":2,"gold_loss":0},{"damage_healed":0,"gold_gain":0,"player_choice":"Lose Max HP","damage_taken":0,"relics_obtained":["Golden Idol"],"max_hp_gain":0,"max_hp_loss":7,"event_name":"Golden Idol","floor":3,"gold_loss":0},{"damage_healed":0,"gold_gain":0,"player_choice":"Got Potions","damage_taken":0,"max_hp_gain":0,"max_hp_loss":0,"event_name":"Lab","floor":4,"gold_loss":0}],"is_beta":false,"boss_relics":[],"items_purged_floors":[],"is_endless":false,"potions_floor_spawned":[6,11,12,14],"killed_by":"Hexaghost","ascension_level":15}