{"path_per_floor":["M","M","?","M","?","R","M","M","T","E","R","M","R","M","R","B",null,"M","M","M","M","$","R","M","?","T"],"character_chosen":"THE_SILENT","items_purchased":["Dexterity Potion","Deep Breath","Panache"],"gold_per_floor":[119,139,139,159,159,159,184,199,199,232,232,253,253,273,273,394,394,382,401,425,441,44,44,65,65,65,65],"floor_reached":27,"campfire_rested":2,"playtime":1833,"current_hp_per_floor":[62,62,48,45,45,45,39,39,39,14,33,25,25,16,35,32,57,51,47,40,32,32,32,31,31,31,0],"items_purged":["Strike_G"],"gold":65,"score":296,"play_id":"63159e5e-b33c-4af5-80b8-ec749ba9ca48","local_time":"20180504143103","is_prod":false,"is_daily":false,"chose_seed":false,"is_ascension_mode":true,"campfire_upgraded":3,"timestamp":1525458663,"path_taken":["M","M","?","M","?","R","M","M","T","E","R","M","R","M","R","BOSS","M","M","?","M","?","R","M","?","T","M"],"build_version":"2018-05-03","seed_source_timestamp":229659647041556,"purchased_purges":1,"victory":false,"master_deck":["Defend_G+1","Defend_G+1","Defend_G+1","Defend_G+1","Defend_G+1","Strike_G+1","Strike_G+1","Strike_G+1","Strike_G+1","Survivor","Neutralize+1","PiercingWail+1","Caltrops","Outmaneuver","Noxious Fumes+1","Glass Knife","PiercingWail","Cloak And Dagger","Doppelganger","Bouncing Flask+1","Noxious Fumes+1","Deep Breath+1","Panache","Outmaneuver+1"],"max_hp_per_floor":[70,70,70,70,65,65,65,65,65,65,65,65,65,65,65,65,65,65,65,65,65,65,65,65,65,65,65],"relics":["Runic Pyramid","Golden Idol","Centennial Puzzle","The Specimen","Cursed Key"],"card_choices":[{"not_picked":["Heel Hook","Catalyst"],"picked":"PiercingWail","floor":1},{"not_picked":["Backflip","Dodge and Roll"],"picked":"Caltrops","floor":2},{"not_picked":["Sucker Punch","Poisoned Stab"],"picked":"Outmaneuver","floor":4},{"not_picked":["Eviscerate","Quick Slash"],"picked":"Noxious Fumes","floor":7},{"not_picked":["Dagger Throw","Calculated Gamble"],"picked":"Glass Knife","floor":10},{"not_picked":["Backstab","Deadly Poison"],"picked":"PiercingWail","floor":12},{"not_picked":["Flechettes","Deflect"],"picked":"Cloak And Dagger","floor":14},{"not_picked":["Die Die Die","Tools of the Trade"],"picked":"Doppelganger","floor":16},{"not_picked":["Well Laid Plans","Catalyst"],"picked":"Bouncing Flask","floor":18},{"not_picked":["Cloak And Dagger","Blade Dance"],"picked":"Noxious Fumes","floor":19},{"not_picked":["Expertise","Finisher"],"picked":"Outmaneuver","floor":24}],"player_experience":454080,"potions_floor_usage":[4,8,16,18,24],"damage_taken":[{"damage":1,"enemies":"Small Slimes","floor":1,"turns":5},{"damage":0,"enemies":"2 Louse","floor":2,"turns":4},{"damage":3,"enemies":"Jaw Worm","floor":4,"turns":4},{"damage":6,"enemies":"3 Louse","floor":7,"turns":6},{"damage":0,"enemies":"2 Fungi Beasts","floor":8,"turns":4},{"damage":25,"enemies":"Lagavulin","floor":10,"turns":8},{"damage":8,"enemies":"Blue Slaver","floor":12,"turns":3},{"damage":9,"enemies":"Lots of Slimes","floor":14,"turns":4},{"damage":3,"enemies":"Hexaghost","floor":16,"turns":9},{"damage":6,"enemies":"2 Thieves","floor":18,"turns":4},{"damage":4,"enemies":"3 Byrds","floor":19,"turns":6},{"damage":7,"enemies":"Snecko","floor":20,"turns":7},{"damage":8,"enemies":"Snake Plant","floor":21,"turns":4},{"damage":16,"enemies":"Centurion and Healer","floor":24,"turns":6},{"damage":50,"enemies":"Snecko","floor":27,"turns":6}],"event_choices":[{"event_name":"Shining Light","player_choice":"Entered Light","floor":3,"damage_taken":0},{"event_name":"Golden Idol","player_choice":"Lose Max HP","floor":5,"damage_taken":0},{"event_name":"Back to Basics","player_choice":"Simplicity","floor":25,"damage_taken":0}],"boss_relics":[{"not_picked":["Runic Dome","Orrery"],"picked":"Cursed Key"}],"potions_floor_spawned":[1,2,12,14,18,19],"seed_played":"-1407975563182566121","killed_by":"Snecko","ascension_level":7,"is_trial":false}