{"gold_per_floor":[109,0,18,35,5,38,38,38,50,82,94],"floor_reached":11,"playtime":1403,"items_purged":["Strike_G"],"score":77,"play_id":"e7b2faf6-bb8e-4783-9e38-b739a18c6df3","local_time":"20180928231852","is_ascension_mode":true,"campfire_choices":[],"neow_cost":"","seed_source_timestamp":46208648101828,"circlet_count":0,"master_deck":["Defend_G","Defend_G","Defend_G","Defend_G","Defend_G","Strike_G","Strike_G","Strike_G","Strike_G","Survivor","Neutralize","Reflex","Footwork","Backflip","Poisoned Stab","Outmaneuver","Noxious Fumes"],"relics":["Ring of the Snake","Matryoshka","MawBank","Sundial","Blue Candle","Pear"],"potions_floor_usage":[5,11,11],"damage_taken":[{"damage":0,"enemies":"Cultist","floor":1,"turns":3},{"damage":3,"enemies":"Jaw Worm","floor":3,"turns":6},{"damage":0,"enemies":"Small Slimes","floor":4,"turns":6},{"damage":0,"enemies":"Looter","floor":5,"turns":4},{"damage":31,"enemies":"3 Sentries","floor":6,"turns":19},{"damage":11,"enemies":"Lots of Slimes","floor":10,"turns":5},{"damage":38,"enemies":"Gremlin Nob","floor":11,"turns":6}],"seed_played":"-7905465921283258101","potions_obtained":[{"floor":1,"key":"PowerPotion"},{"floor":4,"key":"Block Potion"},{"floor":6,"key":"GhostInAJar"}],"is_trial":false,"path_per_floor":["M","$","M","M","M","E","$","T","T","M"],"character_chosen":"THE_SILENT","items_purchased":["Footwork"],"campfire_rested":0,"item_purchase_floors":[2],"current_hp_per_floor":[70,70,67,67,67,36,36,36,46,35,0],"gold":94,"neow_bonus":"","is_prod":false,"is_daily":false,"chose_seed":false,"campfire_upgraded":0,"win_rate":0,"timestamp":1538165932,"path_taken":["M","$","M","M","M","E","$","?","T","M","E"],"build_version":"2018-09-27","purchased_purges":1,"victory":false,"max_hp_per_floor":[70,70,70,70,70,70,70,70,80,80,80],"card_choices":[{"not_picked":["Tactician","Cloak And Dagger"],"picked":"Reflex","floor":1},{"not_picked":["Deflect","Quick Slash"],"picked":"Backflip","floor":3},{"not_picked":["PiercingWail","Finisher"],"picked":"Poisoned Stab","floor":4},{"not_picked":["Burst","Endless Agony"],"picked":"Outmaneuver","floor":5},{"not_picked":["Tactician","Escape Plan"],"picked":"Noxious Fumes","floor":6},{"not_picked":["Skewer","Dagger Spray","Sucker Punch"],"picked":"SKIP","floor":10}],"player_experience":147043,"relics_obtained":[{"floor":6,"key":"Matryoshka"},{"floor":8,"key":"MawBank"},{"floor":8,"key":"Sundial"},{"floor":9,"key":"Blue Candle"},{"floor":9,"key":"Pear"}],"event_choices":[],"is_beta":false,"boss_relics":[],"items_purged_floors":[2],"is_endless":false,"potions_floor_spawned":[1,4,6],"killed_by":"Gremlin Nob","ascension_level":1}