{"gold_per_floor":[110,385,60,60,71,96,115,147,229,229,229,248,267,285,285,383,383,398,413,1,1,12,39,39,64,88,107,206,222,222,237,237,337,337,352,406,424,424,385,413,413,1,1,17,17,17,52,4,4,4],"floor_reached":51,"playtime":4326,"items_purged":["Regret","Defend_G"],"score":830,"play_id":"7a4042d0-c986-40d1-9eed-a1dc2929a351","local_time":"20190309122236","is_ascension_mode":false,"campfire_choices":[{"data":"Doppelganger","floor":11,"key":"SMITH"},{"data":"Backstab","floor":15,"key":"SMITH"},{"data":"Infinite Blades","floor":24,"key":"SMITH"},{"data":"Backstab","floor":30,"key":"SMITH"},{"floor":32,"key":"REST"},{"floor":41,"key":"REST"},{"data":"Accuracy","floor":46,"key":"SMITH"},{"floor":49,"key":"REST"}],"neow_cost":"NONE","seed_source_timestamp":564869772556434,"circlet_count":0,"master_deck":["Defend_G","Defend_G","Defend_G","Strike_G","Strike_G","Strike_G+1","Strike_G","Survivor","Neutralize","Leg Sweep+1","Well Laid Plans","Doppelganger+1","Backstab+1","Backstab+1","Blade Dance","Die Die Die","Dash+1","Blade Dance+1","Infinite Blades+1","Cloak And Dagger","Strike_R+1","Endless Agony","Corpse Explosion","Noxious Fumes","Deflect","Outmaneuver","Sucker Punch+1","Adrenaline","Crippling Poison+1","Caltrops","Panache","Accuracy+1","Backflip+1","Dodge and Roll+1","Blade Dance","Metamorphosis","Distraction+1","Terror+1"],"relics":["Ring of the Snake","Ninja Scroll","The Specimen","Happy Flower","Shuriken","Black Star","HandDrill","Orichalcum","Dream Catcher","Whetstone","Bottled Lightning","Boot","WristBlade","Thread and Needle","Kunai","Pear","Blood Vial","Ornamental Fan","Mummified Hand","Prayer Wheel"],"potions_floor_usage":[6,8,19,33,33,33,33,36,40,40,44,47,47,50,50],"damage_taken":[{"damage":0,"enemies":"Jaw Worm","floor":1,"turns":5},{"damage":0,"enemies":"Cultist","floor":5,"turns":4},{"damage":16,"enemies":"Lagavulin","floor":6,"turns":11},{"damage":0,"enemies":"Small Slimes","floor":7,"turns":3},{"damage":15,"enemies":"Gremlin Nob","floor":8,"turns":5},{"damage":1,"enemies":"Gremlin Gang","floor":12,"turns":5},{"damage":0,"enemies":"Looter","floor":13,"turns":1},{"damage":0,"enemies":"Large Slime","floor":14,"turns":4},{"damage":13,"enemies":"Hexaghost","floor":16,"turns":11},{"damage":0,"enemies":"3 Byrds","floor":18,"turns":3},{"damage":0,"enemies":"Spheric Guardian","floor":19,"turns":1},{"damage":13,"enemies":"3 Cultists","floor":22,"turns":4},{"damage":10,"enemies":"Book of Stabbing","floor":23,"turns":4},{"damage":0,"enemies":"Gremlin Leader","floor":25,"turns":5},{"damage":5,"enemies":"Cultist and Chosen","floor":27,"turns":3},{"damage":6,"enemies":"Centurion and Healer","floor":29,"turns":3},{"damage":16,"enemies":"Snake Plant","floor":31,"turns":2},{"damage":40,"enemies":"Champ","floor":33,"turns":7},{"damage":10,"enemies":"3 Shapes","floor":35,"turns":2},{"damage":14,"enemies":"2 Orb Walkers","floor":36,"turns":3},{"damage":0,"enemies":"Orb Walker","floor":37,"turns":1},{"damage":41,"enemies":"Nemesis","floor":40,"turns":5},{"damage":0,"enemies":"4 Shapes","floor":44,"turns":5},{"damage":0,"enemies":"Giant Head","floor":47,"turns":6},{"damage":35,"enemies":"Awakened One","floor":50,"turns":10}],"seed_played":"-3112557247840853441","potions_obtained":[{"floor":1,"key":"SteroidPotion"},{"floor":6,"key":"Strength Potion"},{"floor":7,"key":"GamblersBrew"},{"floor":16,"key":"PowerPotion"},{"floor":19,"key":"EntropicBrew"},{"floor":25,"key":"FearPotion"},{"floor":27,"key":"Ancient Potion"},{"floor":33,"key":"SpeedPotion"},{"floor":37,"key":"Fire Potion"},{"floor":40,"key":"Strength Potion"},{"floor":44,"key":"Ancient Potion"}],"is_trial":false,"path_per_floor":["M","?","$","?","M","E","M","E","T","?","R","M","M","M","R","B",null,"M","M","$","?","M","E","R","E","T","M","?","M","R","M","R","B",null,"M","?","M","?","$","E","R","$","T","M","?","R","E","$","R","B",null],"character_chosen":"THE_SILENT","items_purchased":["Ninja Scroll","Infinite Blades","Cloak And Dagger","HandDrill","Accuracy","Blade Dance","Metamorphosis","Blood Vial","Regen Potion","Weak Potion"],"campfire_rested":3,"item_purchase_floors":[3,20,20,20,39,42,42,42,42,48],"current_hp_per_floor":[77,77,77,77,77,61,61,46,46,46,46,45,45,45,45,32,77,77,77,77,77,64,54,54,54,54,49,49,43,43,27,50,10,77,67,53,53,53,53,22,48,48,48,62,62,62,64,64,87,52],"gold":4,"neow_bonus":"TEN_PERCENT_HP_BONUS","is_prod":false,"is_daily":false,"chose_seed":false,"campfire_upgraded":5,"win_rate":0,"timestamp":1552126956,"path_taken":["M","?","?","?","M","E","?","E","T","?","R","M","M","M","R","BOSS","M","M","$","?","M","E","R","E","T","?","?","M","R","M","R","BOSS","M","?","M","?","$","E","R","$","T","M","?","R","E","?","R","BOSS"],"build_version":"2019-01-23","purchased_purges":2,"victory":true,"max_hp_per_floor":[77,77,77,77,77,77,77,77,77,77,77,77,77,77,77,77,77,77,77,77,77,77,77,77,77,77,77,77,77,77,77,77,77,77,77,77,77,77,77,87,87,87,87,87,87,87,87,87,87,87],"card_choices":[{"not_picked":["All Out Attack","Sucker Punch"],"picked":"Leg Sweep","floor":1},{"not_picked":["Masterful Stab","Tactician","Quick Slash"],"picked":"SKIP","floor":5},{"not_picked":["Sucker Punch","Deflect","Prepared"],"picked":"SKIP","floor":6},{"not_picked":["Quick Slash","Prepared"],"picked":"Well Laid Plans","floor":7},{"not_picked":["Well Laid Plans","Acrobatics"],"picked":"Doppelganger","floor":8},{"not_picked":["Dodge and Roll","Slice"],"picked":"Backstab","floor":12},{"not_picked":["Blade Dance","Setup"],"picked":"Backstab","floor":13},{"not_picked":["Footwork","Setup"],"picked":"Blade Dance","floor":14},{"not_picked":["Wraith Form v2","Corpse Explosion"],"picked":"Die Die Die","floor":16},{"not_picked":["Escape Plan","Flying Knee"],"picked":"Dash+1","floor":18},{"not_picked":["Prepared","Slice"],"picked":"Blade Dance+1","floor":19},{"not_picked":["Reflex+1","Dagger Spray+1"],"picked":"Endless Agony","floor":22},{"not_picked":["Crippling Poison","Riddle With Holes"],"picked":"Corpse Explosion","floor":23},{"not_picked":["PiercingWail","Outmaneuver+1"],"picked":"Noxious Fumes","floor":25},{"not_picked":["Bane","Quick Slash+1"],"picked":"Deflect","floor":27},{"not_picked":["Dagger Spray+1","Escape Plan"],"picked":"Outmaneuver","floor":29},{"not_picked":["Setup+1","PiercingWail","All Out Attack+1"],"picked":"SKIP","floor":31},{"not_picked":["Underhanded Strike","Backflip"],"picked":"Sucker Punch+1","floor":32},{"not_picked":["Corpse Explosion","Tools of the Trade"],"picked":"Adrenaline","floor":33},{"not_picked":["Calculated Gamble","Dagger Spray"],"picked":"Crippling Poison+1","floor":35},{"not_picked":["Footwork+1","Catalyst"],"picked":"Caltrops","floor":37},{"not_picked":["Discovery","Good Instincts"],"picked":"Panache","floor":38},{"not_picked":["Bane","Bouncing Flask"],"picked":"Backflip+1","floor":40},{"not_picked":["Noxious Fumes","Bane+1"],"picked":"Dodge and Roll+1","floor":41},{"not_picked":["Underhanded Strike","Dagger Spray"],"picked":"Distraction+1","floor":44},{"not_picked":["Distraction+1","Choke"],"picked":"Terror+1","floor":47}],"player_experience":219079,"relics_obtained":[{"floor":6,"key":"The Specimen"},{"floor":8,"key":"Happy Flower"},{"floor":9,"key":"Shuriken"},{"floor":23,"key":"Orichalcum"},{"floor":23,"key":"Dream Catcher"},{"floor":25,"key":"Whetstone"},{"floor":25,"key":"Bottled Lightning"},{"floor":26,"key":"Boot"},{"floor":36,"key":"Thread and Needle"},{"floor":40,"key":"Kunai"},{"floor":40,"key":"Pear"},{"floor":43,"key":"Ornamental Fan"},{"floor":47,"key":"Mummified Hand"},{"floor":47,"key":"Prayer Wheel"}],"event_choices":[{"damage_healed":0,"gold_gain":275,"player_choice":"Desecrate","damage_taken":0,"max_hp_gain":0,"max_hp_loss":0,"event_name":"Golden Shrine","floor":2,"gold_loss":0,"cards_obtained":["Regret"]},{"damage_healed":0,"gold_gain":0,"player_choice":"Upgraded","damage_taken":0,"max_hp_gain":0,"max_hp_loss":0,"event_name":"Upgrade Shrine","floor":4,"gold_loss":0,"cards_upgraded":["Leg Sweep"]},{"damage_healed":0,"gold_gain":0,"player_choice":"Ignored","damage_taken":0,"max_hp_gain":0,"max_hp_loss":0,"event_name":"Liars Game","floor":10,"gold_loss":0},{"cards_removed":["Defend_G"],"damage_healed":0,"gold_gain":0,"player_choice":"Took Card","damage_taken":0,"max_hp_gain":0,"max_hp_loss":0,"event_name":"NoteForYourself","floor":21,"gold_loss":0,"cards_obtained":["Strike_R"]},{"damage_healed":0,"gold_gain":99,"player_choice":"Stole From Cult","damage_taken":0,"max_hp_gain":0,"max_hp_loss":0,"event_name":"Nest","floor":28,"gold_loss":0},{"damage_healed":0,"gold_gain":0,"player_choice":"Fight","damage_taken":0,"max_hp_gain":0,"max_hp_loss":0,"event_name":"Mysterious Sphere","floor":36,"gold_loss":0},{"damage_healed":0,"gold_gain":0,"player_choice":"Memory 1","damage_taken":0,"max_hp_gain":0,"max_hp_loss":0,"event_name":"SensoryStone","floor":38,"gold_loss":0},{"cards_removed":["Strike_G"],"damage_healed":0,"gold_gain":0,"player_choice":"Removed Attack","damage_taken":0,"max_hp_gain":0,"max_hp_loss":0,"event_name":"Falling","floor":45,"gold_loss":0}],"is_beta":false,"boss_relics":[{"not_picked":["Snecko Eye","Orrery"],"picked":"Black Star"},{"not_picked":["Runic Dome","Velvet Choker"],"picked":"WristBlade"}],"items_purged_floors":[3,20],"is_endless":false,"potions_floor_spawned":[1,6,7,16,19,25,27,33,37,40,44],"ascension_level":0}