{"gold_per_floor":[119,119,133,133,133,133,148,183,228,246,246,211,222,2,2,74,74,86,86,105,118,134,134,152,177,203,203,51,326,338,55,55,131,131,148,161,161,161,180,206,206,218,218,131,231,258,258,287,287,287],"floor_reached":50,"playtime":3031,"items_purged":["Regret"],"score":1098,"play_id":"2ef6b31a-58c2-4717-b207-f1f6b594d819","local_time":"20190307223602","is_ascension_mode":true,"campfire_choices":[{"floor":6,"key":"REST"},{"floor":11,"key":"REST"},{"data":"Zap","floor":15,"key":"SMITH"},{"floor":23,"key":"REST"},{"floor":27,"key":"REST"},{"floor":32,"key":"REST"},{"floor":41,"key":"REST"},{"data":"Defragment","floor":47,"key":"SMITH"},{"floor":49,"key":"REST"}],"neow_cost":"NONE","seed_source_timestamp":1809310825948788,"circlet_count":0,"master_deck":["AscendersBane","Strike_B","Defend_B","Defend_B","Defend_B+1","Defend_B","Zap+1","Dualcast","Cold Snap","Ball Lightning+1","Melter","Doom and Gloom","Coolheaded+1","Leap+1","Electrodynamics","Coolheaded","Core Surge","Defragment+1","Reinforced Body","Doom and Gloom","Meteor Strike","Meteor Strike","Creative AI","Biased Cognition","Doom and Gloom","Cold Snap+1","Leap+1"],"relics":["Cracked Core","Bronze Scales","Juzu Bracelet","Snecko Eye","War Paint","Strawberry","Sozu","Pen Nib","Pear","Emotion Chip","Darkstone Periapt","Vajra"],"potions_floor_usage":[8,16,16,25,25,30,33,33],"damage_taken":[{"damage":2,"enemies":"Small Slimes","floor":1,"turns":3},{"damage":7,"enemies":"Jaw Worm","floor":3,"turns":2},{"damage":0,"enemies":"Cultist","floor":7,"turns":2},{"damage":16,"enemies":"3 Sentries","floor":8,"turns":7},{"damage":7,"enemies":"2 Fungi Beasts","floor":10,"turns":2},{"damage":14,"enemies":"Red Slaver","floor":13,"turns":2},{"damage":5,"enemies":"Slime Boss","floor":16,"turns":6},{"damage":20,"enemies":"2 Thieves","floor":18,"turns":3},{"damage":0,"enemies":"Chosen","floor":20,"turns":3},{"damage":17,"enemies":"Snake Plant","floor":21,"turns":3},{"damage":4,"enemies":"Cultist and Chosen","floor":22,"turns":4},{"damage":0,"enemies":"Snecko","floor":24,"turns":5},{"damage":38,"enemies":"Slavers","floor":25,"turns":4},{"damage":16,"enemies":"Shelled Parasite and Fungi","floor":30,"turns":3},{"damage":26,"enemies":"Collector","floor":33,"turns":8},{"damage":2,"enemies":"3 Shapes","floor":35,"turns":4},{"damage":0,"enemies":"Orb Walker","floor":36,"turns":2},{"damage":5,"enemies":"4 Shapes","floor":39,"turns":3},{"damage":21,"enemies":"Nemesis","floor":40,"turns":7},{"damage":0,"enemies":"Spire Growth","floor":42,"turns":4},{"damage":0,"enemies":"Mind Bloom Boss Battle","floor":45,"turns":4},{"damage":21,"enemies":"Reptomancer","floor":46,"turns":6},{"damage":20,"enemies":"Giant Head","floor":48,"turns":6},{"damage":57,"enemies":"Awakened One","floor":50,"turns":6}],"seed_played":"8978925390498927275","potions_obtained":[{"floor":3,"key":"SneckoOil"},{"floor":7,"key":"FearPotion"},{"floor":10,"key":"Regen Potion"},{"floor":18,"key":"SteroidPotion"},{"floor":20,"key":"Weak Potion"},{"floor":24,"key":"Fire Potion"},{"floor":25,"key":"SneckoOil"},{"floor":30,"key":"Poison Potion"}],"is_trial":false,"path_per_floor":["M","?","M","?","?","R","M","E","T","M","R","?","M","$","R","B",null,"M","?","M","M","M","R","M","E","T","R","$","?","M","$","R","B",null,"M","M","?","?","M","E","R","M","T","$","?","E","R","E","R","B"],"character_chosen":"DEFECT","items_purchased":["Electrodynamics","Coolheaded","Meteor Strike","Meteor Strike","Dexterity Potion","Doom and Gloom"],"campfire_rested":7,"item_purchase_floors":[14,14,28,31,31,44],"current_hp_per_floor":[62,62,55,34,27,48,48,32,32,25,46,63,49,49,49,59,68,48,48,48,31,27,48,48,10,17,40,40,40,24,24,47,21,64,62,62,62,62,57,36,58,58,68,68,68,47,47,27,52,0],"gold":287,"neow_bonus":"TRANSFORM_CARD","is_prod":false,"is_daily":false,"chose_seed":false,"campfire_upgraded":2,"win_rate":0,"timestamp":1552019762,"path_taken":["M","?","M","?","?","R","M","E","T","M","R","?","M","$","R","BOSS","M","?","M","M","M","R","M","E","T","R","$","?","M","$","R","BOSS","M","M","?","?","M","E","R","M","T","$","?","E","R","E","R","BOSS"],"build_version":"2019-01-23","purchased_purges":1,"victory":false,"max_hp_per_floor":[71,71,71,71,71,71,71,71,71,71,71,71,71,71,71,71,71,71,71,71,71,71,71,71,71,78,78,78,78,78,78,78,78,78,78,78,74,74,74,74,74,74,84,84,84,84,84,84,84,84],"card_choices":[{"not_picked":["Cold Snap","Coolheaded"],"picked":"Ball Lightning","floor":1},{"not_picked":["Darkness","White Noise"],"picked":"Doom and Gloom","floor":3},{"not_picked":["Scrape","Undo","Stack"],"picked":"SKIP","floor":7},{"not_picked":["Auto Shields","Compile Driver"],"picked":"Coolheaded","floor":8},{"not_picked":["Scrape","Hologram"],"picked":"Leap","floor":10},{"not_picked":["Reprogram","Scrape","Beam Cell"],"picked":"SKIP","floor":13},{"not_picked":["Reprogram","Scrape","Beam Cell"],"picked":"SKIP","floor":13},{"not_picked":["Amplify","Meteor Strike"],"picked":"Core Surge","floor":16},{"not_picked":["Rebound","Turbo","Barrage"],"picked":"SKIP","floor":18},{"not_picked":["Turbo","Melter","Sweeping Beam"],"picked":"SKIP","floor":20},{"not_picked":["Darkness","Barrage"],"picked":"Defragment","floor":21},{"not_picked":["Coolheaded","Go for the Eyes"],"picked":"Reinforced Body","floor":22},{"not_picked":["FTL","Compile Driver","Cold Snap"],"picked":"SKIP","floor":24},{"not_picked":["Steam Power","BootSequence"],"picked":"Doom and Gloom","floor":25},{"not_picked":["Hologram","Reinforced Body","Rebound+1"],"picked":"SKIP","floor":30},{"not_picked":["Fission","Multi-Cast"],"picked":"Creative AI","floor":33},{"not_picked":["Cold Snap","Gash","Barrage+1"],"picked":"SKIP","floor":35},{"not_picked":["Compile Driver","Go for the Eyes","Consume+1"],"picked":"SKIP","floor":36},{"not_picked":["Cold Snap","Rebound","Beam Cell"],"picked":"SKIP","floor":39},{"not_picked":["White Noise","Go for the Eyes","Beam Cell+1"],"picked":"SKIP","floor":40},{"not_picked":["Go for the Eyes+1","Streamline"],"picked":"Biased Cognition","floor":42},{"not_picked":["Hello World+1","Thunder Strike"],"picked":"Cold Snap+1","floor":46},{"not_picked":["Sweeping Beam","Gash"],"picked":"Leap+1","floor":48}],"player_experience":574718,"relics_obtained":[{"floor":8,"key":"Bronze Scales"},{"floor":9,"key":"Juzu Bracelet"},{"floor":25,"key":"War Paint"},{"floor":26,"key":"Strawberry"},{"floor":40,"key":"Pen Nib"},{"floor":43,"key":"Pear"},{"floor":45,"key":"Emotion Chip"},{"floor":46,"key":"Darkstone Periapt"},{"floor":48,"key":"Vajra"}],"event_choices":[{"damage_healed":0,"gold_gain":0,"cards_transformed":["Strike_B"],"player_choice":"Change","damage_taken":0,"max_hp_gain":0,"max_hp_loss":0,"event_name":"Living Wall","floor":2,"gold_loss":0,"cards_obtained":["Melter"]},{"damage_healed":0,"gold_gain":0,"player_choice":"Entered Light","damage_taken":21,"max_hp_gain":0,"max_hp_loss":0,"event_name":"Shining Light","floor":4,"gold_loss":0,"cards_upgraded":["Defend_B","Ball Lightning"]},{"cards_removed":["Strike_B"],"damage_healed":0,"gold_gain":0,"player_choice":"Card Removal","damage_taken":7,"max_hp_gain":0,"max_hp_loss":0,"event_name":"Golden Wing","floor":5,"gold_loss":0},{"damage_healed":17,"gold_gain":0,"player_choice":"Healed","damage_taken":0,"max_hp_gain":0,"max_hp_loss":0,"event_name":"The Cleric","floor":12,"gold_loss":35},{"damage_healed":0,"gold_gain":0,"player_choice":"Ignored","damage_taken":0,"max_hp_gain":0,"max_hp_loss":0,"event_name":"Vampires","floor":19,"gold_loss":0},{"damage_healed":0,"gold_gain":275,"player_choice":"Desecrate","damage_taken":0,"max_hp_gain":0,"max_hp_loss":0,"event_name":"Golden Shrine","floor":29,"gold_loss":0,"cards_obtained":["Regret"]},{"damage_healed":0,"gold_gain":0,"player_choice":"Max HP","damage_taken":0,"max_hp_gain":0,"max_hp_loss":4,"event_name":"Winding Halls","floor":37,"gold_loss":0},{"damage_healed":0,"gold_gain":0,"player_choice":"Got Potions","damage_taken":0,"max_hp_gain":0,"max_hp_loss":0,"event_name":"Lab","floor":38,"gold_loss":0},{"damage_healed":0,"gold_gain":0,"player_choice":"Fight","damage_taken":0,"max_hp_gain":0,"max_hp_loss":0,"event_name":"MindBloom","floor":45,"gold_loss":0}],"is_beta":false,"boss_relics":[{"not_picked":["Orrery","Cursed Key"],"picked":"Snecko Eye"},{"not_picked":["Runic Dome","Eternal Feather"],"picked":"Sozu"}],"items_purged_floors":[31],"is_endless":false,"potions_floor_spawned":[3,7,10,13,18,20,24,25,30,35,40,42,46],"killed_by":"Awakened One","ascension_level":19}