{"path_per_floor":["M","M","M","?","?","R","M","M","T","M","M","$","?","M","R","B",null,"M","?","?","T","$","R","E","M","T","R","?","E","R","E","R","B",null,"M","M","?","?","M","E","?","E","T","M","M","R","M","M","R"],"character_chosen":"THE_SILENT","items_purchased":["Apotheosis","Calculated Gamble"],"gold_per_floor":[109,120,136,136,136,136,146,159,159,170,190,15,15,33,33,128,128,147,147,147,147,35,35,63,82,160,160,75,106,106,133,133,235,235,246,261,261,261,271,301,0,29,56,72,89,89,105,123,123],"floor_reached":50,"campfire_rested":2,"playtime":6651,"current_hp_per_floor":[69,62,59,59,59,59,59,59,73,68,65,65,49,49,49,43,84,59,50,50,50,50,50,28,28,28,54,54,40,69,67,67,49,99,99,99,89,89,99,66,66,68,68,70,72,72,74,64,64],"items_purged":["Strike_G"],"gold":123,"play_id":"944ec644-036b-4640-909a-c5822bbf0c2f","is_prod":false,"is_daily":false,"campfire_rituals":0,"campfire_upgraded":3,"is_hardmode":false,"path_taken":["M","M","M","?","?","R","?","M","T","M","M","$","?","M","R","BOSS","M","?","?","?","$","R","E","M","T","R","?","E","R","E","R","BOSS","M","M","?","?","M","E","?","E","T","?","M","R","M","M","R","BOSS"],"build_version":"2018-01-11-PROD2","purchased_purges":1,"victory":false,"master_deck":["Defend_G","Defend_G","Defend_G","Defend_G","Strike_G","Strike_G","Strike_G","Survivor","Neutralize","Cloak And Dagger","Dagger Spray","Dash","Cloak And Dagger","Leg Sweep","Cloak And Dagger","Apotheosis","Glass Knife","Backflip","Calculated Gamble","Dagger Spray","Poisoned Stab","Venomology","Madness","Madness","Predator","Backstab","Cloak And Dagger","Footwork"],"max_hp_per_floor":[70,70,70,70,70,70,70,70,84,84,84,84,84,84,84,84,84,84,89,89,89,89,89,89,89,89,89,89,99,99,99,99,99,99,99,99,99,99,99,99,99,99,99,99,99,99,99,99,99],"relics":["The Specimen","Blue Candle","Mango","Black Star","Dead Branch","Darkstone Periapt","Bottled Flame","Ornamental Fan","Mummified Hand","Paper Crane","Pear","Unceasing Top","Girya","Lizard Tail","Blood Vial","Prayer Wheel","Red Mask","Ancient Tea Set","Anchor","Vajra"],"campfire_meditates":0,"card_choices":[{"not_picked":["Bane","Sucker Punch"],"picked":"Cloak And Dagger"},{"not_picked":["Flying Knee","Cloak And Dagger"],"picked":"Dagger Spray"},{"not_picked":["Eviscerate","Burst"],"picked":"Dash"},{"not_picked":["Masterful Stab","Prepared"],"picked":"Cloak And Dagger"},{"not_picked":["Reflex","Sucker Punch"],"picked":"Leg Sweep"},{"not_picked":["Deadly Poison","Heel Hook"],"picked":"Cloak And Dagger"},{"not_picked":["Wraith Form","Unload"],"picked":"Glass Knife"},{"not_picked":["Blur","Acrobatics"],"picked":"Backflip"},{"not_picked":["Dagger Throw","Crippling Poison"],"picked":"Dagger Spray"},{"not_picked":["Deadly Poison","Slice"],"picked":"Poisoned Stab"},{"not_picked":["Bane","Poisoned Stab"],"picked":"Venomology"},{"not_picked":["Dagger Throw","After Image"],"picked":"Predator"},{"not_picked":["Deadly Poison","Deflect"],"picked":"Backstab"},{"not_picked":["Dodge and Roll","Deadly Poison"],"picked":"Cloak And Dagger"},{"not_picked":["Choke","Sucker Punch"],"picked":"Footwork"}],"player_experience":148590,"potions_floor_usage":[16,16,24,29,33,33,39,39,40,40,40,42,42,45,50,50,50,50,50,50],"damage_taken":[{"damage":1.0,"enemies":"Cultist","floor":1.0,"turns":5.0},{"damage":7.0,"enemies":"2 Louse","floor":2.0,"turns":4.0},{"damage":3.0,"enemies":"Jaw Worm","floor":3.0,"turns":4.0},{"damage":0.0,"enemies":"2 Fungi Beasts","floor":7.0,"turns":3.0},{"damage":0.0,"enemies":"Gremlin Gang","floor":8.0,"turns":5.0},{"damage":5.0,"enemies":"Exordium Wildlife","floor":10.0,"turns":5.0},{"damage":3.0,"enemies":"Exordium Thugs","floor":11.0,"turns":5.0},{"damage":0,"enemies":"3 Louse","floor":14,"turns":3},{"damage":6,"enemies":"The Guardian","floor":16,"turns":9},{"damage":25,"enemies":"Chosen","floor":18,"turns":5},{"damage":22,"enemies":"Book of Stabbing","floor":24,"turns":8},{"damage":0,"enemies":"3 Byrds","floor":25,"turns":5},{"damage":24,"enemies":"Slavers","floor":29,"turns":8},{"damage":2,"enemies":"Book of Stabbing","floor":31,"turns":8},{"damage":18,"enemies":"Champ","floor":33,"turns":19},{"damage":0,"enemies":"3 Shapes","floor":35,"turns":5},{"damage":0,"enemies":"Orb Walker","floor":36,"turns":3},{"damage":1,"enemies":"Sphere and 2 Shapes","floor":39,"turns":7},{"damage":39,"enemies":"2 Orb Walkers","floor":40,"turns":7},{"damage":0,"enemies":"Giant Head","floor":42,"turns":9},{"damage":0,"enemies":"4 Shapes","floor":44,"turns":4},{"damage":0,"enemies":"Maw","floor":45,"turns":8},{"damage":0,"enemies":"Sphere and 2 Shapes","floor":47,"turns":4},{"damage":12,"enemies":"4 Shapes","floor":48,"turns":10},{"damage":145,"enemies":"Time Eater","floor":50,"turns":10}],"event_choices":[{"event_name":"Accursed Blacksmith","player_choice":"Rummage","floor":4.0,"damage_taken":0.0},{"event_name":"Living Wall","player_choice":"Forget","floor":5.0,"damage_taken":0.0},{"event_name":"Shining Light","player_choice":"Entered Light","floor":13.0,"damage_taken":0.0},{"event_name":"Forgotten Altar","player_choice":"Shed Blood","floor":19,"damage_taken":0},{"event_name":"Back to Basics","player_choice":"Elegance","floor":20,"damage_taken":0},{"event_name":"Addict","player_choice":"Obtained Relic","floor":28,"damage_taken":0},{"event_name":"Winding Halls","player_choice":"Embrace Madness","floor":37,"damage_taken":0},{"event_name":"Tomb of Lord Red Mask","player_choice":"Paid","floor":41,"damage_taken":0}],"boss_relics":[{"not_picked":["Astrolabe","White Beast Statue"],"picked":"Black Star"},{"not_picked":["Philosopher\u0027s Stone","Runic Dome"],"picked":"Lizard Tail"}],"potions_floor_spawned":[7,8,10,14,24,29,33,36,39,40,45],"seed_played":"7074971639576125353","killed_by":"Time Eater","is_trial":false}