{"gold_per_floor":[119,119,142,160,173,173,213,213,213,213,251,251,275,39,39,165,165,190,210,210],"floor_reached":20,"playtime":1234,"items_purged":[],"score":202,"play_id":"a5049595-55a1-43bc-a361-05b02840293c","local_time":"20190207221100","is_ascension_mode":true,"campfire_choices":[{"data":"Fusion","floor":6,"key":"SMITH"},{"floor":10,"key":"REST"},{"floor":12,"key":"REST"},{"floor":15,"key":"REST"}],"neow_cost":"NONE","seed_source_timestamp":352429295344822,"circlet_count":0,"master_deck":["Strike_B+1","Strike_B+1","Strike_B","Strike_B","Defend_B","Defend_B","Defend_B","Defend_B","Zap","Dualcast","Deep Breath","Fusion+1","Leap","Sweeping Beam","Hologram","Stack","Go for the Eyes","Sunder","Steam","Echo Form","Cold Snap","Compile Driver"],"relics":["Cracked Core","Golden Idol","Whetstone","Pear","Du-Vu Doll","MealTicket","Inserter"],"potions_floor_usage":[5,16,16,18],"damage_taken":[{"damage":4,"enemies":"Jaw Worm","floor":1,"turns":4},{"damage":8,"enemies":"2 Louse","floor":3,"turns":3},{"damage":0,"enemies":"Cultist","floor":4,"turns":3},{"damage":6,"enemies":"Lots of Slimes","floor":5,"turns":2},{"damage":26,"enemies":"Lagavulin","floor":7,"turns":9},{"damage":45,"enemies":"Gremlin Nob","floor":11,"turns":5},{"damage":3,"enemies":"Blue Slaver","floor":13,"turns":4},{"damage":26,"enemies":"Hexaghost","floor":16,"turns":9},{"damage":31,"enemies":"2 Thieves","floor":18,"turns":4},{"damage":26,"enemies":"Spheric Guardian","floor":19,"turns":6},{"damage":34,"enemies":"Snecko","floor":20,"turns":5}],"seed_played":"3763385685147179746","potions_obtained":[{"floor":3,"key":"AttackPotion"},{"floor":7,"key":"Strength Potion"},{"floor":13,"key":"Poison Potion"},{"floor":16,"key":"Strength Potion"},{"floor":18,"key":"LiquidBronze"}],"is_trial":false,"path_per_floor":["M","?","M","M","M","R","E","?","T","R","E","R","M","$","R","B",null,"M","M","M"],"character_chosen":"DEFECT","items_purchased":["Steam","MealTicket"],"campfire_rested":3,"item_purchase_floors":[14,14],"current_hp_per_floor":[71,71,63,63,57,57,31,31,41,66,21,46,43,43,68,42,85,54,28,0],"gold":210,"neow_bonus":"RANDOM_COLORLESS","is_prod":false,"is_daily":false,"chose_seed":false,"campfire_upgraded":1,"win_rate":0,"timestamp":1549573860,"path_taken":["M","?","M","M","M","R","E","?","T","R","E","R","?","$","R","BOSS","M","M","M"],"build_version":"2019-01-23","purchased_purges":0,"victory":false,"max_hp_per_floor":[75,75,75,75,75,75,75,75,85,85,85,85,85,85,85,85,85,85,85,85],"card_choices":[{"not_picked":["Melter","Consume"],"picked":"Fusion","floor":1},{"not_picked":["Chill","Stack"],"picked":"Leap","floor":3},{"not_picked":["Force Field","Streamline"],"picked":"Sweeping Beam","floor":4},{"not_picked":["Stack","Core Surge"],"picked":"Hologram","floor":5},{"not_picked":["Redo","Blizzard"],"picked":"Stack","floor":7},{"not_picked":["Ball Lightning","Capacitor"],"picked":"Go for the Eyes","floor":11},{"not_picked":["Ball Lightning","Steam"],"picked":"Sunder","floor":13},{"not_picked":["Reboot","Seek"],"picked":"Echo Form","floor":16},{"not_picked":["Streamline","White Noise"],"picked":"Cold Snap","floor":18},{"not_picked":["Redo","Beam Cell"],"picked":"Compile Driver","floor":19}],"player_experience":227188,"relics_obtained":[{"floor":7,"key":"Whetstone"},{"floor":9,"key":"Pear"},{"floor":11,"key":"Du-Vu Doll"}],"event_choices":[{"damage_healed":0,"gold_gain":0,"player_choice":"Take Wound","damage_taken":0,"relics_obtained":["Golden Idol"],"max_hp_gain":0,"max_hp_loss":0,"event_name":"Golden Idol","floor":2,"gold_loss":0,"cards_obtained":["Injury"]},{"cards_removed":["Injury"],"damage_healed":0,"gold_gain":0,"player_choice":"Removed Curses","damage_taken":0,"max_hp_gain":0,"max_hp_loss":0,"event_name":"Fountain of Cleansing","floor":8,"gold_loss":0}],"is_beta":false,"boss_relics":[{"not_picked":["Ectoplasm","Philosopher\u0027s Stone"],"picked":"Inserter"}],"items_purged_floors":[],"is_endless":false,"potions_floor_spawned":[3,7,13,16,18],"killed_by":"Snecko","ascension_level":2}