{"path_per_floor":["M","M","?","M","M","R","E","R","T","?","M","E","M","M","R","B",null,"M","?","$","M","M","E","?","$","T","R","E"],"character_chosen":"THE_SILENT","items_purchased":["Shuriken","Calculated Gamble","Oddly Smooth Stone"],"gold_per_floor":[117,128,128,139,155,155,185,185,267,342,358,384,400,411,411,487,487,505,455,142,158,178,203,203,14,93,93,118,118],"floor_reached":29,"campfire_rested":3,"playtime":1958,"current_hp_per_floor":[55,55,55,54,54,54,36,57,57,46,45,2,1,1,37,11,55,53,53,53,41,32,6,6,6,6,42,1,0],"items_purged":["Strike_G"],"gold":118,"score":454,"play_id":"8a227a19-b826-4994-90ad-1b0c2a9fc19f","local_time":"20180421102725","is_prod":false,"is_daily":false,"chose_seed":false,"is_ascension_mode":true,"campfire_upgraded":1,"timestamp":1524299245,"path_taken":["M","M","?","M","?","R","E","R","T","?","M","E","M","M","R","BOSS","M","?","$","M","M","E","?","$","T","R","E","M"],"build_version":"2018-04-19","seed_source_timestamp":316560214305224,"purchased_purges":1,"victory":false,"master_deck":["Defend_G","Defend_G","Defend_G","Defend_G","Defend_G","Survivor","Neutralize","AscendersBane","Footwork+1","Slice","Cloak And Dagger+1","PiercingWail","Sucker Punch","Deadly Poison","Acrobatics","Poisoned Stab","Dagger Throw","Glass Knife","Dash+1","Bane+1","Tactician+1","Dagger Throw","Dodge and Roll","Dagger Throw","Malaise+1","Calculated Gamble"],"max_hp_per_floor":[70,70,70,70,70,70,70,70,70,70,70,70,70,70,70,70,70,70,70,70,70,70,70,70,70,70,70,70,70],"relics":["Velvet Choker","Torii","Tough Bandages","Regal Pillow","Astrolabe","Shuriken","Centennial Puzzle","Oddly Smooth Stone","Letter Opener","Bronze Scales"],"card_choices":[{"not_picked":["Slice","Eviscerate"],"picked":"Footwork","floor":1},{"not_picked":["Backflip","Blade Dance"],"picked":"Slice","floor":2},{"not_picked":["Poisoned Stab","PiercingWail"],"picked":"Cloak And Dagger","floor":4},{"not_picked":["Bane","Deflect"],"picked":"PiercingWail","floor":5},{"not_picked":["Riddle With Holes","Reflex"],"picked":"Sucker Punch","floor":7},{"not_picked":["Dagger Spray","Backflip"],"picked":"Deadly Poison","floor":11},{"not_picked":["Dagger Throw","Prepared"],"picked":"Acrobatics","floor":12},{"not_picked":["Cloak And Dagger","Dagger Spray"],"picked":"Poisoned Stab","floor":13},{"not_picked":["Tactician","Flying Knee"],"picked":"Dagger Throw","floor":14},{"not_picked":["Grand Finale","Wraith Form v2"],"picked":"Glass Knife","floor":16},{"not_picked":["Dagger Spray","Flechettes"],"picked":"Dagger Throw","floor":18},{"not_picked":["Flying Knee","Deflect"],"picked":"Dodge and Roll","floor":21},{"not_picked":["Outmaneuver","Skewer"],"picked":"Dagger Throw","floor":22},{"not_picked":["Backstab","Slice"],"picked":"Malaise","floor":23}],"player_experience":386011,"potions_floor_usage":[7,12,14,16,23],"damage_taken":[{"damage":8,"enemies":"Jaw Worm","floor":1,"turns":4},{"damage":0,"enemies":"Cultist","floor":2,"turns":4},{"damage":1,"enemies":"2 Louse","floor":4,"turns":3},{"damage":0,"enemies":"2 Fungi Beasts","floor":5,"turns":4},{"damage":18,"enemies":"3 Sentries","floor":7,"turns":15},{"damage":1,"enemies":"Red Slaver","floor":11,"turns":5},{"damage":43,"enemies":"Gremlin Nob","floor":12,"turns":7},{"damage":1,"enemies":"Exordium Wildlife","floor":13,"turns":6},{"damage":0,"enemies":"2 Fungi Beasts","floor":14,"turns":2},{"damage":26,"enemies":"Hexaghost","floor":16,"turns":11},{"damage":2,"enemies":"3 Byrds","floor":18,"turns":7},{"damage":12,"enemies":"Spheric Guardian","floor":21,"turns":4},{"damage":9,"enemies":"Snake Plant","floor":22,"turns":4},{"damage":26,"enemies":"Gremlin Leader","floor":23,"turns":9},{"damage":41,"enemies":"Slavers","floor":28,"turns":9},{"damage":1,"enemies":"Slaver and Parasite","floor":29,"turns":2}],"event_choices":[{"event_name":"Purifier","player_choice":"One Purge","floor":3,"damage_taken":0},{"event_name":"World of Goop","player_choice":"Gather Gold","floor":10,"damage_taken":0},{"event_name":"The Joust","player_choice":"Bet on Murderer","floor":19,"damage_taken":0},{"event_name":"Upgrade Shrine","player_choice":"Upgraded","floor":24,"damage_taken":0}],"boss_relics":[{"not_picked":["Black Star","Eternal Feather"],"picked":"Astrolabe"}],"potions_floor_spawned":[1,5,7,11,14,23,28],"seed_played":"4525878285768694","killed_by":"Slaver and Parasite","ascension_level":13,"is_trial":false}