{"path_per_floor":["M","M","?","$","M","R","E","R","T","M","?","M","M","?","R"],"character_chosen":"IRONCLAD","items_purchased":[],"gold_per_floor":[111,129,204,129,141,141,166,166,192,210,385,401,411,511,511,511],"floor_reached":16,"campfire_rested":0,"playtime":436,"current_hp_per_floor":[71,69,58,58,63,63,33,33,33,35,35,37,43,43,43,0],"items_purged":["Strike_R"],"gold":511,"score":122,"play_id":"2438e62c-91e5-4f6a-857d-0aeb0d2b8018","local_time":"20180512182639","is_prod":false,"is_daily":false,"chose_seed":false,"is_ascension_mode":true,"campfire_upgraded":3,"timestamp":1526163999,"path_taken":["M","M","?","$","?","R","E","R","T","M","?","M","?","?","R","BOSS"],"build_version":"2018-05-12v2","seed_source_timestamp":306845211042287,"purchased_purges":1,"victory":false,"master_deck":["Strike_R","Strike_R","Strike_R","Strike_R","Defend_R","Defend_R","Defend_R","Defend_R","Bash+1","True Grit+1","Feel No Pain","Thunderclap","Doubt","Uppercut+1","Double Tap"],"max_hp_per_floor":[72,72,72,72,72,72,79,79,79,79,79,79,79,79,79,79],"relics":["Burning Blood","Thread and Needle","Strawberry","Regal Pillow"],"card_choices":[{"not_picked":["Wild Strike","Shockwave"],"picked":"True Grit","floor":1},{"not_picked":["Flex","Heavy Blade"],"picked":"Feel No Pain","floor":2},{"not_picked":["Pummel","Twin Strike","Infernal Blade"],"picked":"SKIP","floor":5},{"not_picked":["Twin Strike","Armaments","Juggernaut"],"picked":"SKIP","floor":7},{"not_picked":["Armaments","Sword Boomerang"],"picked":"Thunderclap","floor":10},{"not_picked":["Sentinel","Entrench"],"picked":"Uppercut","floor":12},{"not_picked":["Body Slam","Havoc"],"picked":"Double Tap","floor":13}],"player_experience":121263,"potions_floor_usage":[13,16],"damage_taken":[{"damage":7,"enemies":"Jaw Worm","floor":1,"turns":4},{"damage":8,"enemies":"Small Slimes","floor":2,"turns":4},{"damage":1,"enemies":"Cultist","floor":5,"turns":3},{"damage":43,"enemies":"Lagavulin","floor":7,"turns":7},{"damage":4,"enemies":"Red Slaver","floor":10,"turns":6},{"damage":4,"enemies":"Exordium Wildlife","floor":12,"turns":4},{"damage":0,"enemies":"3 Louse","floor":13,"turns":1},{"damage":50,"enemies":"Slime Boss","floor":16,"turns":10}],"event_choices":[{"event_name":"World of Goop","player_choice":"Gather Gold","floor":3,"damage_taken":0},{"event_name":"Liars Game","player_choice":"agreed","floor":11,"damage_taken":0},{"event_name":"Golden Shrine","player_choice":"Pray","floor":14,"damage_taken":0}],"boss_relics":[],"potions_floor_spawned":[10,12,13],"seed_played":"-7030564435828799492","killed_by":"Slime Boss","ascension_level":4,"is_trial":false}