{"gold_per_floor":[111,111,127,46,61,61,75,75,75,75,92,103,120,149,161,274,286,316,348,371,402,414,426,456,468,480,521,241,241,84,9,9,9],"floor_reached":33,"playtime":1633,"items_purged":["Bash"],"score":350,"play_id":"ae7c75c9-c788-489f-9710-7a2f4837a5dd","local_time":"20190309202937","is_ascension_mode":true,"campfire_choices":[{"data":"Metallicize","floor":6,"key":"SMITH"},{"data":"Pommel Strike","floor":8,"key":"SMITH"},{"data":"Fiend Fire","floor":10,"key":"SMITH"},{"data":"Shrug It Off","floor":15,"key":"SMITH"},{"floor":23,"key":"REST"},{"floor":25,"key":"REST"},{"data":"Perfected Strike","floor":29,"key":"SMITH"},{"data":"Ghostly Armor","floor":32,"key":"SMITH"}],"neow_cost":"TEN_PERCENT_HP_LOSS","seed_source_timestamp":870942674783100,"circlet_count":0,"master_deck":["Strike_R+1","Strike_R+1","Strike_R+1","Strike_R+1","Strike_R+1","Defend_R+1","Defend_R+1","Defend_R+1","Defend_R+1","Pommel Strike+1","Blind","Fiend Fire+1","Uppercut","Metallicize+1","Thunderclap","Reckless Charge","Pommel Strike","Anger","Shrug It Off+1","Impervious","Iron Wave+1","Warcry","Perfected Strike+1","Rage","Headbutt+1","Good Instincts","Flex","Metallicize","Ghostly Armor+1","Jack Of All Trades"],"relics":["Burning Blood","Du-Vu Doll","Ornamental Fan","MawBank","Eternal Feather","Lantern","Kunai"],"potions_floor_usage":[14,19,21,24,27,33],"damage_taken":[{"damage":1,"enemies":"Cultist","floor":1,"turns":3},{"damage":8,"enemies":"Small Slimes","floor":3,"turns":2},{"damage":4,"enemies":"Jaw Worm","floor":5,"turns":3},{"damage":2,"enemies":"2 Fungi Beasts","floor":7,"turns":4},{"damage":16,"enemies":"Lots of Slimes","floor":11,"turns":4},{"damage":0,"enemies":"Exordium Wildlife","floor":12,"turns":3},{"damage":9,"enemies":"Large Slime","floor":13,"turns":3},{"damage":12,"enemies":"Gremlin Nob","floor":14,"turns":5},{"damage":37,"enemies":"Slime Boss","floor":16,"turns":13},{"damage":18,"enemies":"Spheric Guardian","floor":18,"turns":5},{"damage":11,"enemies":"Chosen","floor":19,"turns":7},{"damage":0,"enemies":"Snecko","floor":20,"turns":4},{"damage":45,"enemies":"3 Cultists","floor":21,"turns":7},{"damage":31,"enemies":"Shelled Parasite and Fungi","floor":24,"turns":10},{"damage":17,"enemies":"Slavers","floor":27,"turns":7},{"damage":86,"enemies":"Champ","floor":33,"turns":19}],"seed_played":"-5565569031769261552","potions_obtained":[{"floor":1,"key":"EssenceOfSteel"},{"floor":7,"key":"Weak Potion"},{"floor":11,"key":"PowerPotion"},{"floor":21,"key":"Regen Potion"},{"floor":24,"key":"Explosive Potion"},{"floor":27,"key":"AttackPotion"}],"is_trial":false,"path_per_floor":["M","?","M","$","M","R","M","R","T","R","M","M","M","E","R","B",null,"M","M","M","M","?","R","M","R","T","E","$","R","$","?","R","B"],"character_chosen":"IRONCLAD","items_purchased":["Metallicize","Good Instincts","Flex","Metallicize","Ghostly Armor","Jack Of All Trades"],"campfire_rested":2,"item_purchase_floors":[4,28,28,28,30,30],"current_hp_per_floor":[72,72,70,70,72,72,72,72,72,72,62,68,65,59,59,28,61,49,44,50,11,11,47,37,72,72,61,61,72,72,72,72,0],"gold":9,"neow_bonus":"ONE_RARE_RELIC","is_prod":false,"is_daily":false,"chose_seed":false,"campfire_upgraded":6,"win_rate":0,"timestamp":1552159777,"path_taken":["M","?","M","$","M","R","M","R","T","R","M","M","M","E","R","BOSS","M","M","M","M","?","R","M","R","T","E","$","R","$","?","R","BOSS"],"build_version":"2019-01-23","purchased_purges":1,"victory":false,"max_hp_per_floor":[72,72,72,72,72,72,72,72,72,72,72,72,72,72,72,72,72,72,72,72,72,72,72,72,72,72,72,72,72,72,72,72,72],"card_choices":[{"not_picked":["Reckless Charge","Heavy Blade"],"picked":"Pommel Strike","floor":1},{"not_picked":["Armaments","Clothesline"],"picked":"Uppercut","floor":3},{"not_picked":["Second Wind","Fire Breathing"],"picked":"Intimidate","floor":5},{"not_picked":["Body Slam","Clash"],"picked":"Thunderclap","floor":7},{"not_picked":["Heavy Blade","Wild Strike"],"picked":"Reckless Charge","floor":11},{"not_picked":["Thunderclap","Corruption"],"picked":"Pommel Strike","floor":12},{"not_picked":["Sentinel","Body Slam"],"picked":"Anger","floor":13},{"not_picked":["Whirlwind","Dark Embrace"],"picked":"Shrug It Off","floor":14},{"not_picked":["Reaper","Berserk"],"picked":"Impervious","floor":16},{"not_picked":["Twin Strike","Rupture"],"picked":"Iron Wave+1","floor":18},{"not_picked":["Sever Soul+1","Rupture","Cleave"],"picked":"SKIP","floor":19},{"not_picked":["Havoc","Cleave"],"picked":"Warcry","floor":20},{"not_picked":["Heavy Blade","Bludgeon"],"picked":"Perfected Strike","floor":21},{"not_picked":["Hemokinesis","Spot Weakness"],"picked":"Rage","floor":24},{"not_picked":["Rage","Entrench+1"],"picked":"Headbutt+1","floor":27}],"player_experience":380435,"relics_obtained":[{"floor":9,"key":"Ornamental Fan"},{"floor":14,"key":"MawBank"},{"floor":26,"key":"Lantern"},{"floor":27,"key":"Kunai"}],"event_choices":[{"damage_healed":0,"gold_gain":0,"player_choice":"2 cards matched","damage_taken":0,"max_hp_gain":0,"max_hp_loss":0,"event_name":"Match and Keep!","floor":2,"gold_loss":0,"cards_obtained":["Blind","Fiend Fire"]},{"damage_healed":0,"gold_gain":0,"player_choice":"Simplicity","damage_taken":0,"max_hp_gain":0,"max_hp_loss":0,"event_name":"Back to Basics","floor":22,"gold_loss":0,"cards_upgraded":["Strike_R","Strike_R","Strike_R","Strike_R","Strike_R","Defend_R","Defend_R","Defend_R","Defend_R"]},{"cards_removed":["Intimidate"],"damage_healed":0,"gold_gain":0,"player_choice":"Gave Gold","damage_taken":0,"max_hp_gain":0,"max_hp_loss":0,"event_name":"Beggar","floor":31,"gold_loss":75}],"is_beta":false,"boss_relics":[{"not_picked":["Lizard Tail","Snecko Eye"],"picked":"Eternal Feather"}],"items_purged_floors":[28],"is_endless":false,"potions_floor_spawned":[1,7,11,12,21,24,27],"killed_by":"Champ","ascension_level":6}