{"gold_per_floor":[110,127,28,28,44,76,4,4,4,4],"floor_reached":10,"playtime":253,"items_purged":["Defend_G"],"score":83,"play_id":"a1809c99-dda7-49af-b233-1b7264926f32","local_time":"20190220184520","is_ascension_mode":true,"campfire_choices":[],"neow_cost":"NONE","seed_source_timestamp":304035598790900,"circlet_count":0,"master_deck":["Defend_G","Defend_G","Defend_G","Defend_G","Strike_G","Strike_G","Strike_G","Strike_G+1","Strike_G+1","Survivor","Neutralize","Prepared","Quick Slash","Quick Slash","Dodge and Roll","Underhanded Strike","Footwork"],"relics":["Ring of the Snake","NeowsBlessing","Bottled Lightning","Mummified Hand"],"potions_floor_usage":[],"damage_taken":[{"damage":0,"enemies":"Jaw Worm","floor":1,"turns":1},{"damage":0,"enemies":"Small Slimes","floor":2,"turns":1},{"damage":0,"enemies":"Cultist","floor":5,"turns":1},{"damage":45,"enemies":"3 Sentries","floor":6,"turns":11},{"damage":18,"enemies":"Large Slime","floor":10,"turns":3}],"seed_played":"-7595882098941171001","potions_obtained":[],"is_trial":false,"path_per_floor":["M","M","$","?","M","E","$","?","T","M"],"character_chosen":"THE_SILENT","items_purchased":["Quick Slash","Footwork"],"campfire_rested":0,"item_purchase_floors":[3,7],"current_hp_per_floor":[70,70,70,56,56,11,11,11,11,0],"gold":4,"neow_bonus":"THREE_ENEMY_KILL","is_prod":false,"is_daily":false,"chose_seed":false,"campfire_upgraded":0,"win_rate":0,"timestamp":1550684720,"path_taken":["M","M","$","?","M","E","$","?","T","M"],"build_version":"2019-01-23","purchased_purges":1,"victory":false,"max_hp_per_floor":[70,70,70,70,70,70,70,70,70,70],"card_choices":[{"not_picked":["PiercingWail","Slice"],"picked":"Prepared","floor":1},{"not_picked":["Slice","Sucker Punch"],"picked":"Quick Slash","floor":2},{"not_picked":["Deadly Poison","Storm of Steel"],"picked":"Dodge and Roll","floor":5},{"not_picked":["Dagger Spray","Caltrops"],"picked":"Underhanded Strike","floor":6}],"player_experience":334082,"relics_obtained":[{"floor":6,"key":"Bottled Lightning"},{"floor":9,"key":"Mummified Hand"}],"event_choices":[{"damage_healed":0,"gold_gain":0,"player_choice":"Entered Light","damage_taken":14,"max_hp_gain":0,"max_hp_loss":0,"event_name":"Shining Light","floor":4,"gold_loss":0,"cards_upgraded":["Strike_G","Strike_G"]},{"damage_healed":0,"gold_gain":0,"player_choice":"Fled","damage_taken":0,"max_hp_gain":0,"max_hp_loss":0,"event_name":"Scrap Ooze","floor":8,"gold_loss":0}],"is_beta":false,"boss_relics":[],"items_purged_floors":[3],"is_endless":false,"potions_floor_spawned":[],"killed_by":"Large Slime","ascension_level":5}