{"gold_per_floor":[211,211,211,230,249,249,288,288,369,412,430,450,450,470,470,470],"floor_reached":16,"playtime":2062,"items_purged":[],"score":129,"play_id":"6309716a-8e7a-4a5d-981e-aa00767380f6","local_time":"20190309231549","is_ascension_mode":true,"campfire_choices":[{"data":"Neutralize","floor":6,"key":"SMITH"},{"data":"Dodge and Roll","floor":8,"key":"SMITH"},{"data":"Dagger Spray","floor":13,"key":"SMITH"},{"floor":15,"key":"REST"}],"neow_cost":"NONE","seed_source_timestamp":20808126836817,"circlet_count":0,"master_deck":["Defend_G","Defend_G","Defend_G","Defend_G","Defend_G","Strike_G","Strike_G","Strike_G","Strike_G","Survivor","Neutralize+1","Dagger Throw","Dagger Spray+1","Dodge and Roll+1","Terror","Endless Agony","Cloak And Dagger","Leg Sweep"],"relics":["Ring of the Snake","Golden Idol","Smiling Mask","Mercury Hourglass","Question Card"],"potions_floor_usage":[7,16,16],"damage_taken":[{"damage":6,"enemies":"Jaw Worm","floor":1,"turns":4},{"damage":0,"enemies":"2 Louse","floor":4,"turns":2},{"damage":0,"enemies":"Cultist","floor":5,"turns":3},{"damage":23,"enemies":"3 Sentries","floor":7,"turns":8},{"damage":19,"enemies":"Lagavulin","floor":10,"turns":9},{"damage":0,"enemies":"Gremlin Gang","floor":11,"turns":3},{"damage":1,"enemies":"2 Fungi Beasts","floor":12,"turns":3},{"damage":0,"enemies":"Blue Slaver","floor":14,"turns":3},{"damage":48,"enemies":"Slime Boss","floor":16,"turns":9}],"seed_played":"1424294118731606823","potions_obtained":[{"floor":4,"key":"LiquidBronze"},{"floor":5,"key":"Block Potion"},{"floor":11,"key":"EssenceOfSteel"},{"floor":12,"key":"Regen Potion"}],"is_trial":false,"path_per_floor":["M","?","?","M","M","R","E","R","T","E","M","M","R","M","R","B"],"character_chosen":"THE_SILENT","items_purchased":[],"campfire_rested":1,"item_purchase_floors":[],"current_hp_per_floor":[64,57,57,57,57,57,34,34,34,15,15,14,14,14,33,0],"gold":470,"neow_bonus":"HUNDRED_GOLD","is_prod":false,"is_daily":false,"chose_seed":false,"campfire_upgraded":3,"win_rate":0,"timestamp":1552166149,"path_taken":["M","?","?","M","M","R","E","R","T","E","M","M","R","M","R","BOSS"],"build_version":"2019-01-23","purchased_purges":0,"victory":false,"max_hp_per_floor":[70,70,65,65,65,65,65,65,65,65,65,65,65,65,65,65],"card_choices":[{"not_picked":["PiercingWail","Backflip"],"picked":"Dagger Throw","floor":1},{"not_picked":["Tactician","Reflex"],"picked":"Dagger Spray","floor":4},{"not_picked":["Dagger Spray","Doppelganger"],"picked":"Dodge and Roll","floor":5},{"not_picked":["Choke","Bane"],"picked":"Terror","floor":7},{"not_picked":["Dodge and Roll","Flying Knee"],"picked":"Endless Agony","floor":10},{"not_picked":["Underhanded Strike","Outmaneuver","Dagger Throw","Flechettes"],"picked":"SKIP","floor":11},{"not_picked":["Poisoned Stab","Quick Slash","Underhanded Strike"],"picked":"Cloak And Dagger","floor":12},{"not_picked":["Underhanded Strike","Blade Dance","Setup"],"picked":"Leg Sweep","floor":14}],"player_experience":725916,"relics_obtained":[{"floor":7,"key":"Smiling Mask"},{"floor":9,"key":"Mercury Hourglass"},{"floor":10,"key":"Question Card"}],"event_choices":[{"cards_removed":["Strike_G"],"damage_healed":0,"gold_gain":0,"player_choice":"Card Removal","damage_taken":7,"max_hp_gain":0,"max_hp_loss":0,"event_name":"Golden Wing","floor":2,"gold_loss":0},{"damage_healed":0,"gold_gain":0,"player_choice":"Lose Max HP","damage_taken":0,"relics_obtained":["Golden Idol"],"max_hp_gain":0,"max_hp_loss":5,"event_name":"Golden Idol","floor":3,"gold_loss":0}],"is_beta":false,"boss_relics":[],"items_purged_floors":[],"is_endless":false,"potions_floor_spawned":[4,5,11,12],"killed_by":"Slime Boss","ascension_level":3}