{"gold_per_floor":[218,232,252,267,267,294,310,65,88,120,139,139,158,175,175,273,273,291,92,92,92,191,226],"floor_reached":23,"playtime":1732,"items_purged":["Strike_B"],"score":223,"play_id":"8b6450a3-aaf8-4219-8cfa-e0d0e214c2b2","local_time":"20190302050123","is_ascension_mode":false,"campfire_choices":[{"data":"Go for the Eyes","floor":12,"key":"SMITH"},{"floor":15,"key":"REST"}],"neow_cost":"NONE","seed_source_timestamp":147715434832737,"circlet_count":0,"master_deck":["Strike_B","Strike_B","Strike_B","Defend_B","Defend_B","Defend_B","Defend_B","Zap","Dualcast","Go for the Eyes+1","FTL","Leap","Sweeping Beam","Static Discharge","Coolheaded","Biased Cognition","Core Surge","Conserve Battery","Hologram","Compile Driver","Echo Form","BootSequence+1","Capacitor","Consume","Conserve Battery"],"relics":["Cracked Core","Cables","Oddly Smooth Stone","Regal Pillow","Orichalcum","Nuclear Battery","MutagenicStrength","Molten Egg 2","Pen Nib"],"potions_floor_usage":[6],"damage_taken":[{"damage":0,"enemies":"Cultist","floor":1,"turns":3},{"damage":0,"enemies":"Small Slimes","floor":2,"turns":3},{"damage":3,"enemies":"Jaw Worm","floor":3,"turns":3},{"damage":2,"enemies":"Looter","floor":4,"turns":3},{"damage":20,"enemies":"Gremlin Nob","floor":6,"turns":5},{"damage":7,"enemies":"Exordium Wildlife","floor":7,"turns":4},{"damage":13,"enemies":"3 Sentries","floor":10,"turns":6},{"damage":3,"enemies":"Exordium Thugs","floor":11,"turns":4},{"damage":0,"enemies":"2 Fungi Beasts","floor":13,"turns":2},{"damage":0,"enemies":"Blue Slaver","floor":14,"turns":3},{"damage":23,"enemies":"Slime Boss","floor":16,"turns":10},{"damage":2,"enemies":"Shell Parasite","floor":18,"turns":4},{"damage":67,"enemies":"Gremlin Leader","floor":23,"turns":10}],"seed_played":"4651488776943649451","potions_obtained":[{"floor":3,"key":"Dexterity Potion"},{"floor":4,"key":"Block Potion"},{"floor":7,"key":"EssenceOfSteel"},{"floor":10,"key":"Regen Potion"}],"is_trial":false,"path_per_floor":["M","M","M","M","?","E","M","$","T","E","M","R","M","M","R","B",null,"M","$","?","T","?","E"],"character_chosen":"DEFECT","items_purchased":["Coolheaded","Biased Cognition","Capacitor","Consume","Conserve Battery"],"campfire_rested":1,"item_purchase_floors":[8,8,19,19,19],"current_hp_per_floor":[75,75,72,70,67,47,40,40,40,27,24,24,24,24,61,38,75,73,73,73,73,73,6],"gold":226,"neow_bonus":"HUNDRED_GOLD","is_prod":false,"is_daily":false,"chose_seed":false,"campfire_upgraded":1,"win_rate":0,"timestamp":1551495683,"path_taken":["M","M","M","M","?","E","M","$","T","E","M","R","M","M","R","BOSS","M","$","?","?","?","E"],"build_version":"2019-01-23","purchased_purges":1,"victory":false,"max_hp_per_floor":[75,75,75,75,75,75,75,75,75,75,75,75,75,75,75,75,75,75,75,75,75,75,75],"card_choices":[{"not_picked":["Coolheaded","Force Field"],"picked":"Go for the Eyes","floor":1},{"not_picked":["Glacier","Redo"],"picked":"FTL","floor":2},{"not_picked":["Lockon","Beam Cell"],"picked":"Leap","floor":3},{"not_picked":["Storm","Barrage","Leap"],"picked":"SKIP","floor":4},{"not_picked":["Stack","Blizzard"],"picked":"Sweeping Beam","floor":6},{"not_picked":["Gash","Barrage"],"picked":"Static Discharge","floor":7},{"not_picked":["Chill","Doom and Gloom"],"picked":"Core Surge","floor":10},{"not_picked":["Gash","Force Field"],"picked":"Conserve Battery","floor":11},{"not_picked":["Streamline","Hello World"],"picked":"Hologram","floor":13},{"not_picked":["Sunder","Coolheaded"],"picked":"Compile Driver","floor":14},{"not_picked":["Reboot","Thunder Strike"],"picked":"Echo Form","floor":16},{"not_picked":["Beam Cell","Chaos"],"picked":"BootSequence+1","floor":18}],"player_experience":567218,"relics_obtained":[{"floor":6,"key":"Oddly Smooth Stone"},{"floor":9,"key":"Regal Pillow"},{"floor":10,"key":"Orichalcum"},{"floor":21,"key":"Molten Egg 2"},{"floor":23,"key":"Pen Nib"}],"event_choices":[{"damage_healed":0,"gold_gain":0,"player_choice":"Success","damage_taken":3,"relics_obtained":["Cables"],"max_hp_gain":0,"max_hp_loss":0,"event_name":"Scrap Ooze","floor":5,"gold_loss":0},{"damage_healed":0,"gold_gain":0,"player_choice":"Inject Mutagens","damage_taken":0,"relics_obtained":["MutagenicStrength"],"max_hp_gain":0,"max_hp_loss":0,"event_name":"Drug Dealer","floor":20,"gold_loss":0},{"damage_healed":0,"gold_gain":99,"player_choice":"Stole From Cult","damage_taken":0,"max_hp_gain":0,"max_hp_loss":0,"event_name":"Nest","floor":22,"gold_loss":0}],"is_beta":false,"boss_relics":[{"not_picked":["White Beast Statue","Black Star"],"picked":"Nuclear Battery"}],"items_purged_floors":[8],"is_endless":false,"potions_floor_spawned":[3,4,7,10,11,23],"killed_by":"Gremlin Leader","ascension_level":0}