{"gold_per_floor":[213,161,161,92,92,92,109,140,140,140,140],"floor_reached":11,"playtime":385,"items_purged":[],"score":79,"play_id":"3037ab84-1b37-4130-a325-dede29aa3ad8","local_time":"20181107204805","is_ascension_mode":true,"campfire_choices":[{"data":"Armaments","floor":6,"key":"SMITH"},{"data":"Dark Embrace","floor":10,"key":"SMITH"}],"neow_cost":"NONE","seed_source_timestamp":1660101499258065,"circlet_count":0,"master_deck":["Strike_R","Strike_R","Strike_R","Strike_R","Strike_R","Defend_R","Defend_R","Defend_R","Defend_R","Bash+1","True Grit+1","Armaments+1","Feel No Pain","Whirlwind","Dark Embrace+1"],"relics":["Burning Blood","Lantern","Meat on the Bone"],"potions_floor_usage":[],"damage_taken":[{"damage":1,"enemies":"Jaw Worm","floor":1,"turns":5},{"damage":2,"enemies":"2 Louse","floor":7,"turns":4},{"damage":39,"enemies":"Gremlin Nob","floor":8,"turns":5},{"damage":53,"enemies":"Lagavulin Event","floor":11,"turns":5}],"seed_played":"-5315070117077048516","potions_obtained":[{"floor":1,"key":"GamblersBrew"},{"floor":8,"key":"AttackPotion"}],"is_trial":false,"path_per_floor":["M","$","?","$","?","R","M","E","T","R","?"],"character_chosen":"IRONCLAD","items_purchased":["Armaments","Feel No Pain"],"campfire_rested":0,"item_purchase_floors":[2,4],"current_hp_per_floor":[80,80,85,85,68,68,72,39,39,39,0],"gold":140,"neow_bonus":"HUNDRED_GOLD","is_prod":false,"is_daily":false,"chose_seed":false,"campfire_upgraded":2,"win_rate":0,"timestamp":1541641685,"path_taken":["M","$","?","$","?","R","M","E","T","R","?"],"build_version":"2018-11-01","purchased_purges":0,"victory":false,"max_hp_per_floor":[80,80,85,85,85,85,85,85,85,85,85],"card_choices":[{"not_picked":["Seeing Red","Sword Boomerang"],"picked":"True Grit","floor":1},{"not_picked":["Headbutt","Sentinel"],"picked":"Whirlwind","floor":7},{"not_picked":["Iron Wave","Warcry"],"picked":"Dark Embrace","floor":8}],"player_experience":1088360,"relics_obtained":[{"floor":8,"key":"Lantern"},{"floor":9,"key":"Meat on the Bone"}],"event_choices":[{"damage_healed":0,"gold_gain":0,"player_choice":"Donut","damage_taken":0,"max_hp_gain":5,"max_hp_loss":0,"event_name":"Big Fish","floor":3,"gold_loss":0},{"damage_healed":0,"gold_gain":0,"player_choice":"Entered Light","damage_taken":17,"max_hp_gain":0,"max_hp_loss":0,"event_name":"Shining Light","floor":5,"gold_loss":0,"cards_upgraded":["Bash","True Grit"]},{"damage_healed":0,"gold_gain":0,"player_choice":"Searched \u00272\u0027 times","damage_taken":0,"max_hp_gain":0,"max_hp_loss":0,"event_name":"Dead Adventurer","floor":11,"gold_loss":0}],"is_beta":false,"boss_relics":[],"items_purged_floors":[],"is_endless":false,"potions_floor_spawned":[1,8],"killed_by":"Lagavulin Event","ascension_level":3}