{"path_per_floor":["M","M","M","?","?","E","M","R","T","M","R","M","M","E","R"],"character_chosen":"THE_SILENT","items_purchased":[],"gold_per_floor":[119,130,141,141,141,174,195,195,195,208,208,229,249,293,293,293],"floor_reached":16,"campfire_rested":2,"playtime":834,"current_hp_per_floor":[52,47,47,30,30,13,13,34,34,33,33,24,18,10,31,0],"items_purged":[],"gold":293,"score":188,"play_id":"1596e2b3-0713-4413-9b72-d5f23b3e36bd","local_time":"20180421075918","is_prod":false,"is_daily":false,"chose_seed":false,"is_ascension_mode":true,"campfire_upgraded":1,"timestamp":1524290358,"path_taken":["M","M","M","?","?","E","?","R","T","M","R","?","M","E","R","BOSS"],"build_version":"2018-04-19","seed_source_timestamp":308798644324037,"purchased_purges":0,"victory":false,"master_deck":["Defend_G","Defend_G","Defend_G","Defend_G","Defend_G","Strike_G","Strike_G","Strike_G","Strike_G","Strike_G","Survivor","Neutralize+1","AscendersBane","Dash","Dagger Spray","Backstab+1","Predator","Dodge and Roll","Quick Slash","Sucker Punch"],"max_hp_per_floor":[70,70,70,70,70,70,70,70,70,70,70,70,70,70,70,70],"relics":["Ring of the Snake","Golden Idol","Ornamental Fan","Bottled Lightning","Vajra"],"card_choices":[{"not_picked":["PiercingWail","Acrobatics"],"picked":"Dash","floor":1},{"not_picked":["Heel Hook","All Out Attack"],"picked":"Dagger Spray","floor":2},{"not_picked":["Masterful Stab","Riddle With Holes"],"picked":"Backstab","floor":3},{"not_picked":["Blur","All Out Attack"],"picked":"Predator","floor":6},{"not_picked":["Predator","Underhanded Strike"],"picked":"Dodge and Roll","floor":10},{"not_picked":["All Out Attack","Distraction"],"picked":"Quick Slash","floor":12},{"not_picked":["Corpse Explosion","Masterful Stab"],"picked":"Sucker Punch","floor":13}],"player_experience":381900,"potions_floor_usage":[6,6,16],"damage_taken":[{"damage":11,"enemies":"Jaw Worm","floor":1,"turns":8},{"damage":5,"enemies":"Cultist","floor":2,"turns":4},{"damage":0,"enemies":"2 Louse","floor":3,"turns":3},{"damage":29,"enemies":"Lagavulin","floor":6,"turns":10},{"damage":0,"enemies":"Lots of Slimes","floor":7,"turns":3},{"damage":1,"enemies":"3 Louse","floor":10,"turns":4},{"damage":9,"enemies":"Exordium Thugs","floor":12,"turns":4},{"damage":6,"enemies":"Red Slaver","floor":13,"turns":4},{"damage":8,"enemies":"Gremlin Nob","floor":14,"turns":4},{"damage":34,"enemies":"The Guardian","floor":16,"turns":14}],"event_choices":[{"event_name":"Golden Idol","player_choice":"Take Damage","floor":4,"damage_taken":0},{"event_name":"Accursed Blacksmith","player_choice":"Forge","floor":5,"damage_taken":0}],"boss_relics":[],"potions_floor_spawned":[1,3,7,13],"seed_played":"-3907960250157053336","killed_by":"The Guardian","ascension_level":13,"is_trial":false}