{"path_per_floor":["M","M","$","?","M","R","?","M","T","R","E","?","M","$","R","B",null,"M","?","?","$","?","R","M","R","T","R","M","E","M","$","R","B",null,"M","M","M","?","T","R","M"],"character_chosen":"IRONCLAD","items_purchased":["Apotheosis","Matryoshka"],"gold_per_floor":[217,229,229,229,248,248,248,265,337,337,369,444,457,29,29,127,127,145,145,145,70,70,70,56,56,80,80,95,123,140,40,40,139,139,153,173,192,192,192,192,209],"floor_reached":42,"campfire_rested":2,"playtime":3306,"current_hp_per_floor":[80,72,72,72,78,78,78,68,68,68,57,46,48,48,48,39,80,73,73,58,58,58,58,34,34,34,59,49,28,31,31,56,19,85,85,85,63,63,63,63,68],"items_purged":["Normality","Writhe"],"gold":209,"play_id":"39e19543-55f2-4576-89ba-16887ee4ade4","is_prod":false,"is_daily":false,"is_ascension_mode":false,"campfire_upgraded":6,"path_taken":["M","M","$","?","M","R","?","M","T","R","E","?","M","$","R","BOSS","M","?","?","$","?","R","M","R","T","R","M","E","M","$","R","BOSS","M","M","M","?","?","R","M","E"],"build_version":"2018-01-23-BETA1","purchased_purges":2,"victory":false,"master_deck":["Strike_R","Strike_R","Strike_R","Strike_R","Strike_R","Defend_R","Defend_R","Defend_R","Defend_R","Bash","Double Tap","Headbutt","Sever Soul","Burning Pact","Flame Barrier","Seeing Red","Apotheosis","Barricade","Thunderclap","Thunderclap","Shrug It Off","Dark Embrace","Bludgeon","Headbutt","Seeing Red","True Grit"],"max_hp_per_floor":[80,80,80,80,80,80,80,80,80,80,80,80,80,80,80,80,80,80,80,85,85,85,85,85,85,85,85,85,85,85,85,85,85,85,85,85,85,85,85,85,85],"relics":["Burning Blood","Champion Belt","Gremlin Horn","Ancient Tea Set","Matryoshka","Mark of Pain","Paper Frog","Molten Egg","Happy Flower","Omamori","Sozu","Dream Catcher","Pantograph","Red Skull"],"card_choices":[{"not_picked":["Perfected Strike","Pummel"],"picked":"Double Tap"},{"not_picked":["Feel No Pain","Flex"],"picked":"Headbutt"},{"not_picked":["Heavy Blade","Warcry"],"picked":"Sever Soul"},{"not_picked":["Intimidate","Wild Strike"],"picked":"Burning Pact"},{"not_picked":["Warcry","Pommel Strike"],"picked":"Flame Barrier"},{"not_picked":["Evolve","Iron Wave"],"picked":"Seeing Red"},{"not_picked":["Feed","Offering"],"picked":"Barricade"},{"not_picked":["Cleave","Clash"],"picked":"Thunderclap"},{"not_picked":["Perfected Strike","Flex"],"picked":"Thunderclap"},{"not_picked":["Anger","True Grit"],"picked":"Shrug It Off"},{"not_picked":["Rampage","Warcry"],"picked":"Dark Embrace"},{"not_picked":["Double Tap","Barricade"],"picked":"Bludgeon"},{"not_picked":["Iron Wave","Armaments"],"picked":"Headbutt"},{"not_picked":["Thunderclap","True Grit"],"picked":"Seeing Red"},{"not_picked":["Intimidate","Armaments"],"picked":"True Grit"}],"player_experience":15671,"potions_floor_usage":[11,13,33],"damage_taken":[{"damage":6,"enemies":"Small Slimes","floor":1,"turns":3},{"damage":14,"enemies":"Blue Slaver","floor":2,"turns":4},{"damage":0,"enemies":"2 Louse","floor":5,"turns":3},{"damage":16,"enemies":"2 Fungi Beasts","floor":8,"turns":3},{"damage":17,"enemies":"3 Sentries","floor":11,"turns":6},{"damage":4,"enemies":"Red Slaver","floor":13,"turns":4},{"damage":15,"enemies":"The Guardian","floor":16,"turns":9},{"damage":13,"enemies":"Chosen","floor":18,"turns":5},{"damage":30,"enemies":"2 Thieves","floor":24,"turns":4},{"damage":16,"enemies":"Snecko","floor":28,"turns":5},{"damage":27,"enemies":"Gremlin Leader","floor":29,"turns":5},{"damage":3,"enemies":"Snake Plant","floor":30,"turns":4},{"damage":43,"enemies":"Automaton","floor":33,"turns":13},{"damage":0,"enemies":"Flame Bruiser 1 Orb","floor":35,"turns":5},{"damage":0,"enemies":"3 Darklings","floor":36,"turns":3},{"damage":28,"enemies":"Sphere and 2 Shapes","floor":37,"turns":6},{"damage":1,"enemies":"4 Shapes","floor":41,"turns":7},{"damage":92,"enemies":"Giant Head","floor":42,"turns":9}],"event_choices":[{"event_name":"Match and Keep!","player_choice":"0 cards matched","floor":4,"damage_taken":0},{"event_name":"Accursed Blacksmith","player_choice":"Rummage","floor":7,"damage_taken":0},{"event_name":"World of Goop","player_choice":"Gather Gold","floor":12,"damage_taken":0},{"event_name":"The Mausoleum","player_choice":"Yes","floor":19,"damage_taken":0},{"event_name":"Forgotten Altar","player_choice":"Shed Blood","floor":20,"damage_taken":0},{"event_name":"Beggar","player_choice":"Ignored","floor":22,"damage_taken":0},{"event_name":"Wheel of Change","player_choice":"Relic","floor":38,"damage_taken":0}],"boss_relics":[{"not_picked":["Cursed Key","Runic Dome"],"picked":"Mark of Pain"},{"not_picked":["Tiny House","Black Star"],"picked":"Sozu"}],"potions_floor_spawned":[2,5,13,24,29,30,35,37],"seed_played":"2983683618288312460","killed_by":"Giant Head","ascension_level":0,"is_trial":false}