{"gold_per_floor":[117,117,128,138,156,156,191,208,208,208,218,218,94,114,114,114],"floor_reached":16,"playtime":1031,"items_purged":["Strike_R"],"score":104,"play_id":"27aac3c6-323b-4c42-8abd-f023c0d1416f","local_time":"20190223041033","is_ascension_mode":false,"campfire_choices":[{"data":"Bash","floor":6,"key":"SMITH"},{"data":"True Grit","floor":10,"key":"SMITH"},{"data":"Whirlwind","floor":12,"key":"SMITH"},{"data":"Armaments","floor":15,"key":"SMITH"}],"neow_cost":"NONE","seed_source_timestamp":38789213706707,"circlet_count":0,"master_deck":["Strike_R","Strike_R","Strike_R","Strike_R","Defend_R","Defend_R","Defend_R","Defend_R","Bash+1","Offering","Twin Strike","Anger","Whirlwind+1","True Grit+1","Armaments+1"],"relics":["Burning Blood","Mango","Peace Pipe"],"potions_floor_usage":[11,16],"damage_taken":[{"damage":7,"enemies":"Small Slimes","floor":1,"turns":5},{"damage":6,"enemies":"Cultist","floor":3,"turns":3},{"damage":5,"enemies":"Jaw Worm","floor":4,"turns":4},{"damage":8,"enemies":"Blue Slaver","floor":5,"turns":2},{"damage":32,"enemies":"Lagavulin","floor":7,"turns":5},{"damage":0,"enemies":"Lots of Slimes","floor":8,"turns":1},{"damage":17,"enemies":"Red Slaver","floor":11,"turns":5},{"damage":6,"enemies":"Gremlin Gang","floor":14,"turns":1},{"damage":21,"enemies":"Slime Boss","floor":16,"turns":5}],"seed_played":"-7166276011392753029","potions_obtained":[{"floor":0,"key":"SkillPotion"},{"floor":0,"key":"LiquidBronze"},{"floor":0,"key":"PowerPotion"},{"floor":3,"key":"GamblersBrew"},{"floor":14,"key":"Weak Potion"}],"is_trial":false,"path_per_floor":["M","?","M","M","M","R","E","M","T","R","M","R","$","M","R","B"],"character_chosen":"IRONCLAD","items_purchased":["Armaments"],"campfire_rested":0,"item_purchase_floors":[13],"current_hp_per_floor":[79,79,79,80,78,78,66,72,72,72,61,61,61,61,61,40],"gold":114,"neow_bonus":"THREE_SMALL_POTIONS","is_prod":false,"is_daily":false,"chose_seed":false,"campfire_upgraded":4,"win_rate":0,"timestamp":1550887833,"path_taken":["M","?","M","M","M","R","E","M","T","R","?","R","$","M","R","BOSS"],"build_version":"2019-01-23","purchased_purges":1,"victory":false,"max_hp_per_floor":[80,80,80,80,80,80,94,94,94,94,94,94,94,94,94,94],"card_choices":[{"not_picked":["Body Slam","Warcry","Exhume"],"picked":"SKIP","floor":1},{"not_picked":["Intimidate","Clash"],"picked":"Twin Strike","floor":3},{"not_picked":["Pommel Strike","Sword Boomerang"],"picked":"Anger","floor":4},{"not_picked":["Offering","Anger","Burning Pact"],"picked":"SKIP","floor":5},{"not_picked":["Battle Trance","Iron Wave"],"picked":"Whirlwind","floor":7},{"not_picked":["Sword Boomerang","Iron Wave"],"picked":"True Grit","floor":8},{"not_picked":["Burning Pact","Twin Strike","Body Slam"],"picked":"SKIP","floor":11},{"not_picked":["True Grit","Havoc","Entrench"],"picked":"SKIP","floor":14}],"player_experience":491646,"relics_obtained":[{"floor":7,"key":"Mango"},{"floor":9,"key":"Peace Pipe"}],"event_choices":[{"damage_healed":0,"gold_gain":0,"player_choice":"1 cards matched","damage_taken":0,"max_hp_gain":0,"max_hp_loss":0,"event_name":"Match and Keep!","floor":2,"gold_loss":0,"cards_obtained":["Offering"]}],"is_beta":false,"boss_relics":[],"items_purged_floors":[13],"is_endless":false,"potions_floor_spawned":[3,5,8,14],"killed_by":"Slime Boss","ascension_level":0}