{"gold_per_floor":[117,68,82,97,97,97,109,126,149,149,74,88,108,128,128,231,231,248,94,94,84,94,109,109,109,156,156,171,171,197,213,213,213],"floor_reached":33,"playtime":3705,"items_purged":["Strike_R","Strike_R"],"score":263,"play_id":"63d253bf-8a27-4fed-b2fa-bd8858030cf4","local_time":"20180922060608","is_ascension_mode":false,"campfire_choices":[{"data":"Body Slam","floor":6,"key":"SMITH"},{"data":"Defend_R","floor":10,"key":"SMITH"},{"data":"Body Slam","floor":15,"key":"SMITH"},{"floor":24,"key":"REST"},{"data":"Shrug It Off","floor":27,"key":"SMITH"},{"floor":29,"key":"REST"},{"floor":32,"key":"REST"}],"neow_cost":"","seed_source_timestamp":135444766205264,"circlet_count":0,"master_deck":["Strike_R","Strike_R","Strike_R","Defend_R","Defend_R","Defend_R","Defend_R+1","Bash","Body Slam+1","Body Slam+1","Shrug It Off+1","Flame Barrier","True Grit","RitualDagger"],"relics":["Black Blood","Strawberry","Potion Belt","PreservedInsect","Bag of Preparation"],"potions_floor_usage":[12,16,16,21,22,30,33],"damage_taken":[{"damage":0,"enemies":"Small Slimes","floor":1,"turns":3},{"damage":6,"enemies":"Jaw Worm","floor":3,"turns":5},{"damage":2,"enemies":"2 Louse","floor":4,"turns":4},{"damage":18,"enemies":"Red Slaver","floor":7,"turns":4},{"damage":7,"enemies":"2 Fungi Beasts","floor":8,"turns":5},{"damage":0,"enemies":"Looter","floor":12,"turns":3},{"damage":9,"enemies":"Gremlin Gang","floor":13,"turns":7},{"damage":6,"enemies":"2 Fungi Beasts","floor":14,"turns":4},{"damage":57,"enemies":"The Guardian","floor":16,"turns":18},{"damage":31,"enemies":"Chosen","floor":18,"turns":6},{"damage":15,"enemies":"2 Thieves","floor":21,"turns":4},{"damage":15,"enemies":"Shelled Parasite and Fungi","floor":22,"turns":10},{"damage":22,"enemies":"Cultist and Chosen","floor":23,"turns":8},{"damage":29,"enemies":"Centurion and Healer","floor":28,"turns":21},{"damage":47,"enemies":"Slavers","floor":30,"turns":6},{"damage":18,"enemies":"3 Cultists","floor":31,"turns":8},{"damage":63,"enemies":"Collector","floor":33,"turns":6}],"seed_played":"3568403032265391925","potions_obtained":[{"floor":1,"key":"FearPotion"},{"floor":8,"key":"Poison Potion"},{"floor":13,"key":"SkillPotion"},{"floor":14,"key":"Block Potion"},{"floor":18,"key":"SkillPotion"},{"floor":28,"key":"Ancient Potion"},{"floor":31,"key":"Strength Potion"}],"is_trial":false,"path_per_floor":["M","$","M","M","?","R","M","M","T","R","$","M","M","M","R","B",null,"M","$","?","M","M","M","R","?","T","R","M","R","E","M","R"],"character_chosen":"IRONCLAD","items_purchased":["Body Slam","Shrug It Off"],"campfire_rested":3,"item_purchase_floors":[2,19],"current_hp_per_floor":[80,80,80,80,84,84,72,71,71,71,71,77,74,74,74,23,87,66,66,66,61,56,44,70,64,64,64,45,71,34,26,52,0],"gold":213,"neow_bonus":"","is_prod":false,"is_daily":false,"chose_seed":false,"campfire_upgraded":4,"win_rate":0.0,"timestamp":1537585568,"path_taken":["M","$","M","M","?","R","M","?","T","R","$","M","M","M","R","BOSS","M","$","?","M","M","?","R","?","T","R","M","R","E","M","R","BOSS"],"build_version":"2018-09-20","purchased_purges":2,"victory":false,"max_hp_per_floor":[80,80,80,80,87,87,87,87,87,87,87,87,87,87,87,87,87,87,87,87,87,87,87,87,87,87,87,87,87,87,87,87,87],"card_choices":[{"not_picked":["Uppercut","Anger","Warcry"],"picked":"SKIP","floor":1},{"not_picked":["Inflame","Armaments","Twin Strike"],"picked":"SKIP","floor":3},{"not_picked":["Infernal Blade","Flex","Thunderclap"],"picked":"SKIP","floor":4},{"not_picked":["Flex","Rampage","Ghostly Armor"],"picked":"SKIP","floor":7},{"not_picked":["Ghostly Armor","Warcry","Pommel Strike"],"picked":"SKIP","floor":8},{"not_picked":["Second Wind","Headbutt","Armaments"],"picked":"SKIP","floor":12},{"not_picked":["Iron Wave","Cleave"],"picked":"Body Slam","floor":13},{"not_picked":["Heavy Blade","Warcry","Cleave"],"picked":"SKIP","floor":14},{"not_picked":["Sword Boomerang","Ghostly Armor+1","Heavy Blade"],"picked":"SKIP","floor":18},{"not_picked":["Anger","Clash","Reckless Charge"],"picked":"SKIP","floor":21},{"not_picked":["Clash","Headbutt"],"picked":"True Grit","floor":22},{"not_picked":["Rage","Iron Wave","Fiend Fire"],"picked":"SKIP","floor":23},{"not_picked":["Heavy Blade","Blood for Blood+1","Clash"],"picked":"SKIP","floor":28},{"not_picked":["Pommel Strike+1","Brutality","Sword Boomerang"],"picked":"SKIP","floor":30},{"not_picked":["True Grit","Anger","Inflame+1"],"picked":"SKIP","floor":31}],"player_experience":26658,"relics_obtained":[{"floor":9,"key":"Potion Belt"},{"floor":26,"key":"PreservedInsect"},{"floor":30,"key":"Bag of Preparation"}],"event_choices":[{"event_name":"Scrap Ooze","player_choice":"success","floor":5,"damage_taken":3},{"event_name":"The Library","player_choice":"Read","floor":20,"damage_taken":0},{"event_name":"Nest","player_choice":"Joined the Cult","floor":25,"damage_taken":0}],"is_beta":false,"boss_relics":[{"not_picked":["Philosopher\u0027s Stone","Runic Dome"],"picked":"Black Blood"}],"items_purged_floors":[11,19],"is_endless":false,"potions_floor_spawned":[1,8,13,14,18,28,31],"killed_by":"Collector","ascension_level":0}