{"gold_per_floor":[113,123,133,147,112,112,112,112,112,21,21,21],"floor_reached":12,"playtime":495,"items_purged":[],"score":68,"play_id":"8a786ec0-fa7c-4173-abfa-24bb1c346769","local_time":"20190228043841","is_ascension_mode":false,"campfire_choices":[{"data":"Coolheaded","floor":6,"key":"SMITH"},{"data":"Zap","floor":8,"key":"SMITH"},{"data":"Capacitor","floor":11,"key":"SMITH"}],"neow_cost":"NONE","seed_source_timestamp":19519378100391,"circlet_count":0,"master_deck":["Strike_B","Strike_B","Strike_B","Defend_B","Defend_B","Defend_B","Defend_B","Zap+1","Dualcast","Genetic Algorithm","Hologram","Redo","Coolheaded+1","Capacitor+1","Gash"],"relics":["Cracked Core","Toxic Egg 2"],"potions_floor_usage":[],"damage_taken":[{"damage":6,"enemies":"Jaw Worm","floor":1,"turns":3},{"damage":0,"enemies":"Small Slimes","floor":2,"turns":3},{"damage":0,"enemies":"Cultist","floor":3,"turns":4},{"damage":8,"enemies":"2 Fungi Beasts","floor":4,"turns":5},{"damage":25,"enemies":"Gremlin Nob","floor":12,"turns":4}],"seed_played":"-150689604953421099","potions_obtained":[{"floor":1,"key":"Weak Potion"}],"is_trial":false,"path_per_floor":["M","M","M","M","?","R","?","R","T","$","R","E"],"character_chosen":"DEFECT","items_purchased":["Capacitor","Gash"],"campfire_rested":0,"item_purchase_floors":[10,10],"current_hp_per_floor":[76,76,76,68,82,82,75,75,75,75,75,50],"gold":21,"neow_bonus":"TEN_PERCENT_HP_BONUS","is_prod":false,"is_daily":false,"chose_seed":false,"campfire_upgraded":3,"win_rate":0,"timestamp":1551321521,"path_taken":["M","M","M","M","?","R","?","R","T","$","R","E"],"build_version":"2019-01-23","purchased_purges":0,"victory":false,"max_hp_per_floor":[82,82,82,82,82,82,82,82,82,82,82,82],"card_choices":[{"not_picked":["Barrage","Hologram"],"picked":"Genetic Algorithm","floor":1},{"not_picked":["Rip and Tear","Scrape"],"picked":"Hologram","floor":2},{"not_picked":["Storm","Leap"],"picked":"Redo","floor":3},{"not_picked":["Gash","Self Repair"],"picked":"Coolheaded","floor":4}],"player_experience":541963,"relics_obtained":[{"floor":9,"key":"Toxic Egg 2"}],"event_choices":[{"damage_healed":20,"gold_gain":0,"player_choice":"Healed","damage_taken":0,"max_hp_gain":0,"max_hp_loss":0,"event_name":"The Cleric","floor":5,"gold_loss":35},{"cards_removed":["Strike_B"],"damage_healed":0,"gold_gain":0,"player_choice":"Card Removal","damage_taken":7,"max_hp_gain":0,"max_hp_loss":0,"event_name":"Golden Wing","floor":7,"gold_loss":0}],"is_beta":false,"boss_relics":[],"items_purged_floors":[],"is_endless":false,"potions_floor_spawned":[1],"killed_by":"Gremlin Nob","ascension_level":0}