{"gold_per_floor":[113,263,281,296,54,54,54,54,54,54,54,71,99,99,99,174,174,192,192,264,278,60,86,86,102,102,135,150,169,90,103,103,174,174,184,16,16,28,52,78,89,4,4,0,0,0,30,50,50,50],"floor_reached":50,"playtime":3252,"items_purged":[],"score":1013,"play_id":"0cd5f962-a6cd-4a99-87d7-4bd5e56b78e3","local_time":"20190304233151","is_ascension_mode":true,"campfire_choices":[{"data":"Doom and Gloom","floor":6,"key":"SMITH"},{"data":"Loop","floor":8,"key":"SMITH"},{"data":"Beam Cell","floor":11,"key":"SMITH"},{"data":"Fission","floor":15,"key":"SMITH"},{"floor":24,"key":"RECALL"},{"floor":32,"key":"REST"},{"floor":46,"key":"REST"},{"floor":49,"key":"REST"}],"neow_cost":"NONE","seed_source_timestamp":82469505917234,"circlet_count":0,"master_deck":["AscendersBane","Strike_B+1","Strike_B+1","Defend_B+1","Defend_B+1","Defend_B+1","Defend_B+1","Zap","Dualcast","Beam Cell+1","Auto Shields","Loop+1","Doom and Gloom+1","Fission+1","Coolheaded","Electrodynamics","Coolheaded","Undo","Genetic Algorithm","Conserve Battery","Rainbow","Turbo","Hologram","Rainbow","Biased Cognition","Glacier"],"relics":["Cracked Core","Omamori","Mango","Oddly Smooth Stone","Lantern","Fusion Hammer","OrangePellets","Ornamental Fan","Pantograph","Ice Cream","Busted Crown","Bag of Preparation","Potion Belt","Whetstone","Shuriken","Red Mask","Regal Pillow"],"potions_floor_usage":[13,23,23,27,28,31,33,47,50,50],"damage_taken":[{"damage":1,"enemies":"Small Slimes","floor":1,"turns":4},{"damage":9,"enemies":"Jaw Worm","floor":3,"turns":5},{"damage":2,"enemies":"2 Louse","floor":4,"turns":3},{"damage":0,"enemies":"Large Slime","floor":12,"turns":4},{"damage":12,"enemies":"Gremlin Nob","floor":13,"turns":4},{"damage":6,"enemies":"Slime Boss","floor":16,"turns":8},{"damage":2,"enemies":"Shell Parasite","floor":18,"turns":6},{"damage":0,"enemies":"2 Thieves","floor":21,"turns":2},{"damage":0,"enemies":"Book of Stabbing","floor":23,"turns":6},{"damage":3,"enemies":"Centurion and Healer","floor":25,"turns":5},{"damage":7,"enemies":"Gremlin Leader","floor":27,"turns":7},{"damage":9,"enemies":"Sentry and Sphere","floor":28,"turns":6},{"damage":0,"enemies":"Chosen and Byrds","floor":29,"turns":3},{"damage":0,"enemies":"3 Cultists","floor":31,"turns":4},{"damage":29,"enemies":"Collector","floor":33,"turns":14},{"damage":0,"enemies":"3 Shapes","floor":35,"turns":3},{"damage":0,"enemies":"Orb Walker","floor":38,"turns":3},{"damage":5,"enemies":"Nemesis","floor":40,"turns":9},{"damage":4,"enemies":"Maw","floor":41,"turns":8},{"damage":36,"enemies":"Reptomancer","floor":47,"turns":7},{"damage":0,"enemies":"Writhing Mass","floor":48,"turns":7},{"damage":93,"enemies":"Donu and Deca","floor":50,"turns":13}],"seed_played":"-6694653947139598229","potions_obtained":[{"floor":3,"key":"Dexterity Potion"},{"floor":4,"key":"Weak Potion"},{"floor":16,"key":"SkillPotion"},{"floor":23,"key":"Swift Potion"},{"floor":27,"key":"SkillPotion"},{"floor":28,"key":"LiquidBronze"},{"floor":29,"key":"GamblersBrew"},{"floor":33,"key":"SpeedPotion"},{"floor":40,"key":"Block Potion"},{"floor":47,"key":"Dexterity Potion"}],"is_trial":false,"path_per_floor":["M","?","M","M","$","R","?","R","T","?","R","M","E","?","R","B",null,"M","?","T","M","$","E","R","M","T","E","M","M","$","M","R","B",null,"M","$","?","M","T","E","M","$","T","?","$","R","E","M","R","B"],"character_chosen":"DEFECT","items_purchased":["Omamori","Doom and Gloom","OrangePellets","FocusPotion","Bag of Preparation","FocusPotion"],"campfire_rested":3,"item_purchase_floors":[5,5,22,30,36,42],"current_hp_per_floor":[63,63,54,52,52,52,52,52,66,59,59,59,47,47,47,41,74,72,72,72,72,72,72,72,69,69,62,53,53,53,53,78,56,78,78,78,78,78,78,73,69,69,69,69,69,85,49,49,85,0],"gold":50,"neow_bonus":"REMOVE_CARD","is_prod":false,"is_daily":false,"chose_seed":false,"campfire_upgraded":4,"win_rate":0,"timestamp":1551760311,"path_taken":["M","?","M","M","$","R","?","R","T","?","R","M","E","?","R","BOSS","M","?","?","M","$","E","R","M","T","E","M","M","$","M","R","BOSS","M","$","?","?","?","E","M","$","T","?","?","R","E","M","R","BOSS"],"build_version":"2019-01-23","purchased_purges":0,"victory":false,"max_hp_per_floor":[71,71,71,71,71,71,71,71,85,85,85,85,85,85,85,85,85,85,85,85,85,85,85,85,85,85,85,85,85,85,85,85,85,85,85,85,85,85,85,85,85,85,85,85,85,85,85,85,85,85],"card_choices":[{"not_picked":["Blizzard","Conserve Battery"],"picked":"Beam Cell","floor":1},{"not_picked":["BootSequence","Streamline"],"picked":"Auto Shields","floor":3},{"not_picked":["Sweeping Beam","Gash"],"picked":"Loop","floor":4},{"not_picked":["Sweeping Beam","Coolheaded"],"picked":"Fission","floor":12},{"not_picked":["Cold Snap","Fission"],"picked":"Coolheaded","floor":13},{"not_picked":["Reboot","Creative AI"],"picked":"Electrodynamics","floor":16},{"not_picked":["Rebound+1","Gash"],"picked":"Coolheaded","floor":18},{"not_picked":["Beam Cell","Leap"],"picked":"Undo","floor":21},{"not_picked":["Steam","Ball Lightning"],"picked":"Genetic Algorithm","floor":23},{"not_picked":["Darkness","Sweeping Beam"],"picked":"Conserve Battery","floor":25},{"not_picked":["Ball Lightning","Melter"],"picked":"Rainbow","floor":27},{"not_picked":["Ball Lightning","Redo"],"picked":"Turbo","floor":28},{"not_picked":["Auto Shields","Gash"],"picked":"Hologram","floor":29},{"not_picked":["Turbo","Skim"],"picked":"Rainbow","floor":31},{"not_picked":["Electrodynamics","Buffer"],"picked":"Biased Cognition","floor":33},{"not_picked":["Sweeping Beam"],"picked":"SKIP","floor":35},{"not_picked":["Steam"],"picked":"SKIP","floor":38},{"not_picked":["Steam"],"picked":"SKIP","floor":40},{"not_picked":["Barrage"],"picked":"SKIP","floor":41},{"not_picked":["Turbo"],"picked":"SKIP","floor":47},{"not_picked":[],"picked":"Glacier","floor":48}],"player_experience":846404,"relics_obtained":[{"floor":9,"key":"Mango"},{"floor":13,"key":"Oddly Smooth Stone"},{"floor":23,"key":"Ornamental Fan"},{"floor":26,"key":"Pantograph"},{"floor":27,"key":"Ice Cream"},{"floor":39,"key":"Potion Belt"},{"floor":40,"key":"Whetstone"},{"floor":43,"key":"Shuriken"},{"floor":47,"key":"Regal Pillow"}],"event_choices":[{"damage_healed":0,"gold_gain":150,"player_choice":"AGREE","damage_taken":0,"max_hp_gain":0,"max_hp_loss":0,"event_name":"Liars Game","floor":2,"gold_loss":0,"cards_obtained":["Doubt"]},{"damage_healed":0,"gold_gain":0,"player_choice":"Ignored","damage_taken":0,"max_hp_gain":0,"max_hp_loss":0,"event_name":"Shining Light","floor":7,"gold_loss":0},{"cards_removed":["Doubt"],"damage_healed":0,"gold_gain":0,"player_choice":"Card Removal","damage_taken":7,"max_hp_gain":0,"max_hp_loss":0,"event_name":"Golden Wing","floor":10,"gold_loss":0},{"damage_healed":0,"gold_gain":0,"player_choice":"Box","damage_taken":0,"relics_obtained":["Lantern"],"max_hp_gain":0,"max_hp_loss":0,"event_name":"Big Fish","floor":14,"gold_loss":0,"cards_obtained":["Regret"]},{"damage_healed":0,"gold_gain":0,"player_choice":"Simplicity","damage_taken":0,"max_hp_gain":0,"max_hp_loss":0,"event_name":"Back to Basics","floor":19,"gold_loss":0,"cards_upgraded":["Strike_B","Strike_B","Strike_B","Defend_B","Defend_B","Defend_B","Defend_B"]},{"cards_removed":["Strike_B"],"damage_healed":0,"gold_gain":0,"player_choice":"Offered Basic","damage_taken":0,"max_hp_gain":0,"max_hp_loss":0,"event_name":"Bonfire Elementals","floor":37,"gold_loss":0},{"damage_healed":0,"gold_gain":0,"player_choice":"Paid","damage_taken":0,"relics_obtained":["Red Mask"],"max_hp_gain":0,"max_hp_loss":0,"event_name":"Tomb of Lord Red Mask","floor":44,"gold_loss":4}],"is_beta":false,"boss_relics":[{"not_picked":["Empty Cage","Black Star"],"picked":"Fusion Hammer"},{"not_picked":["Lizard Tail","Pandora\u0027s Box"],"picked":"Busted Crown"}],"items_purged_floors":[],"is_endless":false,"potions_floor_spawned":[3,4,16,23,27,28,29,33,40,47],"killed_by":"Donu and Deca","ascension_level":16}