{"path_per_floor":["M","M","M","M","?","R","E","R","T","?","R","?","?","$","R","B",null,"M","?","?","M","M","R","?","?","T","?","R","M","M","E","R","B",null,"M","?","$","?","M","R","E","R","T","?","?","M","R","M","R","B"],"character_chosen":"IRONCLAD","items_purchased":["Oddly Smooth Stone"],"gold_per_floor":[109,126,145,156,156,156,190,190,216,216,216,216,245,27,27,130,130,85,85,85,85,85,85,85,85,85,85,85,85,85,85,85,85,85,85,85,85,85,85,85,85,85,85,85,85,85,85,85,85,85],"floor_reached":51,"campfire_rested":1,"playtime":3253,"current_hp_per_floor":[80,80,73,64,57,57,45,45,45,33,33,33,37,37,37,15,80,74,74,74,80,70,70,55,83,83,83,83,85,85,99,99,73,99,93,93,93,83,74,82,71,79,79,79,79,59,96,93,99,51],"items_purged":["Strike_R"],"gold":85,"play_id":"eded7d48-668a-4aea-abb0-c8c50458208e","is_prod":false,"is_daily":false,"campfire_rituals":0,"campfire_upgraded":10,"is_hardmode":false,"path_taken":["M","M","M","M","?","R","E","R","T","?","R","?","?","$","R","BOSS","M","?","?","?","?","R","?","?","T","?","R","?","M","E","R","BOSS","M","?","$","?","M","R","E","R","T","?","?","M","R","M","R","BOSS"],"build_version":"2018-01-18-PROD4","purchased_purges":1,"victory":true,"master_deck":["Strike_R","Strike_R","Defend_R","Defend_R","Defend_R","Defend_R","Bash","Battle Trance","Feel No Pain","Clash","Double Tap","Mind Blast","Exhume","Headbutt","Fiend Fire","Clash","Clash","Searing Blow","Dark Embrace","Madness","Shrug It Off","Pommel Strike","Clash","Uppercut","Dropkick"],"max_hp_per_floor":[80,80,80,80,80,80,80,80,80,80,80,80,80,80,80,80,80,80,80,80,80,80,80,85,85,85,85,85,85,85,99,99,99,99,99,99,99,99,99,99,99,99,99,99,99,99,99,99,99,99],"relics":["Burning Blood","Charon\u0027s Ashes","War Paint","Bronze Scales","Odd Mushroom","Oddly Smooth Stone","Ectoplasm","Prayer Wheel","Mango","Eternal Feather","Omamori","Champion Belt"],"campfire_meditates":0,"card_choices":[{"not_picked":["Evolve","Twin Strike"],"picked":"Battle Trance"},{"not_picked":["Combust","Sword Boomerang"],"picked":"Feel No Pain"},{"not_picked":["Warcry","Impervious"],"picked":"Clash"},{"not_picked":["Power Through","Pummel"],"picked":"Double Tap"},{"not_picked":["Warcry","Infernal Blade"],"picked":"Headbutt"},{"not_picked":["Berserk","Double Tap"],"picked":"Fiend Fire"},{"not_picked":["Havoc","True Grit"],"picked":"Clash"},{"not_picked":["Hemokinesis","Sword Boomerang"],"picked":"Clash"},{"not_picked":["Twin Strike","Body Slam"],"picked":"Searing Blow"},{"not_picked":["Brutality","Barricade"],"picked":"Dark Embrace"},{"not_picked":["Twin Strike","Body Slam"],"picked":"Shrug It Off"},{"not_picked":["Perfected Strike","Metallicize"],"picked":"Pommel Strike"},{"not_picked":["Headbutt","Twin Strike"],"picked":"Clash"},{"not_picked":["Flame Barrier","Flex"],"picked":"Uppercut"},{"not_picked":["Berserk","Cleave"],"picked":"Dropkick"}],"player_experience":172690,"potions_floor_usage":[13,18,31,41,48,50,50],"damage_taken":[{"damage":2,"enemies":"2 Louse","floor":1,"turns":3},{"damage":6,"enemies":"Cultist","floor":2,"turns":3},{"damage":13,"enemies":"Blue Slaver","floor":3,"turns":6},{"damage":15,"enemies":"Looter","floor":4,"turns":3},{"damage":18,"enemies":"Gremlin Nob","floor":7,"turns":4},{"damage":2,"enemies":"The Mushroom Lair","floor":13,"turns":3},{"damage":28,"enemies":"The Guardian","floor":16,"turns":6},{"damage":12,"enemies":"2 Thieves","floor":18,"turns":3},{"damage":0,"enemies":"Spheric Guardian","floor":21,"turns":2},{"damage":16,"enemies":"Chosen and Byrds","floor":22,"turns":3},{"damage":3,"enemies":"3 Cultists","floor":29,"turns":3},{"damage":1,"enemies":"Centurion and Healer","floor":30,"turns":3},{"damage":4,"enemies":"Gremlin Leader","floor":31,"turns":3},{"damage":32,"enemies":"Collector","floor":33,"turns":5},{"damage":12,"enemies":"3 Shapes","floor":35,"turns":2},{"damage":15,"enemies":"Orb Walker","floor":39,"turns":2},{"damage":17,"enemies":"Giant Head","floor":41,"turns":6},{"damage":26,"enemies":"4 Shapes","floor":46,"turns":4},{"damage":18,"enemies":"Maw","floor":48,"turns":6},{"damage":54,"enemies":"Awakened One","floor":50,"turns":18}],"event_choices":[{"event_name":"Golden Wing","player_choice":"Card Removal","floor":5,"damage_taken":0},{"event_name":"Scrap Ooze","player_choice":"success","floor":10,"damage_taken":12},{"event_name":"Match and Keep!","player_choice":"2 cards matched","floor":12,"damage_taken":0},{"event_name":"Mushrooms","player_choice":"Fought Mushrooms","floor":13,"damage_taken":0},{"event_name":"Back to Basics","player_choice":"Simplicity","floor":19,"damage_taken":0},{"event_name":"Drug Dealer","player_choice":"Ignored","floor":20,"damage_taken":0},{"event_name":"Forgotten Altar","player_choice":"Shed Blood","floor":24,"damage_taken":0},{"event_name":"The Library","player_choice":"Heal","floor":25,"damage_taken":0},{"event_name":"Purifier","player_choice":"One Purge","floor":27,"damage_taken":0},{"event_name":"Accursed Blacksmith","player_choice":"Forge","floor":36,"damage_taken":0},{"event_name":"Winding Halls","player_choice":"Embrace Madness","floor":38,"damage_taken":0},{"event_name":"The Lab","player_choice":"Got Potions","floor":45,"damage_taken":0}],"boss_relics":[{"not_picked":["Snecko Eye","Velvet Choker"],"picked":"Ectoplasm"},{"not_picked":["Runic Cube","Pandora\u0027s Box"],"picked":"Eternal Feather"}],"potions_floor_spawned":[1,3,16,22,30,31,33,39,41,46],"seed_played":"724934606376669911","is_trial":false}