{"gold_per_floor":[217,16,33,46,62,62,72,72,98,132,132,175,43,87,87,87],"floor_reached":16,"playtime":702,"items_purged":[],"score":204,"play_id":"78e9983c-94e0-4fe4-b14d-75f23f5aae7b","local_time":"20190307114821","is_ascension_mode":true,"campfire_choices":[{"data":"Bash","floor":6,"key":"SMITH"},{"data":"Clothesline","floor":8,"key":"SMITH"},{"floor":15,"key":"REST"}],"neow_cost":"NONE","seed_source_timestamp":36314347042379,"circlet_count":0,"master_deck":["AscendersBane","Strike_R+1","Strike_R+1","Strike_R","Strike_R","Strike_R","Defend_R","Defend_R","Defend_R","Defend_R","Bash+1","Clothesline+1","Battle Trance","True Grit","Spot Weakness"],"relics":["Burning Blood","Sling","Blood Vial","Omamori","Golden Idol","Whetstone","Paper Frog"],"potions_floor_usage":[5,10,12,14,16],"damage_taken":[{"damage":1,"enemies":"2 Louse","floor":1,"turns":3},{"damage":11,"enemies":"Jaw Worm","floor":3,"turns":4},{"damage":1,"enemies":"Cultist","floor":4,"turns":4},{"damage":21,"enemies":"Exordium Thugs","floor":5,"turns":5},{"damage":4,"enemies":"Large Slime","floor":7,"turns":8},{"damage":12,"enemies":"Gremlin Nob","floor":10,"turns":3},{"damage":35,"enemies":"3 Sentries","floor":12,"turns":9},{"damage":2,"enemies":"Gremlin Nob","floor":14,"turns":4},{"damage":54,"enemies":"Slime Boss","floor":16,"turns":8}],"seed_played":"13948325508246414","potions_obtained":[{"floor":4,"key":"AttackPotion"},{"floor":5,"key":"AttackPotion"},{"floor":10,"key":"BloodPotion"},{"floor":14,"key":"Strength Potion"}],"is_trial":false,"path_per_floor":["M","$","M","M","M","R","M","R","T","E","?","E","$","E","R","B"],"character_chosen":"IRONCLAD","items_purchased":["Sling","Spot Weakness","Block Potion"],"campfire_rested":1,"item_purchase_floors":[2,13,13],"current_hp_per_floor":[73,73,68,73,58,58,60,60,60,56,56,36,36,42,64,12],"gold":87,"neow_bonus":"HUNDRED_GOLD","is_prod":false,"is_daily":false,"chose_seed":false,"campfire_upgraded":2,"win_rate":0,"timestamp":1551980901,"path_taken":["M","$","M","M","M","R","M","R","T","E","?","E","$","E","R","BOSS"],"build_version":"2019-01-23","purchased_purges":0,"victory":false,"max_hp_per_floor":[75,75,75,75,75,75,75,75,75,75,75,75,75,75,75,75],"card_choices":[{"not_picked":["Sword Boomerang","Perfected Strike","Power Through"],"picked":"SKIP","floor":1},{"not_picked":["Havoc","Clash","Fire Breathing"],"picked":"SKIP","floor":3},{"not_picked":["Anger","Fire Breathing","Reckless Charge"],"picked":"SKIP","floor":4},{"not_picked":["True Grit","Shockwave"],"picked":"Clothesline","floor":5},{"not_picked":["Hemokinesis","Clash","Intimidate"],"picked":"SKIP","floor":7},{"not_picked":["Feel No Pain","Reckless Charge"],"picked":"Battle Trance","floor":10},{"not_picked":["Thunderclap","Wild Strike"],"picked":"True Grit","floor":12},{"not_picked":["Clothesline","Flex","Carnage"],"picked":"SKIP","floor":14}],"player_experience":257920,"relics_obtained":[{"floor":9,"key":"Blood Vial"},{"floor":10,"key":"Omamori"},{"floor":12,"key":"Whetstone"},{"floor":14,"key":"Paper Frog"}],"event_choices":[{"damage_healed":0,"gold_gain":0,"player_choice":"Take Wound","damage_taken":0,"relics_obtained":["Golden Idol"],"max_hp_gain":0,"max_hp_loss":0,"event_name":"Golden Idol","floor":11,"gold_loss":0,"cards_obtained":["Injury"]}],"is_beta":false,"boss_relics":[],"items_purged_floors":[],"is_endless":false,"potions_floor_spawned":[4,5,10,14],"killed_by":"Slime Boss","ascension_level":14}