{"gold_per_floor":[114,133,133,152,152,195,49,84,111,286,305,344,364,388,388,519,519,532,545,545,42,42,67,67,67,67,99,22,22,22,34,34,131,131,145,145,145,162,172,172,205,205,205,235,235,33,33,45,45,45],"floor_reached":51,"playtime":3424,"items_purged":["Defend_B"],"score":786,"play_id":"38218900-f597-4c1a-8dcc-faaa9e3adb74","local_time":"20180731020222","is_ascension_mode":false,"campfire_choices":[{"floor":15,"key":"REST"},{"floor":25,"key":"REST"},{"data":"Apotheosis","floor":30,"key":"SMITH"},{"floor":32,"key":"REST"},{"floor":40,"key":"REST"},{"data":"BootSequence","floor":42,"key":"SMITH"},{"data":"1","floor":45,"key":"LIFT"},{"data":"2","floor":49,"key":"LIFT"}],"neow_cost":"NONE","seed_source_timestamp":38759761589183,"circlet_count":0,"master_deck":["Strike_B","Strike_B","Strike_B","Strike_B","Defend_B+1","Defend_B","Zap","Dualcast+1","Tempest","Beam Cell","Conserve Battery","Seek","Defragment","Glacier","Ball Lightning","Go for the Eyes","Cold Snap","Core Surge","Static Discharge","Self Repair","Apotheosis+1","BootSequence+1","J.A.X.","Turbo+1","Thunder Strike","Conserve Battery+1","Meteor Strike","Buffer","Coolheaded+1","Loop+1"],"relics":["Cracked Core","Juzu Bracelet","Strawberry","Ginger","War Paint","Ice Cream","Sozu","Nloth\u0027s Gift","Bottled Lightning","Shuriken","Vajra","Darkstone Periapt","Lizard Tail","Oddly Smooth Stone","Bottled Tornado","Girya","Pear","Strange Spoon","Du-Vu Doll"],"potions_floor_usage":[8,8,16,16,50],"damage_taken":[{"damage":1,"enemies":"2 Louse","floor":1,"turns":2},{"damage":1,"enemies":"Cultist","floor":2,"turns":3},{"damage":0,"enemies":"Small Slimes","floor":4,"turns":3},{"damage":21,"enemies":"Gremlin Nob","floor":6,"turns":4},{"damage":21,"enemies":"3 Sentries","floor":8,"turns":6},{"damage":0,"enemies":"Exordium Thugs","floor":11,"turns":5},{"damage":0,"enemies":"Lagavulin","floor":12,"turns":6},{"damage":0,"enemies":"Lots of Slimes","floor":13,"turns":4},{"damage":0,"enemies":"Exordium Wildlife","floor":14,"turns":3},{"damage":9,"enemies":"Slime Boss","floor":16,"turns":9},{"damage":3,"enemies":"Spheric Guardian","floor":18,"turns":3},{"damage":17,"enemies":"2 Thieves","floor":19,"turns":4},{"damage":19,"enemies":"Book of Stabbing","floor":23,"turns":4},{"damage":20,"enemies":"Slavers","floor":27,"turns":5},{"damage":6,"enemies":"Snecko","floor":31,"turns":4},{"damage":61,"enemies":"Collector","floor":33,"turns":12},{"damage":0,"enemies":"Flame Bruiser 1 Orb","floor":35,"turns":4},{"damage":13,"enemies":"Orb Walker","floor":38,"turns":3},{"damage":16,"enemies":"3 Darklings","floor":39,"turns":3},{"damage":4,"enemies":"Giant Head","floor":41,"turns":7},{"damage":11,"enemies":"Nemesis","floor":44,"turns":7},{"damage":0,"floor":47,"turns":8},{"damage":0,"enemies":"4 Shapes","floor":48,"turns":4},{"damage":16,"enemies":"Time Eater","floor":50,"turns":8}],"seed_played":"-2543975404799424317","potions_obtained":[{"floor":1,"key":"Strength Potion"},{"floor":4,"key":"SkillPotion"},{"floor":8,"key":"SteroidPotion"},{"floor":14,"key":"Ancient Potion"},{"floor":16,"key":"Energy Potion"}],"is_trial":false,"path_per_floor":["M","M","?","M","?","E","$","E","T","?","M","E","M","M","R","B",null,"M","M","?","$","?","E","$","R","T","E","?","?","R","M","R","B",null,"M","?","T","M","M","R","E","R","T","E","R","$","?","M","R","B"],"character_chosen":"DEFECT","items_purchased":["Defragment","Self Repair","Apotheosis","Bottled Lightning","Strange Spoon"],"campfire_rested":4,"item_purchase_floors":[7,21,21,21,46],"current_hp_per_floor":[74,73,55,55,55,41,41,20,20,20,20,20,20,20,44,35,82,79,62,62,62,46,37,37,63,63,53,53,53,53,57,83,32,87,87,87,87,74,58,84,87,87,87,96,96,96,97,97,97,91],"gold":45,"neow_bonus":"THREE_CARDS","is_prod":false,"is_daily":false,"chose_seed":false,"campfire_upgraded":2,"win_rate":0,"timestamp":1532991742,"path_taken":["M","M","?","M","?","E","?","E","T","?","M","E","M","M","R","BOSS","M","M","?","?","?","E","$","R","T","E","?","?","R","M","R","BOSS","M","?","?","M","M","R","E","R","T","E","R","$","?","M","R","BOSS"],"build_version":"2018-07-26","purchased_purges":1,"victory":true,"max_hp_per_floor":[75,75,75,75,75,82,82,82,82,82,82,82,82,82,82,82,82,82,82,82,82,87,87,87,87,87,87,87,87,87,87,87,87,87,87,87,87,87,87,87,87,87,87,97,97,97,97,97,97,97],"card_choices":[{"not_picked":["Undo","Stack"],"picked":"Steam","floor":0},{"not_picked":["Auto Shields","Turbo"],"picked":"Tempest","floor":1},{"not_picked":["Stack","Coolheaded"],"picked":"Beam Cell","floor":2},{"not_picked":["Beam Cell","Streamline"],"picked":"Conserve Battery","floor":4},{"not_picked":["Hello World","Darkness"],"picked":"Seek","floor":6},{"not_picked":["Heatsinks","Go for the Eyes"],"picked":"Glacier","floor":8},{"not_picked":["Scrape","Gash"],"picked":"Ball Lightning","floor":11},{"not_picked":["Redo","Barrage"],"picked":"Go for the Eyes","floor":12},{"not_picked":["Force Field","Beam Cell","Go for the Eyes"],"picked":"SKIP","floor":13},{"not_picked":["Auto Shields","Turbo"],"picked":"Cold Snap","floor":14},{"not_picked":["Hyperbeam","Machine Learning"],"picked":"Core Surge","floor":16},{"not_picked":["Lockon","Go for the Eyes+1"],"picked":"Static Discharge","floor":18},{"not_picked":["Gash","Lockon","Stack"],"picked":"SKIP","floor":19},{"not_picked":["Beam Cell","Hyperbeam","Steam"],"picked":"SKIP","floor":23},{"not_picked":["Hologram","Stack"],"picked":"BootSequence","floor":27},{"not_picked":["Stack","Go for the Eyes"],"picked":"Turbo+1","floor":31},{"not_picked":["Hyperbeam","Seek"],"picked":"Thunder Strike","floor":33},{"not_picked":["Beam Cell+1","Heatsinks","Gash+1"],"picked":"SKIP","floor":35},{"not_picked":["Turbo+1","Capacitor+1","Compile Driver"],"picked":"SKIP","floor":38},{"not_picked":["Chill","Rebound"],"picked":"Conserve Battery+1","floor":39},{"not_picked":["Hologram+1","Coolheaded"],"picked":"Meteor Strike","floor":41},{"not_picked":["Rebound+1","Ball Lightning+1"],"picked":"Buffer","floor":44},{"not_picked":["Conserve Battery","Go for the Eyes+1"],"picked":"Coolheaded+1","floor":47},{"not_picked":["Electrodynamics","Go for the Eyes"],"picked":"Loop+1","floor":48}],"player_experience":148015,"relics_obtained":[{"floor":6,"key":"Strawberry"},{"floor":8,"key":"Ginger"},{"floor":9,"key":"War Paint"},{"floor":12,"key":"Ice Cream"},{"floor":23,"key":"Shuriken"},{"floor":26,"key":"Vajra"},{"floor":27,"key":"Darkstone Periapt"},{"floor":37,"key":"Oddly Smooth Stone"},{"floor":41,"key":"Bottled Tornado"},{"floor":43,"key":"Girya"},{"floor":44,"key":"Pear"},{"floor":47,"key":"Du-Vu Doll"}],"event_choices":[{"event_name":"Golden Idol","player_choice":"Take Damage","floor":3,"damage_taken":0},{"event_name":"WeMeetAgain","player_choice":"Card","floor":5,"damage_taken":0},{"event_name":"Liars Game","player_choice":"agreed","floor":10,"damage_taken":0},{"event_name":"N\u0027loth","player_choice":"Traded a Golden Idol","floor":20,"damage_taken":0},{"event_name":"Forgotten Altar","player_choice":"Shed Blood","floor":22,"damage_taken":0},{"event_name":"Drug Dealer","player_choice":"Got JAXXED","floor":28,"damage_taken":0},{"event_name":"Purifier","player_choice":"One Purge","floor":29,"damage_taken":0},{"event_name":"Falling","player_choice":"Removed Skill","floor":36,"damage_taken":0},{"event_name":"MindBloom","player_choice":"Fight","floor":47,"damage_taken":0}],"is_beta":false,"boss_relics":[{"not_picked":["Philosopher\u0027s Stone","Orrery"],"picked":"Sozu"},{"not_picked":["Fusion Hammer","Snecko Eye"],"picked":"Lizard Tail"}],"items_purged_floors":[7],"is_endless":false,"potions_floor_spawned":[1,4,8,14,16,18,33,39,41,44],"ascension_level":0}