{"gold_per_floor":[118,131,143,64,83,108,108,169,169,196,196,212,237,251,251,328,328,347,357,42,42,42,42,42],"floor_reached":24,"playtime":1469,"items_purged":[],"score":400,"play_id":"eda10672-d391-4d14-99ac-5842f642e2ca","local_time":"20190309141101","is_ascension_mode":true,"campfire_choices":[{"data":"Neutralize","floor":7,"key":"SMITH"},{"floor":11,"key":"REST"},{"data":"Sucker Punch","floor":15,"key":"SMITH"},{"data":"Cloak And Dagger","floor":23,"key":"SMITH"}],"neow_cost":"NONE","seed_source_timestamp":482613172402567,"circlet_count":0,"master_deck":["AscendersBane","Defend_G","Defend_G","Defend_G","Defend_G","Defend_G","Strike_G","Strike_G","Strike_G","Strike_G","Survivor","Neutralize+1","Cloak And Dagger+1","Sucker Punch+1","Well Laid Plans","Masterful Stab","Dash","Heel Hook","Backstab","Deadly Poison","Noxious Fumes+1","Blur","Footwork+1","Noxious Fumes+1","Bullet Time","Catalyst","Shame"],"relics":["Ring of the Snake","Bottled Tornado","Question Card","Frozen Egg 2","Happy Flower","Singing Bowl","Cursed Key","FossilizedHelix","Potion Belt"],"potions_floor_usage":[6,6,12,16,18],"damage_taken":[{"damage":1,"enemies":"2 Louse","floor":1,"turns":5},{"damage":3,"enemies":"Jaw Worm","floor":2,"turns":4},{"damage":3,"enemies":"Cultist","floor":3,"turns":4},{"damage":0,"enemies":"2 Fungi Beasts","floor":5,"turns":4},{"damage":21,"enemies":"Lagavulin","floor":6,"turns":6},{"damage":3,"enemies":"Gremlin Nob","floor":8,"turns":4},{"damage":11,"enemies":"Gremlin Nob","floor":10,"turns":4},{"damage":0,"enemies":"Exordium Wildlife","floor":12,"turns":1},{"damage":1,"enemies":"Lagavulin","floor":13,"turns":5},{"damage":6,"enemies":"Exordium Thugs","floor":14,"turns":4},{"damage":12,"enemies":"Slime Boss","floor":16,"turns":9},{"damage":14,"enemies":"3 Byrds","floor":18,"turns":5},{"damage":19,"enemies":"2 Thieves","floor":19,"turns":5},{"damage":28,"enemies":"Slavers","floor":24,"turns":2}],"seed_played":"7439023701797798640","potions_obtained":[{"floor":1,"key":"SteroidPotion"},{"floor":3,"key":"SkillPotion"},{"floor":10,"key":"SteroidPotion"},{"floor":12,"key":"SteroidPotion"},{"floor":13,"key":"Swift Potion"}],"is_trial":false,"path_per_floor":["M","M","M","$","M","E","R","?","T","E","R","M","E","M","R","B",null,"M","M","$","?","?","R","E"],"character_chosen":"THE_SILENT","items_purchased":["Dash","FossilizedHelix"],"campfire_rested":1,"item_purchase_floors":[4,20],"current_hp_per_floor":[58,55,52,52,52,31,31,28,28,17,36,36,35,29,29,17,54,42,23,23,23,23,23,0],"gold":42,"neow_bonus":"TRANSFORM_CARD","is_prod":false,"is_daily":false,"chose_seed":false,"campfire_upgraded":3,"win_rate":0,"timestamp":1552158661,"path_taken":["M","M","M","$","M","E","R","?","T","E","R","M","E","M","R","BOSS","M","M","$","?","?","R","E"],"build_version":"2019-01-23","purchased_purges":0,"victory":false,"max_hp_per_floor":[66,66,66,66,66,66,66,66,66,66,66,66,66,66,66,66,66,68,68,68,68,68,68,68],"card_choices":[{"not_picked":["Concentrate","Reflex"],"picked":"Sucker Punch","floor":1},{"not_picked":["Blade Dance","Sucker Punch"],"picked":"Well Laid Plans","floor":2},{"not_picked":["Calculated Gamble","Dagger Spray"],"picked":"Masterful Stab","floor":3},{"not_picked":["Backflip","Underhanded Strike"],"picked":"Heel Hook","floor":5},{"not_picked":["Backflip","Blur"],"picked":"Backstab","floor":6},{"not_picked":["Deflect","Quick Slash"],"picked":"Deadly Poison","floor":8},{"not_picked":["Blade Dance","Crippling Poison","Catalyst"],"picked":"Noxious Fumes+1","floor":10},{"not_picked":["Dodge and Roll","Deadly Poison","Heel Hook"],"picked":"Blur","floor":12},{"not_picked":["Quick Slash","Finisher","Endless Agony"],"picked":"Footwork+1","floor":13},{"not_picked":["Blade Dance","Outmaneuver","Dodge and Roll"],"picked":"Noxious Fumes+1","floor":14},{"not_picked":["Storm of Steel","Unload","Phantasmal Killer"],"picked":"Bullet Time","floor":16},{"not_picked":["Outmaneuver","Bane","Blade Dance","Escape Plan"],"picked":"Singing Bowl","floor":18},{"not_picked":["Prepared","Riddle With Holes","Flying Knee"],"picked":"Catalyst","floor":19}],"player_experience":906217,"relics_obtained":[{"floor":6,"key":"Bottled Tornado"},{"floor":8,"key":"Question Card"},{"floor":9,"key":"Frozen Egg 2"},{"floor":10,"key":"Happy Flower"},{"floor":13,"key":"Singing Bowl"}],"event_choices":[{"damage_healed":0,"gold_gain":0,"player_choice":"Searched \u00271\u0027 times","damage_taken":0,"max_hp_gain":0,"max_hp_loss":0,"event_name":"Dead Adventurer","floor":8,"gold_loss":0},{"damage_healed":0,"gold_gain":0,"player_choice":"Ignored","damage_taken":0,"max_hp_gain":0,"max_hp_loss":0,"event_name":"Cursed Tome","floor":21,"gold_loss":0},{"damage_healed":0,"gold_gain":0,"player_choice":"Stole Relic","damage_taken":0,"relics_obtained":["Potion Belt"],"max_hp_gain":0,"max_hp_loss":0,"event_name":"Addict","floor":22,"gold_loss":0,"cards_obtained":["Shame"]}],"is_beta":false,"boss_relics":[{"not_picked":["Calling Bell","Black Star"],"picked":"Cursed Key"}],"items_purged_floors":[],"is_endless":false,"potions_floor_spawned":[1,3,10,12,13,14],"killed_by":"Slavers","ascension_level":17}