{"gold_per_floor":[119,130,80,80,98,128,143,143,194,194,194,194,205,217,217,318,318],"floor_reached":17,"playtime":867,"items_purged":[],"score":182,"play_id":"1214f126-82ac-410c-b1f7-e8eb6f5010a5","local_time":"20190220053041","is_ascension_mode":false,"campfire_choices":[{"data":"Armaments","floor":8,"key":"SMITH"},{"data":"Havoc","floor":12,"key":"SMITH"},{"data":"Brutality","floor":15,"key":"SMITH"}],"neow_cost":"NONE","seed_source_timestamp":46884247390761,"circlet_count":0,"master_deck":["Strike_R","Strike_R","Strike_R","Defend_R","Defend_R","Defend_R","Defend_R","Bash","Havoc+1","Pommel Strike","Brutality+1","Clothesline","Armaments+1","Thunderclap","Metallicize","Bludgeon"],"relics":["Burning Blood","NeowsBlessing","Pear","Vajra","Centennial Puzzle","Orrery"],"potions_floor_usage":[],"damage_taken":[{"damage":0,"enemies":"2 Louse","floor":1,"turns":1},{"damage":0,"enemies":"Jaw Worm","floor":2,"turns":1},{"damage":0,"enemies":"Small Slimes","floor":5,"turns":1},{"damage":30,"enemies":"Gremlin Nob","floor":6,"turns":4},{"damage":13,"enemies":"2 Fungi Beasts","floor":7,"turns":3},{"damage":2,"enemies":"Large Slime","floor":13,"turns":3},{"damage":2,"enemies":"3 Louse","floor":14,"turns":3},{"damage":52,"enemies":"Hexaghost","floor":16,"turns":12}],"seed_played":"-9122764165948090613","potions_obtained":[{"floor":6,"key":"AttackPotion"},{"floor":7,"key":"Regen Potion"},{"floor":13,"key":"Explosive Potion"},{"floor":16,"key":"PowerPotion"}],"is_trial":false,"path_per_floor":["M","M","?","?","M","E","M","R","T","?","?","R","M","M","R","B",null],"character_chosen":"IRONCLAD","items_purchased":[],"campfire_rested":0,"item_purchase_floors":[],"current_hp_per_floor":[80,80,80,78,84,60,53,53,53,58,51,51,55,59,59,13,13],"gold":318,"neow_bonus":"THREE_ENEMY_KILL","is_prod":false,"is_daily":false,"chose_seed":false,"campfire_upgraded":3,"win_rate":0,"timestamp":1550633441,"path_taken":["M","M","?","?","M","E","M","R","T","?","?","R","M","M","R","BOSS"],"build_version":"2019-01-23","purchased_purges":0,"victory":false,"max_hp_per_floor":[80,80,80,90,90,90,90,90,90,95,95,95,95,95,95,95,95],"card_choices":[{"not_picked":["Headbutt","Perfected Strike"],"picked":"Havoc","floor":1},{"not_picked":["Heavy Blade","Whirlwind"],"picked":"Pommel Strike","floor":2},{"not_picked":["Shrug It Off","Combust"],"picked":"Brutality","floor":5},{"not_picked":["Pommel Strike","Twin Strike"],"picked":"Clothesline","floor":6},{"not_picked":["Corruption","Burning Pact"],"picked":"Armaments","floor":7},{"not_picked":["Armaments","Sword Boomerang"],"picked":"Thunderclap","floor":13},{"not_picked":["Pummel","Havoc"],"picked":"Metallicize","floor":14},{"not_picked":["Double Tap","Berserk"],"picked":"Bludgeon","floor":16}],"player_experience":443267,"relics_obtained":[{"floor":6,"key":"Vajra"},{"floor":9,"key":"Centennial Puzzle"}],"event_choices":[{"cards_removed":["Strike_R"],"damage_healed":0,"gold_gain":0,"player_choice":"Card Removal","damage_taken":0,"max_hp_gain":0,"max_hp_loss":0,"event_name":"The Cleric","floor":3,"gold_loss":50},{"damage_healed":0,"gold_gain":0,"player_choice":"Success","damage_taken":12,"relics_obtained":["Pear"],"max_hp_gain":0,"max_hp_loss":0,"event_name":"Scrap Ooze","floor":4,"gold_loss":0},{"damage_healed":0,"gold_gain":0,"player_choice":"Donut","damage_taken":0,"max_hp_gain":5,"max_hp_loss":0,"event_name":"Big Fish","floor":10,"gold_loss":0},{"cards_removed":["Strike_R"],"damage_healed":0,"gold_gain":0,"player_choice":"Card Removal","damage_taken":7,"max_hp_gain":0,"max_hp_loss":0,"event_name":"Golden Wing","floor":11,"gold_loss":0}],"is_beta":false,"boss_relics":[{"not_picked":["Lizard Tail","Runic Pyramid"],"picked":"Orrery"}],"items_purged_floors":[],"is_endless":false,"potions_floor_spawned":[6,7,13,16],"ascension_level":0}