{"path_per_floor":["M","?","M","?","M","R","$","R","T","M","R","M","E","M","R","B",null,"M","?","M","?","M"],"character_chosen":"THE_SILENT","items_purchased":[],"gold_per_floor":[115,115,125,200,211,211,136,136,136,149,149,163,196,213,213,314,314,327,327,347,347,360],"floor_reached":23,"campfire_rested":0,"playtime":1813,"current_hp_per_floor":[56,56,56,45,45,45,45,45,45,45,45,45,51,51,51,36,77,67,58,55,55,40],"items_purged":["Normality"],"gold":360,"play_id":"32644400-0b32-4782-8c23-1478ebcc3aee","is_prod":false,"is_daily":false,"campfire_rituals":0,"campfire_upgraded":4,"is_hardmode":false,"path_taken":["M","?","M","?","M","R","$","R","T","M","R","M","E","M","R","BOSS","M","?","M","?","?","E"],"build_version":"2018-01-18-PROD4","purchased_purges":1,"victory":false,"master_deck":["Defend_G","Defend_G","Defend_G","Defend_G","Defend_G","Strike_G","Strike_G","Strike_G","Survivor","Neutralize","Dagger Throw","Backflip","Dagger Throw","Dagger Spray","Heel Hook","Tactician","Quick Slash","Phantasmal Killer","Sucker Punch","Reflex","Acrobatics","Neutralize","Infinite Blades","Footwork"],"max_hp_per_floor":[63,63,63,63,63,63,63,63,63,63,63,63,77,77,77,77,77,77,82,82,82,82],"relics":["Ring of the Snake","Gremlin Horn","Sundial","Mango","Black Star"],"campfire_meditates":0,"card_choices":[{"not_picked":["Underhanded Strike","Calculated Gamble"],"picked":"Dagger Throw"},{"not_picked":["Noxious Fumes","Bane"],"picked":"Backflip"},{"not_picked":["Escape Plan","Heel Hook"],"picked":"Dagger Throw"},{"not_picked":["Masterful Stab","All Out Attack"],"picked":"Dagger Spray"},{"not_picked":["Calculated Gamble","Crippling Poison"],"picked":"Heel Hook"},{"not_picked":["Prepared","Setup"],"picked":"Tactician"},{"not_picked":["Eviscerate","Poisoned Stab"],"picked":"Quick Slash"},{"not_picked":["Unload","Grand Finale"],"picked":"Phantasmal Killer"},{"not_picked":["Dagger Spray","Slice"],"picked":"Sucker Punch"},{"not_picked":["Outmaneuver","Dagger Spray"],"picked":"Reflex"},{"not_picked":["Leg Sweep","Flying Knee"],"picked":"Footwork"}],"player_experience":384702,"potions_floor_usage":[13,13,18,20,22],"damage_taken":[{"damage":7,"enemies":"Small Slimes","floor":1,"turns":6},{"damage":0,"enemies":"Cultist","floor":3,"turns":4},{"damage":0,"enemies":"Jaw Worm","floor":5,"turns":4},{"damage":0,"enemies":"Exordium Wildlife","floor":10,"turns":6},{"damage":0,"enemies":"2 Fungi Beasts","floor":12,"turns":2},{"damage":8,"enemies":"Lagavulin","floor":13,"turns":5},{"damage":0,"enemies":"Looter","floor":14,"turns":4},{"damage":15,"enemies":"Slime Boss","floor":16,"turns":11},{"damage":10,"enemies":"Chosen","floor":18,"turns":4},{"damage":3,"enemies":"3 Byrds","floor":20,"turns":5},{"damage":15,"enemies":"Centurion and Healer","floor":22,"turns":8},{"damage":40,"enemies":"Book of Stabbing","floor":23,"turns":7}],"event_choices":[{"event_name":"Accursed Blacksmith","player_choice":"Rummage","floor":2,"damage_taken":0},{"event_name":"World of Goop","player_choice":"Gather Gold","floor":4,"damage_taken":0},{"event_name":"Forgotten Altar","player_choice":"Shed Blood","floor":19,"damage_taken":0},{"event_name":"Match and Keep!","player_choice":"3 cards matched","floor":21,"damage_taken":0}],"boss_relics":[{"not_picked":["Pandora\u0027s Box","Eternal Feather"],"picked":"Black Star"}],"potions_floor_spawned":[5,10,12,14,18,22],"seed_played":"3743797865888498570","killed_by":"Book of Stabbing","is_trial":false}