{"gold_per_floor":[109,124,47,47,47,47,57,88,88,103,103,131,131,150,150,248,248,266,266,26,0,16,16,50,50,50,84,102,115,115,115,115,213,213,230,60,71,84,98,98,109,109,109,109,69,81,93,104,104,104],"floor_reached":51,"playtime":3487,"items_purged":[],"score":819,"play_id":"ffc1d782-dea7-4e1a-ba46-2e9ae2c48b26","local_time":"20190211230122","is_ascension_mode":true,"campfire_choices":[{"data":"Perfected Strike","floor":6,"key":"SMITH"},{"data":"Ghostly Armor","floor":11,"key":"SMITH"},{"data":"Seeing Red","floor":13,"key":"SMITH"},{"data":"Perfected Strike","floor":15,"key":"SMITH"},{"data":"Immolate","floor":23,"key":"SMITH"},{"floor":25,"key":"REST"},{"data":"Double Tap","floor":32,"key":"SMITH"},{"floor":40,"key":"REST"},{"data":"Shrug It Off","floor":44,"key":"SMITH"},{"floor":49,"key":"REST"}],"neow_cost":"NONE","seed_source_timestamp":698802376698306,"circlet_count":0,"master_deck":["Strike_R+1","Strike_R+1","Strike_R+1","Strike_R+1","Strike_R+1","Defend_R+1","Defend_R+1","Defend_R+1","Bash","Double Tap+1","True Grit+1","Perfected Strike+1","Ghostly Armor+1","Dropkick+1","Perfected Strike+1","Thunderclap","Seeing Red+1","Flex+1","Immolate+1","Bloodletting","Fire Breathing+1","Twin Strike+1","Metallicize","Shrug It Off+1","Second Wind","J.A.X.","Brutality","Headbutt+1","Shrug It Off+1","Exhume","Perfected Strike+1","Spot Weakness+1","Anger+1","Metallicize+1","Parasite","Rage+1"],"relics":["Burning Blood","Question Card","Meat on the Bone","Pen Nib","Mark of Pain","Molten Egg 2","Turnip","Blue Candle","The Courier","Eternal Feather","StoneCalendar"],"potions_floor_usage":[12,33,33,37,38,48,48,50],"damage_taken":[{"damage":0,"enemies":"Small Slimes","floor":1,"turns":3},{"damage":4,"enemies":"2 Louse","floor":2,"turns":4},{"damage":2,"enemies":"Jaw Worm","floor":7,"turns":3},{"damage":0,"enemies":"Gremlin Nob","floor":8,"turns":2},{"damage":7,"enemies":"Blue Slaver","floor":10,"turns":3},{"damage":14,"enemies":"3 Sentries","floor":12,"turns":9},{"damage":11,"enemies":"Lots of Slimes","floor":14,"turns":3},{"damage":42,"enemies":"The Guardian","floor":16,"turns":11},{"damage":9,"enemies":"3 Byrds","floor":18,"turns":3},{"damage":11,"enemies":"2 Thieves","floor":22,"turns":2},{"damage":25,"enemies":"Book of Stabbing","floor":24,"turns":3},{"damage":0,"enemies":"Gremlin Leader","floor":27,"turns":3},{"damage":21,"enemies":"Snake Plant","floor":28,"turns":3},{"damage":6,"enemies":"3 Cultists","floor":29,"turns":3},{"damage":58,"enemies":"Champ","floor":33,"turns":9},{"damage":14,"enemies":"3 Shapes","floor":35,"turns":3},{"damage":9,"enemies":"3 Darklings","floor":37,"turns":4},{"damage":66,"enemies":"Maw","floor":38,"turns":8},{"damage":23,"enemies":"Jaw Worm Horde","floor":39,"turns":3},{"damage":21,"enemies":"Sphere and 2 Shapes","floor":41,"turns":4},{"damage":50,"enemies":"Writhing Mass","floor":46,"turns":4},{"damage":25,"enemies":"4 Shapes","floor":47,"turns":6},{"damage":5,"enemies":"Jaw Worm Horde","floor":48,"turns":6},{"damage":81,"enemies":"Donu and Deca","floor":50,"turns":7}],"seed_played":"-3626326919055545493","potions_obtained":[{"floor":2,"key":"Regen Potion"},{"floor":8,"key":"Weak Potion"},{"floor":12,"key":"Weak Potion"},{"floor":14,"key":"GamblersBrew"},{"floor":16,"key":"FairyPotion"},{"floor":33,"key":"Block Potion"},{"floor":37,"key":"SpeedPotion"},{"floor":38,"key":"Regen Potion"},{"floor":39,"key":"Block Potion"},{"floor":48,"key":"BloodPotion"}],"is_trial":false,"path_per_floor":["M","M","$","?","?","R","M","E","T","M","R","E","R","M","R","B",null,"M","?","$","?","M","R","E","R","T","E","M","M","?","?","R","B",null,"M","$","M","M","M","R","M","?","T","R","?","M","M","M","R","B",null],"character_chosen":"IRONCLAD","items_purchased":["Ghostly Armor","Molten Egg 2","Shrug It Off","Exhume"],"campfire_rested":3,"item_purchase_floors":[3,20,36,36],"current_hp_per_floor":[80,80,80,80,73,73,77,80,80,79,79,71,71,66,66,42,80,77,77,77,77,72,72,53,77,77,80,65,65,65,65,65,40,80,72,72,69,21,26,68,53,53,53,71,71,39,32,48,80,25],"gold":104,"neow_bonus":"ONE_RANDOM_RARE_CARD","is_prod":false,"is_daily":false,"chose_seed":false,"campfire_upgraded":7,"win_rate":0,"timestamp":1549922482,"path_taken":["M","M","$","?","?","R","M","E","T","M","R","E","R","M","R","BOSS","M","?","$","?","M","R","E","R","T","E","M","M","?","?","R","BOSS","M","$","M","M","M","R","M","?","T","R","?","M","?","M","R","BOSS"],"build_version":"2019-01-23","purchased_purges":0,"victory":true,"max_hp_per_floor":[80,80,80,80,80,80,80,80,80,80,80,80,80,80,80,80,80,80,80,80,80,80,80,80,80,80,80,80,80,80,80,80,80,80,80,80,80,80,80,80,80,80,80,80,80,80,80,80,80,80],"card_choices":[{"not_picked":["Shrug It Off","Disarm"],"picked":"True Grit","floor":1},{"not_picked":["Sword Boomerang","Heavy Blade"],"picked":"Perfected Strike","floor":2},{"not_picked":["Body Slam","Heavy Blade"],"picked":"Dropkick","floor":7},{"not_picked":["Iron Wave","Shrug It Off"],"picked":"Perfected Strike","floor":8},{"not_picked":["Armaments","Battle Trance","Power Through"],"picked":"Thunderclap","floor":10},{"not_picked":["Carnage","Wild Strike","Entrench"],"picked":"Seeing Red","floor":12},{"not_picked":["Searing Blow","Intimidate","Uppercut"],"picked":"Flex","floor":14},{"not_picked":["Berserk","Impervious","Reaper"],"picked":"Immolate","floor":16},{"not_picked":["Ghostly Armor","Havoc","Thunderclap"],"picked":"Bloodletting","floor":18},{"not_picked":["Feel No Pain","Flame Barrier","Metallicize"],"picked":"Fire Breathing+1","floor":22},{"not_picked":["Thunderclap+1","Searing Blow+1","Uppercut+1"],"picked":"Twin Strike+1","floor":24},{"not_picked":["Clash+1","Twin Strike+1","Clothesline+1"],"picked":"Metallicize","floor":27},{"not_picked":["Thunderclap+1","Anger+1","Body Slam+1"],"picked":"Shrug It Off+1","floor":28},{"not_picked":["Flex","Heavy Blade+1","Twin Strike+1"],"picked":"Second Wind","floor":29},{"not_picked":["Berserk","Immolate+1","Double Tap"],"picked":"Brutality","floor":33},{"not_picked":["Havoc","Body Slam+1","Seeing Red+1"],"picked":"Headbutt+1","floor":35},{"not_picked":["Seeing Red+1","Iron Wave+1","Pummel+1"],"picked":"Perfected Strike+1","floor":37},{"not_picked":["Thunderclap+1","Anger+1","Flex+1"],"picked":"Spot Weakness+1","floor":38},{"not_picked":["Heavy Blade+1","Searing Blow+1","Headbutt+1"],"picked":"Anger+1","floor":39},{"not_picked":["Wild Strike+1","Blood for Blood+1","Armaments+1"],"picked":"Metallicize+1","floor":41},{"not_picked":["Sentinel+1","Cleave+1","Warcry"],"picked":"Rage+1","floor":46},{"not_picked":["Sword Boomerang+1","Seeing Red","Rage+1","Clash+1"],"picked":"SKIP","floor":47},{"not_picked":["Havoc+1","Fire Breathing+1","Armaments","Sword Boomerang+1"],"picked":"SKIP","floor":48}],"player_experience":267549,"relics_obtained":[{"floor":8,"key":"Question Card"},{"floor":9,"key":"Meat on the Bone"},{"floor":12,"key":"Pen Nib"},{"floor":24,"key":"Turnip"},{"floor":26,"key":"Blue Candle"},{"floor":27,"key":"The Courier"},{"floor":43,"key":"StoneCalendar"}],"event_choices":[{"damage_healed":0,"gold_gain":0,"player_choice":"Grow","damage_taken":0,"max_hp_gain":0,"max_hp_loss":0,"event_name":"Living Wall","floor":4,"gold_loss":0,"cards_upgraded":["True Grit"]},{"cards_removed":["Defend_R"],"damage_healed":0,"gold_gain":0,"player_choice":"Card Removal","damage_taken":7,"max_hp_gain":0,"max_hp_loss":0,"event_name":"Golden Wing","floor":5,"gold_loss":0},{"damage_healed":0,"gold_gain":0,"player_choice":"Ignored","damage_taken":0,"max_hp_gain":0,"max_hp_loss":0,"event_name":"Ghosts","floor":19,"gold_loss":0},{"damage_healed":0,"gold_gain":0,"player_choice":"Paid Fearfully","damage_taken":0,"max_hp_gain":0,"max_hp_loss":0,"event_name":"Masked Bandits","floor":21,"gold_loss":26},{"damage_healed":0,"gold_gain":0,"player_choice":"Obtain J.A.X.","damage_taken":0,"max_hp_gain":0,"max_hp_loss":0,"event_name":"Drug Dealer","floor":30,"gold_loss":0,"cards_obtained":["J.A.X."]},{"damage_healed":0,"gold_gain":0,"player_choice":"Simplicity","damage_taken":0,"max_hp_gain":0,"max_hp_loss":0,"event_name":"Back to Basics","floor":31,"gold_loss":0,"cards_upgraded":["Strike_R","Strike_R","Strike_R","Strike_R","Strike_R","Defend_R","Defend_R","Defend_R"]},{"damage_healed":0,"gold_gain":0,"player_choice":"Ignored","damage_taken":0,"max_hp_gain":0,"max_hp_loss":0,"event_name":"Mysterious Sphere","floor":42,"gold_loss":0},{"damage_healed":0,"gold_gain":0,"player_choice":"Upgraded Two","damage_taken":0,"max_hp_gain":0,"max_hp_loss":0,"event_name":"Designer","floor":45,"gold_loss":40,"cards_upgraded":["Dropkick","Flex"]}],"is_beta":false,"boss_relics":[{"not_picked":["Velvet Choker","Lizard Tail"],"picked":"Mark of Pain"},{"not_picked":["Tiny House","Sozu"],"picked":"Eternal Feather"}],"items_purged_floors":[],"is_endless":false,"potions_floor_spawned":[2,8,12,14,16,22,28,29,33,37,38,39,48],"ascension_level":2}