{"path_per_floor":["M","?","M","M","?","R","M","R","T","R","E","R","M","E","R","B",null,"M","$","M","M","?","R","?","E","T","$","R","M","?","M","R","B",null,"M","?","M","?","$","R","?","?","T","M","E","M","R","M","R","B"],"character_chosen":"IRONCLAD","items_purchased":["Apotheosis","Bag of Preparation","Combust"],"gold_per_floor":[113,113,125,140,140,140,155,155,155,155,188,188,200,235,235,336,336,356,21,38,52,52,52,52,83,83,8,8,18,18,37,37,133,133,145,145,164,164,91,91,91,0,27,41,71,90,90,107,107,107],"floor_reached":51,"campfire_rested":1,"playtime":4023,"current_hp_per_floor":[79,79,80,78,78,78,80,80,80,80,78,78,80,72,72,38,80,83,83,80,62,62,62,90,90,90,90,90,94,94,76,76,12,102,101,88,78,68,68,78,78,78,78,57,83,41,51,46,92,12],"items_purged":["Strike_R"],"gold":107,"score":836,"play_id":"d1e79ad2-d74d-40fd-8d42-9dfe0ab1efdb","local_time":"20180503020133","is_prod":false,"is_daily":false,"chose_seed":false,"is_ascension_mode":true,"campfire_upgraded":10,"timestamp":1525327293,"path_taken":["M","?","M","?","?","R","M","R","T","R","E","R","M","E","R","BOSS","M","$","M","M","?","R","?","E","T","$","R","?","?","M","R","BOSS","M","?","?","?","$","R","?","?","T","M","E","?","R","M","R","BOSS"],"build_version":"2018-04-28v2","seed_source_timestamp":96086458490617,"purchased_purges":1,"victory":true,"master_deck":["Strike_R","Strike_R","Defend_R","Defend_R","Defend_R","Defend_R","Bash+1","Uppercut+1","Seeing Red","Evolve+1","Hemokinesis+1","True Grit+1","Feed+1","Wild Strike","Apotheosis+1","Disarm","Shrug It Off","Searing Blow+4","Rupture+1","Whirlwind+1","Reaper","Rupture","Madness","Madness","Shockwave+1","Deep Breath","Panache","Combust"],"max_hp_per_floor":[80,80,80,80,80,80,80,80,80,80,80,80,80,80,80,80,80,83,83,87,90,90,90,90,94,94,94,94,98,98,102,102,102,102,105,105,109,109,109,109,109,109,109,109,113,117,117,121,121,121],"relics":["Burning Blood","Oddly Smooth Stone","Centennial Puzzle","Bottled Tornado","Runic Dome","Bag of Preparation","Blue Candle","Blood Vial","Eternal Feather","Red Mask","Whetstone","Bag of Marbles"],"card_choices":[{"not_picked":["Burning Pact","Combust"],"picked":"Uppercut","floor":1},{"not_picked":["Power Through","Clash"],"picked":"Seeing Red","floor":3},{"not_picked":["Perfected Strike","Sever Soul"],"picked":"Evolve","floor":4},{"not_picked":["Havoc","Clash"],"picked":"Hemokinesis","floor":7},{"not_picked":["Clothesline","Hemokinesis"],"picked":"True Grit","floor":13},{"not_picked":["Berserk","Limit Break"],"picked":"Feed","floor":16},{"not_picked":["True Grit","Battle Trance"],"picked":"Wild Strike","floor":18},{"not_picked":["Rampage","Fire Breathing"],"picked":"Disarm","floor":20},{"not_picked":["Intimidate","Headbutt"],"picked":"Shrug It Off","floor":21},{"not_picked":["Infernal Blade","Whirlwind"],"picked":"Rupture","floor":25},{"not_picked":["Shrug It Off","Armaments"],"picked":"Whirlwind","floor":29},{"not_picked":["Double Tap","Bludgeon"],"picked":"Reaper","floor":33},{"not_picked":["Anger","Disarm"],"picked":"Rupture","floor":35},{"not_picked":["Clothesline","Evolve"],"picked":"Shockwave","floor":37},{"not_picked":["Panacea","Flash of Steel"],"picked":"Deep Breath","floor":38},{"not_picked":["Panacea","Trip"],"picked":"Panache","floor":38}],"player_experience":375790,"potions_floor_usage":[20,25,31,33,45,50,50,50],"damage_taken":[{"damage":7,"enemies":"Jaw Worm","floor":1,"turns":3},{"damage":0,"enemies":"Cultist","floor":3,"turns":4},{"damage":8,"enemies":"Small Slimes","floor":4,"turns":3},{"damage":4,"enemies":"2 Fungi Beasts","floor":7,"turns":3},{"damage":8,"enemies":"Gremlin Nob","floor":11,"turns":3},{"damage":2,"enemies":"Large Slime","floor":13,"turns":3},{"damage":14,"enemies":"3 Sentries","floor":14,"turns":7},{"damage":40,"enemies":"The Guardian","floor":16,"turns":10},{"damage":5,"enemies":"Chosen","floor":18,"turns":4},{"damage":13,"enemies":"3 Byrds","floor":20,"turns":5},{"damage":27,"enemies":"Sentry and Sphere","floor":21,"turns":6},{"damage":10,"enemies":"Book of Stabbing","floor":25,"turns":7},{"damage":8,"enemies":"Chosen and Byrds","floor":29,"turns":5},{"damage":30,"enemies":"Cultist and Chosen","floor":31,"turns":5},{"damage":72,"enemies":"Champ","floor":33,"turns":11},{"damage":13,"enemies":"3 Shapes","floor":35,"turns":8},{"damage":32,"enemies":"3 Darklings","floor":37,"turns":6},{"damage":33,"enemies":"Sphere and 2 Shapes","floor":44,"turns":6},{"damage":10,"enemies":"Nemesis","floor":45,"turns":5},{"damage":54,"enemies":"Maw","floor":46,"turns":7},{"damage":41,"enemies":"4 Shapes","floor":48,"turns":4},{"damage":121,"enemies":"Awakened One","floor":50,"turns":25}],"event_choices":[{"event_name":"The Woman in Blue","player_choice":"Bought 0 Potions","floor":2,"damage_taken":0},{"event_name":"Liars Game","player_choice":"disagreed","floor":5,"damage_taken":0},{"event_name":"Transmorgrifier","player_choice":"Transform","floor":22,"damage_taken":0},{"event_name":"The Library","player_choice":"Heal","floor":24,"damage_taken":0},{"event_name":"The Lab","player_choice":"Got Potions","floor":30,"damage_taken":0},{"event_name":"Winding Halls","player_choice":"Embrace Madness","floor":36,"damage_taken":0},{"event_name":"SensoryStone","player_choice":"Memory 3","floor":38,"damage_taken":0},{"event_name":"Mysterious Sphere","player_choice":"Ignore","floor":41,"damage_taken":0},{"event_name":"Tomb of Lord Red Mask","player_choice":"Paid","floor":42,"damage_taken":0}],"boss_relics":[{"not_picked":["Sozu","Ectoplasm"],"picked":"Runic Dome"},{"not_picked":["Tiny House","Orrery"],"picked":"Eternal Feather"}],"potions_floor_spawned":[1,3,4,13,20,25,33,44,45],"seed_played":"-8171542871331639209","ascension_level":4,"is_trial":false}