{"gold_per_floor":[111,131,146,146,165,165,185,140],"floor_reached":8,"playtime":386,"items_purged":[],"score":85,"play_id":"cc70bcb8-9fb5-4393-a82b-a0ea1f5f51d7","local_time":"20190219181444","is_ascension_mode":true,"campfire_choices":[{"data":"Bash","floor":6,"key":"SMITH"}],"neow_cost":"PERCENT_DAMAGE","seed_source_timestamp":413869828806494,"circlet_count":0,"master_deck":["AscendersBane","Strike_R","Strike_R","Strike_R","Strike_R","Strike_R","Defend_R","Defend_R+1","Defend_R","Defend_R","Bash+1","Barricade","Disarm","Power Through","Flame Barrier+1","Anger","Disarm"],"relics":["Burning Blood"],"potions_floor_usage":[5],"damage_taken":[{"damage":7,"enemies":"Small Slimes","floor":1,"turns":3},{"damage":4,"enemies":"Jaw Worm","floor":2,"turns":5},{"damage":6,"enemies":"Cultist","floor":3,"turns":4},{"damage":15,"enemies":"Large Slime","floor":5,"turns":14},{"damage":0,"enemies":"Exordium Wildlife","floor":7,"turns":4},{"damage":35,"enemies":"Exordium Thugs","floor":8,"turns":4}],"seed_played":"6482118516234763598","potions_obtained":[{"floor":1,"key":"SkillPotion"},{"floor":7,"key":"Poison Potion"}],"is_trial":false,"path_per_floor":["M","M","M","?","M","R","M","M"],"character_chosen":"IRONCLAD","items_purchased":[],"campfire_rested":0,"item_purchase_floors":[],"current_hp_per_floor":[49,51,51,36,27,27,33,0],"gold":140,"neow_bonus":"THREE_RARE_CARDS","is_prod":false,"is_daily":false,"chose_seed":false,"campfire_upgraded":1,"win_rate":0,"timestamp":1550621684,"path_taken":["M","M","M","?","M","R","M","M"],"build_version":"2019-01-23","purchased_purges":0,"victory":false,"max_hp_per_floor":[75,75,75,75,75,75,75,75],"card_choices":[{"not_picked":["Fiend Fire","Dark Embrace"],"picked":"Barricade","floor":0},{"not_picked":["Flex","Pommel Strike"],"picked":"Disarm","floor":1},{"not_picked":["Perfected Strike","Burning Pact"],"picked":"Power Through","floor":2},{"not_picked":["Anger","Thunderclap"],"picked":"Flame Barrier","floor":3},{"not_picked":["Flex","Thunderclap"],"picked":"Anger","floor":5},{"not_picked":["Power Through","True Grit"],"picked":"Disarm","floor":7}],"player_experience":511454,"relics_obtained":[],"event_choices":[{"damage_healed":0,"gold_gain":0,"player_choice":"Entered Light","damage_taken":15,"max_hp_gain":0,"max_hp_loss":0,"event_name":"Shining Light","floor":4,"gold_loss":0,"cards_upgraded":["Flame Barrier","Defend_R"]}],"is_beta":false,"boss_relics":[],"items_purged_floors":[],"is_endless":false,"potions_floor_spawned":[1,7],"killed_by":"Exordium Thugs","ascension_level":14}