{"path_per_floor":["M","$","?","?","M","R","E","R","T","R","T","M","M","T","R","B",null,"M","$","?","?","M","R","$","R","T","E","M"],"character_chosen":"THE_SILENT","items_purchased":["Noxious Fumes","Matryoshka","Well Laid Plans"],"gold_per_floor":[216,69,69,69,79,79,140,140,187,187,261,278,294,318,318,421,421,435,17,17,17,35,35,35,35,35,67,79,79],"floor_reached":29,"campfire_rested":2,"playtime":1779,"current_hp_per_floor":[70,70,70,70,69,69,35,35,35,35,35,37,39,39,39,3,53,38,38,22,22,2,23,23,44,51,4,4,0],"items_purged":["Strike_G","Strike_G"],"gold":79,"score":299,"play_id":"9906a1dd-309d-4d53-abe6-d0cb927809f0","local_time":"20180503223211","is_prod":false,"is_daily":false,"chose_seed":false,"is_ascension_mode":true,"campfire_upgraded":4,"timestamp":1525401131,"path_taken":["M","$","?","?","M","R","E","R","T","R","?","M","?","?","R","BOSS","M","$","?","?","M","R","$","R","T","E","?","M"],"build_version":"2018-04-28v2","seed_source_timestamp":172182129746721,"purchased_purges":2,"victory":false,"master_deck":["Defend_G","Defend_G","Defend_G","Defend_G","Defend_G","Strike_G","Survivor+1","Neutralize+1","Choke","Noxious Fumes","Setup+1","Quick Slash+1","Escape Plan+1","Night Terror+1","Tactician+1","Well Laid Plans","Blur+1","Leg Sweep+1","Acrobatics+1"],"max_hp_per_floor":[70,70,70,70,70,70,70,70,70,70,70,70,70,70,70,70,70,72,72,72,72,72,72,72,72,79,79,79,79],"relics":["Ring of the Snake","Tiny Chest","Blood Vial","Toxic Egg 2","Singing Bowl","Snecko Eye","Matryoshka","Nilry\u0027s Codex","Question Card","Strawberry","Ancient Tea Set"],"card_choices":[{"not_picked":["Cloak And Dagger","Outmaneuver"],"picked":"Choke","floor":1},{"not_picked":["Deadly Poison","Reflex"],"picked":"Setup","floor":5},{"not_picked":["Slice","Blade Dance"],"picked":"Quick Slash","floor":7},{"not_picked":["Quick Slash","Sucker Punch"],"picked":"Escape Plan","floor":12},{"not_picked":["Cloak And Dagger","Infinite Blades"],"picked":"Night Terror","floor":13},{"not_picked":["Storm of Steel","Corpse Explosion"],"picked":"Tactician","floor":16},{"not_picked":["Dash","Backflip"],"picked":"Blur","floor":22},{"not_picked":["Slice","Riddle With Holes","Underhanded Strike"],"picked":"Leg Sweep","floor":27},{"not_picked":["Cloak And Dagger","Caltrops","Dash"],"picked":"Acrobatics","floor":28}],"player_experience":413984,"potions_floor_usage":[7,13,22,27,28],"damage_taken":[{"damage":0,"enemies":"Jaw Worm","floor":1,"turns":5},{"damage":1,"enemies":"Cultist","floor":5,"turns":4},{"damage":34,"enemies":"Gremlin Nob","floor":7,"turns":6},{"damage":0,"enemies":"2 Louse","floor":12,"turns":3},{"damage":0,"enemies":"Exordium Wildlife","floor":13,"turns":5},{"damage":38,"enemies":"The Guardian","floor":16,"turns":12},{"damage":19,"enemies":"Spheric Guardian","floor":18,"turns":4},{"damage":22,"enemies":"2 Thieves","floor":22,"turns":3},{"damage":49,"enemies":"Gremlin Leader","floor":27,"turns":11},{"damage":2,"enemies":"Chosen and Byrds","floor":28,"turns":4},{"damage":6,"enemies":"Cultist and Chosen","floor":29,"turns":2}],"event_choices":[{"event_name":"Bonfire Elementals","player_choice":"BASIC","floor":3,"damage_taken":0},{"event_name":"Living Wall","player_choice":"Forget","floor":4,"damage_taken":0},{"event_name":"Cursed Tome","player_choice":"Obtained Book","floor":20,"damage_taken":0},{"event_name":"Addict","player_choice":"Ignored","floor":21,"damage_taken":0}],"boss_relics":[{"not_picked":["Black Star","Runic Pyramid"],"picked":"Snecko Eye"}],"potions_floor_spawned":[5,12,18,22,27],"seed_played":"9122775242311274437","killed_by":"Cultist and Chosen","ascension_level":5,"is_trial":false}