{"path_per_floor":["M","M","?","M","$","R","E","R","T","R","M","M","?","M","R","B",null,"M","?","?","?","M","R","M","R","T","$","?","R","M","?","R","B",null,"M","$","M","M","M","R","M","M","T","?","M","E","?","$","R","B"],"character_chosen":"THE_SILENT","items_purchased":["Mummified Hand","Footwork","Expertise","Well Laid Plans","Dexterity Potion","Blur","Dexterity Potion"],"gold_per_floor":[111,127,77,91,16,16,51,51,51,51,67,79,79,99,99,197,197,207,457,457,382,398,398,410,410,465,45,45,45,57,57,57,152,152,168,7,18,37,53,53,68,86,86,86,101,128,128,10,10,10],"floor_reached":51,"campfire_rested":3,"playtime":5383,"current_hp_per_floor":[70,69,69,69,69,69,23,23,23,23,21,21,21,21,42,15,70,51,51,51,51,51,51,48,48,48,48,48,48,48,32,53,37,70,70,70,70,70,60,60,49,34,34,52,41,34,34,34,55,40],"items_purged":["Strike_G","Strike_G"],"gold":10,"score":780,"play_id":"cfeace62-20fe-48f4-bbdc-65b8225adcdc","local_time":"20180502164506","is_prod":false,"is_daily":false,"chose_seed":false,"is_ascension_mode":true,"campfire_upgraded":7,"timestamp":1525293906,"path_taken":["M","M","?","M","?","R","E","R","T","R","M","M","?","?","R","BOSS","M","?","?","?","?","R","M","R","T","$","?","R","M","?","R","BOSS","M","$","M","?","M","R","M","M","T","?","M","E","?","$","R","BOSS"],"build_version":"2018-04-28v2","seed_source_timestamp":61337732393559,"purchased_purges":2,"victory":true,"master_deck":["Defend_G","Defend_G","Defend_G","Defend_G","Defend_G","Survivor","Neutralize+1","Quick Slash","Footwork+1","Dodge and Roll+1","Predator+1","Choke","PiercingWail","Malaise","Tactician+1","Leg Sweep","Dagger Throw","Choke+1","Footwork+1","Deflect+1","Adrenaline","Footwork","Expertise+1","Well Laid Plans","Underhanded Strike+1","Predator+1","Writhe","Footwork","Venomology","Finesse","Blur"],"max_hp_per_floor":[70,70,70,70,70,70,70,70,70,70,70,70,70,70,70,70,70,70,70,70,70,70,70,70,70,70,70,70,70,70,70,70,70,70,70,70,70,70,70,70,70,70,70,70,70,70,70,70,70,70],"relics":["Ring of the Snake","Centennial Puzzle","Ice Cream","Snecko Eye","Bag of Preparation","Mummified Hand","Nilry\u0027s Codex","Philosopher\u0027s Stone","Unceasing Top","Juzu Bracelet"],"card_choices":[{"not_picked":["Underhanded Strike","Poisoned Stab"],"picked":"Quick Slash","floor":1},{"not_picked":["Underhanded Strike","Flechettes"],"picked":"Footwork","floor":2},{"not_picked":["Slice","Underhanded Strike"],"picked":"Dodge and Roll","floor":4},{"not_picked":["Blur","Slice"],"picked":"Predator","floor":7},{"not_picked":["Deflect","PiercingWail"],"picked":"Choke","floor":11},{"not_picked":["Bane","All Out Attack"],"picked":"PiercingWail","floor":12},{"not_picked":["Dash","Quick Slash"],"picked":"Malaise","floor":14},{"not_picked":["Die Die Die","After Image"],"picked":"Tactician","floor":16},{"not_picked":["Poisoned Stab","Choke"],"picked":"Leg Sweep","floor":18},{"not_picked":["Catalyst","Dagger Spray"],"picked":"Dagger Throw","floor":22},{"not_picked":["Heel Hook","Dash"],"picked":"Choke","floor":24},{"not_picked":["Poisoned Stab","Crippling Poison"],"picked":"Deflect","floor":30},{"not_picked":["Unload","Phantasmal Killer"],"picked":"Adrenaline","floor":33},{"not_picked":["Poisoned Stab","Acrobatics"],"picked":"Footwork","floor":35},{"not_picked":["Crippling Poison","Flechettes"],"picked":"Underhanded Strike","floor":38},{"not_picked":["Dagger Spray","Quick Slash"],"picked":"Predator","floor":41},{"not_picked":["Poisoned Stab","Distraction"],"picked":"Footwork","floor":45},{"not_picked":["Escape Plan","Slice"],"picked":"Venomology","floor":46},{"not_picked":["Dramatic Entrance","Secret Weapon"],"picked":"Finesse","floor":47}],"player_experience":356676,"potions_floor_usage":[16,33,35,50,50,50,50],"damage_taken":[{"damage":0,"enemies":"2 Louse","floor":1,"turns":3},{"damage":1,"enemies":"Jaw Worm","floor":2,"turns":5},{"damage":0,"enemies":"Cultist","floor":4,"turns":4},{"damage":46,"enemies":"Lagavulin","floor":7,"turns":21},{"damage":2,"enemies":"Exordium Thugs","floor":11,"turns":5},{"damage":0,"enemies":"Large Slime","floor":12,"turns":5},{"damage":0,"enemies":"Blue Slaver","floor":14,"turns":3},{"damage":27,"enemies":"The Guardian","floor":16,"turns":16},{"damage":19,"enemies":"3 Byrds","floor":18,"turns":7},{"damage":0,"enemies":"Shell Parasite","floor":22,"turns":7},{"damage":3,"enemies":"Centurion and Healer","floor":24,"turns":9},{"damage":0,"enemies":"Snake Plant","floor":30,"turns":4},{"damage":16,"enemies":"Champ","floor":33,"turns":9},{"damage":0,"enemies":"3 Darklings","floor":35,"turns":4},{"damage":0,"enemies":"3 Shapes","floor":37,"turns":5},{"damage":0,"enemies":"Sphere and 2 Shapes","floor":38,"turns":4},{"damage":10,"enemies":"Maw","floor":39,"turns":7},{"damage":11,"enemies":"3 Darklings","floor":41,"turns":4},{"damage":15,"enemies":"Sphere and 2 Shapes","floor":42,"turns":5},{"damage":11,"enemies":"4 Shapes","floor":45,"turns":4},{"damage":7,"enemies":"2 Orb Walkers","floor":46,"turns":6},{"damage":15,"enemies":"Donu and Deca","floor":50,"turns":14}],"event_choices":[{"event_name":"The Cleric","player_choice":"Card Removal","floor":3,"damage_taken":0},{"event_name":"Liars Game","player_choice":"disagreed","floor":13,"damage_taken":0},{"event_name":"Golden Shrine","player_choice":"Desecrate","floor":19,"damage_taken":0},{"event_name":"Fountain of Cleansing","player_choice":"Removed Curse","floor":20,"damage_taken":0},{"event_name":"Beggar","player_choice":"Gave Gold","floor":21,"damage_taken":0},{"event_name":"Drug Dealer","player_choice":"Ignored","floor":28,"damage_taken":0},{"event_name":"Cursed Tome","player_choice":"Obtained Book","floor":31,"damage_taken":0},{"event_name":"Winding Halls","player_choice":"Writhe","floor":44,"damage_taken":0},{"event_name":"SensoryStone","player_choice":"Memory 1","floor":47,"damage_taken":0}],"boss_relics":[{"not_picked":["Eternal Feather","Runic Dome"],"picked":"Snecko Eye"},{"not_picked":["Sozu","Tiny House"],"picked":"Philosopher\u0027s Stone"}],"potions_floor_spawned":[7,12,16,30,39,42,46],"seed_played":"1287320340481838919","ascension_level":4,"is_trial":false}