{"gold_per_floor":[116,133,133,143,28,57,57,88,88,101,101,101,127,92,92,195,195,150,150,47,47,47,47,47,47,47,47,47,47,47,47,47,47,47,47,47,47,47,47,47,47,47,47,47,47,47,0,0,0,0],"floor_reached":50,"playtime":3106,"items_purged":["Strike_B"],"score":676,"play_id":"b4b13f4f-9a6b-44cb-be6f-fffbb12db00e","local_time":"20180928201651","is_ascension_mode":true,"campfire_choices":[{"data":"Scrape","floor":7.0,"key":"SMITH"},{"data":"Go for the Eyes","floor":11.0,"key":"SMITH"},{"data":"Defragment","floor":15.0,"key":"SMITH"},{"data":"Hologram","floor":23,"key":"SMITH"},{"floor":28,"key":"REST"},{"data":"Discovery","floor":30,"key":"SMITH"},{"data":"Reinforced Body","floor":32,"key":"SMITH"},{"data":"Darkness","floor":40,"key":"SMITH"},{"data":"Hologram","floor":42,"key":"SMITH"},{"floor":49,"key":"REST"}],"neow_cost":"NONE","seed_source_timestamp":0,"circlet_count":0,"master_deck":["Strike_B","Strike_B","Defend_B","Defend_B","Defend_B","Defend_B","Zap","Dualcast+1","Darkness+1","Scrape+1","Streamline","Glacier","Go for the Eyes+1","Hologram+1","Lockon+1","Streamline+1","Defragment+1","Machine Learning","FTL+1","Discovery+1","Beam Cell+1","Reinforced Body+1","Beam Cell+1","Hologram+1","Reboot","Skim+1","Gash+1","Gash+1","Discovery+1","Recycle+1","Ball Lightning+1","Steam+1"],"special_seed":0,"relics":["Cracked Core","Orichalcum","Mummified Hand","Molten Egg 2","Pantograph","Omamori","Ectoplasm","Bottled Tornado","Potion Belt","Sozu","Incense Burner","Frozen Egg 2","Du-Vu Doll","Red Mask"],"potions_floor_usage":[21,31,33,33,33,45],"damage_taken":[{"damage":5.0,"enemies":"Small Slimes","floor":1.0,"turns":3.0},{"damage":0.0,"enemies":"Cultist","floor":2.0,"turns":3.0},{"damage":6.0,"enemies":"Jaw Worm","floor":4.0,"turns":2.0},{"damage":18.0,"enemies":"Lagavulin","floor":6.0,"turns":5.0},{"damage":2.0,"enemies":"Gremlin Nob","floor":8.0,"turns":4.0},{"damage":4.0,"enemies":"Exordium Thugs","floor":10.0,"turns":5.0},{"damage":4.0,"enemies":"Lagavulin","floor":13.0,"turns":4.0},{"damage":42.0,"enemies":"The Guardian","floor":16.0,"turns":11.0},{"damage":11,"enemies":"2 Thieves","floor":18,"turns":4},{"damage":0,"enemies":"Chosen","floor":21,"turns":2},{"damage":18,"enemies":"Snake Plant","floor":22,"turns":2},{"damage":16,"enemies":"Book of Stabbing","floor":24,"turns":4},{"damage":0,"enemies":"Centurion and Healer","floor":25,"turns":7},{"damage":11,"enemies":"Sentry and Sphere","floor":27,"turns":4},{"damage":2,"enemies":"Chosen and Byrds","floor":29,"turns":5},{"damage":12,"enemies":"Snake Plant","floor":31,"turns":2},{"damage":10,"enemies":"Automaton","floor":33,"turns":8},{"damage":16,"enemies":"3 Shapes","floor":35,"turns":4},{"damage":0,"enemies":"Mind Bloom Boss Battle","floor":36,"turns":4},{"damage":0,"enemies":"Orb Walker","floor":37,"turns":2},{"damage":0,"enemies":"Maw","floor":39,"turns":6},{"damage":0,"enemies":"Transient","floor":41,"turns":5},{"damage":12,"enemies":"4 Shapes","floor":44,"turns":4},{"damage":22,"enemies":"Giant Head","floor":45,"turns":8},{"damage":31,"enemies":"Reptomancer","floor":46,"turns":8},{"damage":0,"enemies":"Spire Growth","floor":48,"turns":3},{"damage":77,"enemies":"Awakened One","floor":50,"turns":14}],"seed_played":"2553085249912454377","potions_obtained":[{"floor":1.0,"key":"Dexterity Potion"},{"floor":6.0,"key":"Block Potion"},{"floor":16.0,"key":"Dexterity Potion"},{"floor":25,"key":"LiquidBronze"},{"floor":27,"key":"FocusPotion"},{"floor":31,"key":"Strength Potion"},{"floor":33,"key":"Regen Potion"}],"is_trial":false,"path_per_floor":["M","M","?","M","$","E","R","E","T","M","R","?","E","$","R","B",null,"M","?","$","M","M","R","E","M","T","M","R","M","R","M","R","B",null,"M","?","M","?","M","R","M","R","T","M","E","M","?","M","R"],"character_chosen":"DEFECT","items_purchased":["Glacier","Defragment","Discovery"],"campfire_rested":2,"item_purchase_floors":[5,14,20],"current_hp_per_floor":[70,70,70,64,64,46,46,44,44,40,40,40,36,36,36,19,61,50,75,75,75,57,57,41,41,41,30,52,50,50,38,38,60,71,55,75,75,75,75,75,75,75,75,63,56,25,25,25,47,0],"gold":0,"neow_bonus":"RANDOM_COMMON_RELIC","is_prod":false,"is_daily":false,"chose_seed":false,"campfire_upgraded":8,"win_rate":0,"timestamp":1538180211,"path_taken":["M","M","?","M","$","E","R","E","T","M","R","?","E","$","R","BOSS","M","?","$","M","M","R","E","M","T","M","R","M","R","M","R","BOSS","M","?","?","?","M","R","M","R","T","M","E","M","?","M","R","BOSS"],"build_version":"2018-09-27","purchased_purges":1,"victory":false,"max_hp_per_floor":[75,75,75,75,75,75,75,75,75,75,75,75,75,75,75,75,75,75,75,75,75,75,75,75,75,75,75,75,75,75,75,75,75,75,75,75,75,75,75,75,75,75,75,75,75,75,75,75,75,75],"card_choices":[{"not_picked":["Scrape","Redo"],"picked":"Darkness","floor":1.0},{"not_picked":["Redo","Rebound"],"picked":"Scrape","floor":2.0},{"not_picked":["Cold Snap","Hologram"],"picked":"Streamline","floor":4.0},{"not_picked":["Hologram","Meteor Strike"],"picked":"Go for the Eyes","floor":6.0},{"not_picked":["Cold Snap","Barrage"],"picked":"Hologram","floor":8.0},{"not_picked":["Conserve Battery","Leap","Rebound+1"],"picked":"SKIP","floor":10.0},{"not_picked":["Genetic Algorithm","Cold Snap+1"],"picked":"Streamline+1","floor":13.0},{"not_picked":["Electrodynamics","Biased Cognition"],"picked":"Machine Learning","floor":16.0},{"not_picked":["Hologram","Auto Shields"],"picked":"FTL+1","floor":18},{"not_picked":["Auto Shields","Reinforced Body"],"picked":"Beam Cell+1","floor":21},{"not_picked":["Recycle","Hello World","Blizzard+1"],"picked":"SKIP","floor":22},{"not_picked":["Rebound+1","Tempest+1"],"picked":"Reinforced Body","floor":24},{"not_picked":["Sweeping Beam+1","Steam"],"picked":"Beam Cell+1","floor":25},{"not_picked":["Streamline+1","Barrage+1","Lockon+1"],"picked":"SKIP","floor":27},{"not_picked":["Go for the Eyes+1","Sweeping Beam+1","Storm"],"picked":"SKIP","floor":29},{"not_picked":["BootSequence","Barrage+1"],"picked":"Hologram","floor":31},{"not_picked":["Meteor Strike+1","Echo Form"],"picked":"Reboot","floor":33},{"not_picked":["Fusion+1","Streamline+1"],"picked":"Skim+1","floor":35},{"not_picked":["Doom and Gloom+1","Sweeping Beam+1"],"picked":"Gash+1","floor":36},{"not_picked":["Rebound+1","Redo"],"picked":"Gash+1","floor":37},{"not_picked":["Scrape+1","Heatsinks+1","Go for the Eyes+1"],"picked":"SKIP","floor":39},{"not_picked":["Fusion","Sweeping Beam+1","Force Field+1"],"picked":"SKIP","floor":41},{"not_picked":["Sunder+1","Redo+1"],"picked":"Recycle+1","floor":44},{"not_picked":["Machine Learning+1","Melter+1","Auto Shields"],"picked":"SKIP","floor":45},{"not_picked":["Hologram","Ball Lightning+1","Barrage+1"],"picked":"SKIP","floor":46},{"not_picked":["Hologram","Barrage+1"],"picked":"Ball Lightning+1","floor":46},{"not_picked":["Turbo","Streamline+1"],"picked":"Steam+1","floor":48}],"player_experience":611650,"relics_obtained":[{"floor":6.0,"key":"Mummified Hand"},{"floor":8.0,"key":"Molten Egg 2"},{"floor":9.0,"key":"Pantograph"},{"floor":13.0,"key":"Omamori"},{"floor":24,"key":"Bottled Tornado"},{"floor":26,"key":"Potion Belt"},{"floor":36,"key":"Incense Burner"},{"floor":43,"key":"Frozen Egg 2"},{"floor":45,"key":"Du-Vu Doll"}],"event_choices":[{"event_name":"Accursed Blacksmith","player_choice":"Forge","floor":3.0,"damage_taken":0.0},{"event_name":"Transmorgrifier","player_choice":"Transform","floor":12.0,"damage_taken":0.0},{"event_name":"The Library","player_choice":"Heal","floor":19,"damage_taken":0},{"event_name":"MindBloom","player_choice":"Fight","floor":36,"damage_taken":0},{"event_name":"Duplicator","player_choice":"One dupe","floor":38,"damage_taken":0},{"event_name":"Tomb of Lord Red Mask","player_choice":"Paid","floor":47,"damage_taken":0}],"is_beta":false,"boss_relics":[{"not_picked":["Pandora\u0027s Box","Snecko Eye"],"picked":"Ectoplasm"},{"not_picked":["Astrolabe","Velvet Choker"],"picked":"Sozu"}],"items_purged_floors":[5],"is_endless":false,"potions_floor_spawned":[1,6,16,25,27,31,33,37,39,46],"killed_by":"Awakened One","ascension_level":5}