{"gold_per_floor":[113,129,129,154,173,173,214,229,276,276,276,300,110,149,149,272,272,296,339,339,264],"floor_reached":21,"playtime":658,"items_purged":[],"score":189,"play_id":"0df98b0f-2774-48a9-a80b-45621495abc9","local_time":"20180713081528","is_ascension_mode":false,"campfire_choices":[{"data":"Cleave","floor":6,"key":"SMITH"},{"floor":10,"key":"REST"},{"data":"Inflame","floor":15,"key":"SMITH"}],"neow_cost":"NONE","seed_source_timestamp":45825499269352,"circlet_count":0,"master_deck":["Strike_R","Strike_R","Strike_R","Strike_R","Strike_R","Defend_R","Defend_R+1","Defend_R","Defend_R+1","Bash+1","Cleave+1","Inflame+1","Rage","Inflame","Fire Breathing+1"],"relics":["Burning Blood","Golden Idol","Juzu Bracelet","Lee\u0027s Waffle","Pantograph","Black Star","Red Mask","Nloth\u0027s Gift"],"potions_floor_usage":[16,19],"damage_taken":[{"damage":3,"enemies":"Jaw Worm","floor":1,"turns":4},{"damage":1,"enemies":"Cultist","floor":2,"turns":3},{"damage":2,"enemies":"2 Louse","floor":4,"turns":2},{"damage":16,"enemies":"Blue Slaver","floor":5,"turns":4},{"damage":27,"enemies":"Gremlin Nob","floor":7,"turns":4},{"damage":17,"enemies":"Large Slime","floor":8,"turns":3},{"damage":6,"enemies":"Exordium Wildlife","floor":12,"turns":5},{"damage":12,"enemies":"Lagavulin","floor":14,"turns":7},{"damage":70,"enemies":"Hexaghost","floor":16,"turns":10},{"damage":34,"enemies":"Spheric Guardian","floor":18,"turns":6},{"damage":45,"floor":19,"turns":5},{"damage":31,"enemies":"2 Thieves","floor":21,"turns":3}],"seed_played":"7214172829926964941","potions_obtained":[{"floor":2,"key":"Poison Potion"},{"floor":7,"key":"Regen Potion"},{"floor":12,"key":"Strength Potion"},{"floor":18,"key":"FearPotion"}],"is_trial":false,"path_per_floor":["M","M","?","M","M","R","E","M","T","R","?","M","$","E","R","B",null,"M","?","?"],"character_chosen":"IRONCLAD","items_purchased":["Lee\u0027s Waffle"],"campfire_rested":1,"item_purchase_floors":[13],"current_hp_per_floor":[80,80,74,74,64,64,43,32,32,54,39,39,81,75,75,17,81,53,26,26,0],"gold":264,"neow_bonus":"UPGRADE_CARD","is_prod":false,"is_daily":false,"chose_seed":false,"campfire_upgraded":2,"win_rate":0,"timestamp":1531458928,"path_taken":["M","M","?","?","M","R","E","M","T","R","?","M","?","E","R","BOSS","M","?","?","M"],"build_version":"2018-07-12","purchased_purges":0,"victory":false,"max_hp_per_floor":[80,80,74,74,74,74,74,74,74,74,74,74,81,81,81,81,81,81,81,81,81],"card_choices":[{"not_picked":["Headbutt","Twin Strike","Thunderclap"],"picked":"SKIP","floor":1},{"not_picked":["Disarm","Perfected Strike"],"picked":"Cleave","floor":2},{"not_picked":["Twin Strike","Warcry","Sentinel"],"picked":"SKIP","floor":4},{"not_picked":["Perfected Strike","Havoc","Corruption"],"picked":"SKIP","floor":5},{"not_picked":["Heavy Blade","Sword Boomerang"],"picked":"Inflame","floor":7},{"not_picked":["Hemokinesis","Havoc","Thunderclap"],"picked":"SKIP","floor":8},{"not_picked":["Ghostly Armor","Reckless Charge"],"picked":"Rage","floor":12},{"not_picked":["Anger","Flame Barrier"],"picked":"Inflame","floor":14},{"not_picked":["Sword Boomerang","Wild Strike"],"picked":"Fire Breathing+1","floor":18}],"player_experience":94488,"relics_obtained":[{"floor":7,"key":"Bottled Lightning"},{"floor":9,"key":"Juzu Bracelet"},{"floor":14,"key":"Pantograph"},{"floor":19,"key":"Red Mask"}],"event_choices":[{"event_name":"Golden Idol","player_choice":"Lose Max HP","floor":3,"damage_taken":0},{"event_name":"Shining Light","player_choice":"Entered Light","floor":11,"damage_taken":0},{"event_name":"Masked Bandits","player_choice":"Fought over 296 gold","floor":19,"damage_taken":0},{"event_name":"N\u0027loth","player_choice":"Traded a Bottled Lightning","floor":20,"damage_taken":0}],"boss_relics":[{"not_picked":["Astrolabe","Snecko Eye"],"picked":"Black Star"}],"items_purged_floors":[],"is_endless":false,"potions_floor_spawned":[2,7,12,18],"killed_by":"2 Thieves","ascension_level":0}