{"gold_per_floor":[117,117,80,80,110,156,187,254,266,278,290,333,45,95,95,198,198,218,238,48,48,60,93,93,122,122,132,132],"floor_reached":28,"playtime":1986,"items_purged":["Strike_G"],"score":344,"play_id":"982e6eba-7803-42a8-8ec6-ee50f672dca3","local_time":"20190213163527","is_ascension_mode":true,"campfire_choices":[{"data":"Setup","floor":11,"key":"SMITH"},{"floor":15,"key":"REST"},{"floor":24,"key":"REST"}],"neow_cost":"NONE","seed_source_timestamp":849962653689954,"circlet_count":0,"master_deck":["Defend_G","Defend_G","Defend_G","Defend_G","Defend_G","Strike_G","Strike_G","Strike_G","Strike_G","Survivor","Neutralize+1","Setup+1","Crippling Poison","Sucker Punch+1","Bouncing Flask+1","Catalyst+1","Expertise+1","All Out Attack","Dodge and Roll+1","Venomology+1","Bane+1","Flying Knee","Thinking Ahead+1","Deflect+1","Leg Sweep+1","Distraction+1"],"relics":["Ring of the Snake","NeowsBlessing","MawBank","Toxic Egg 2","Tiny Chest","Happy Flower","Potion Belt","Bottled Flame","ClockworkSouvenir","Black Star","Whetstone","Blood Vial","Orichalcum","Juzu Bracelet","Matryoshka"],"potions_floor_usage":[16,19,22,22,23,23,23,25,25,25,28],"damage_taken":[{"damage":0,"enemies":"2 Louse","floor":1,"turns":1},{"damage":0,"enemies":"Jaw Worm","floor":5,"turns":1},{"damage":0,"enemies":"Gremlin Nob","floor":6,"turns":1},{"damage":0,"enemies":"Small Slimes","floor":7,"turns":4},{"damage":5,"enemies":"Lagavulin","floor":8,"turns":3},{"damage":2,"enemies":"Gremlin Nob","floor":12,"turns":3},{"damage":30,"enemies":"Slime Boss","floor":16,"turns":10},{"damage":6,"enemies":"Shell Parasite","floor":18,"turns":5},{"damage":3,"enemies":"Spheric Guardian","floor":19,"turns":5},{"damage":22,"enemies":"Centurion and Healer","floor":22,"turns":8},{"damage":43,"enemies":"Slavers","floor":23,"turns":4},{"damage":8,"enemies":"Book of Stabbing","floor":25,"turns":5},{"damage":9,"enemies":"Snecko","floor":27,"turns":5},{"damage":12,"enemies":"Slavers","floor":28,"turns":2}],"seed_played":"-8384866852011630727","potions_obtained":[{"floor":1,"key":"AttackPotion"},{"floor":5,"key":"Weak Potion"},{"floor":6,"key":"Block Potion"},{"floor":12,"key":"SpeedPotion"},{"floor":19,"key":"Block Potion"},{"floor":21,"key":"Poison Potion"},{"floor":22,"key":"Swift Potion"},{"floor":23,"key":"Dexterity Potion"},{"floor":27,"key":"SkillPotion"}],"is_trial":false,"path_per_floor":["M","?","$","?","M","E","M","E","T","T","R","E","$","?","R","B",null,"M","M","$","?","M","E","R","E","T","M","E"],"character_chosen":"THE_SILENT","items_purchased":["Crippling Poison","ClockworkSouvenir","Dodge and Roll+1","Thinking Ahead+1"],"campfire_rested":2,"item_purchase_floors":[3,13,13,20],"current_hp_per_floor":[70,75,75,50,50,50,50,45,45,45,45,43,43,43,65,35,75,69,66,66,66,44,1,23,17,17,10,0],"gold":132,"neow_bonus":"THREE_ENEMY_KILL","is_prod":false,"is_daily":false,"chose_seed":false,"campfire_upgraded":1,"win_rate":0,"timestamp":1550072127,"path_taken":["M","?","$","?","M","E","M","E","T","?","R","E","$","?","R","BOSS","M","M","$","?","?","E","R","E","T","M","E"],"build_version":"2019-01-23","purchased_purges":1,"victory":false,"max_hp_per_floor":[70,75,75,75,75,75,75,75,75,75,75,75,75,75,75,75,75,75,75,75,75,75,75,75,75,75,75,75],"card_choices":[{"not_picked":["Reflex","Outmaneuver"],"picked":"Setup","floor":1},{"not_picked":["Tactician","Bane"],"picked":"Sucker Punch","floor":5},{"not_picked":["Deadly Poison","Flying Knee"],"picked":"Bouncing Flask","floor":6},{"not_picked":["Cloak And Dagger+1","Riddle With Holes"],"picked":"Catalyst+1","floor":7},{"not_picked":["Finisher","Dagger Throw"],"picked":"Expertise+1","floor":8},{"not_picked":["Heel Hook","Catalyst+1"],"picked":"All Out Attack","floor":12},{"not_picked":["Glass Knife","Doppelganger+1"],"picked":"Venomology+1","floor":16},{"not_picked":["Bouncing Flask+1","Accuracy"],"picked":"Bane+1","floor":18},{"not_picked":["Accuracy+1","Cloak And Dagger+1"],"picked":"Flying Knee","floor":19},{"not_picked":["Bouncing Flask+1","Accuracy+1","Tactician+1"],"picked":"SKIP","floor":22},{"not_picked":["Quick Slash","Leg Sweep+1"],"picked":"Deflect+1","floor":23},{"not_picked":["Burst+1","Setup+1"],"picked":"Leg Sweep+1","floor":25},{"not_picked":["Sucker Punch","Infinite Blades+1"],"picked":"Distraction+1","floor":27}],"player_experience":293096,"relics_obtained":[{"floor":6,"key":"Toxic Egg 2"},{"floor":8,"key":"Tiny Chest"},{"floor":9,"key":"Happy Flower"},{"floor":10,"key":"Potion Belt"},{"floor":12,"key":"Bottled Flame"},{"floor":23,"key":"Whetstone"},{"floor":23,"key":"Blood Vial"},{"floor":25,"key":"Orichalcum"},{"floor":25,"key":"Juzu Bracelet"},{"floor":26,"key":"Matryoshka"}],"event_choices":[{"damage_healed":0,"gold_gain":0,"player_choice":"Donut","damage_taken":0,"max_hp_gain":5,"max_hp_loss":0,"event_name":"Big Fish","floor":2,"gold_loss":0},{"damage_healed":0,"gold_gain":0,"player_choice":"Success","damage_taken":25,"relics_obtained":["MawBank"],"max_hp_gain":0,"max_hp_loss":0,"event_name":"Scrap Ooze","floor":4,"gold_loss":0},{"damage_healed":0,"gold_gain":50,"player_choice":"Gained Gold","damage_taken":0,"max_hp_gain":0,"max_hp_loss":0,"event_name":"Golden Wing","floor":14,"gold_loss":0},{"damage_healed":0,"gold_gain":0,"player_choice":"Got Potions","damage_taken":0,"max_hp_gain":0,"max_hp_loss":0,"event_name":"Lab","floor":21,"gold_loss":0}],"is_beta":false,"boss_relics":[{"not_picked":["Runic Pyramid","Snecko Eye"],"picked":"Black Star"}],"items_purged_floors":[13],"is_endless":false,"potions_floor_spawned":[1,5,6,12,19,22,23,27],"killed_by":"Slavers","ascension_level":3}