{"gold_per_floor":[213,65,79,79,89,89,102,117,141,141,154,164,164,199,211,299,311,333,345,375,49,59,59,0,18,18,18],"floor_reached":27,"playtime":1701,"items_purged":["Strike_G"],"score":391,"play_id":"a865f5d3-7ae8-498c-9f0d-c26a07871dbb","local_time":"20190303222754","is_ascension_mode":true,"campfire_choices":[{"data":"Well Laid Plans","floor":6.0,"key":"SMITH"},{"data":"Deadly Poison","floor":10.0,"key":"SMITH"},{"data":"Dash","floor":13.0,"key":"SMITH"},{"data":"Catalyst","floor":15,"key":"SMITH"},{"floor":23,"key":"REST"}],"neow_cost":"NONE","seed_source_timestamp":0,"circlet_count":0,"master_deck":["AscendersBane","Defend_G","Defend_G","Defend_G","Defend_G","Defend_G","Strike_G","Strike_G","Strike_G","Strike_G","Survivor","Neutralize","Slice","Well Laid Plans+1","Cloak And Dagger","Deadly Poison+1","Poisoned Stab","Backflip","Dash+1","Catalyst+1","Cloak And Dagger","Glass Knife","Noxious Fumes+1","Outmaneuver"],"special_seed":0,"relics":["Ring of the Snake","Blood Vial","MawBank","Sozu","Kunai"],"potions_floor_usage":[14,16],"damage_taken":[{"damage":6.0,"enemies":"Jaw Worm","floor":1.0,"turns":6.0},{"damage":0.0,"enemies":"2 Louse","floor":3.0,"turns":3.0},{"damage":0.0,"enemies":"Small Slimes","floor":5.0,"turns":3.0},{"damage":0.0,"enemies":"2 Fungi Beasts","floor":7.0,"turns":4.0},{"damage":0.0,"enemies":"Gremlin Gang","floor":8.0,"turns":2.0},{"damage":0.0,"enemies":"Looter","floor":11.0,"turns":4.0},{"damage":7.0,"enemies":"Exordium Wildlife","floor":12.0,"turns":4.0},{"damage":26,"enemies":"Lagavulin","floor":14,"turns":7},{"damage":19,"enemies":"Slime Boss","floor":16,"turns":11},{"damage":13,"enemies":"Chosen","floor":18,"turns":5},{"damage":23,"enemies":"Colosseum Slavers","floor":19,"turns":5},{"damage":0,"enemies":"3 Byrds","floor":20,"turns":3},{"damage":21,"enemies":"Snecko","floor":22,"turns":5},{"damage":1,"enemies":"Centurion and Healer","floor":25,"turns":8},{"damage":27,"enemies":"3 Cultists","floor":27,"turns":4}],"seed_played":"6917874934377940202","potions_obtained":[{"floor":3.0,"key":"Explosive Potion"},{"floor":5.0,"key":"Fire Potion"},{"floor":8.0,"key":"Block Potion"},{"floor":12.0,"key":"Block Potion"}],"is_trial":false,"path_per_floor":["M","$","M","?","M","R","M","M","T","R","M","M","R","E","R","B",null,"M","?","M","$","M","R","?","M","T","M"],"character_chosen":"THE_SILENT","items_purchased":["Well Laid Plans","Cloak And Dagger","Kunai"],"campfire_rested":1,"item_purchase_floors":[2,2,21],"current_hp_per_floor":[53,53,53,53,53,53,53,53,53,53,55,50,50,26,26,9,52,41,20,22,22,3,22,22,23,23,0],"gold":18,"neow_bonus":"HUNDRED_GOLD","is_prod":false,"is_daily":false,"chose_seed":false,"campfire_upgraded":4,"win_rate":0,"timestamp":1551670074,"path_taken":["M","$","M","?","M","R","M","M","T","R","M","M","R","E","R","BOSS","M","?","M","$","M","R","?","M","T","M"],"build_version":"2019-01-23","purchased_purges":1,"victory":false,"max_hp_per_floor":[66,66,66,66,66,66,66,66,66,66,66,66,66,66,66,66,66,66,66,66,66,66,66,66,66,66,66],"card_choices":[{"not_picked":["Blade Dance","Escape Plan"],"picked":"Slice","floor":1.0},{"not_picked":["Slice","Calculated Gamble"],"picked":"Deadly Poison","floor":3.0},{"not_picked":["Skewer","Outmaneuver"],"picked":"Poisoned Stab","floor":5.0},{"not_picked":["Phantasmal Killer","Dagger Spray"],"picked":"Backflip","floor":7.0},{"not_picked":["Blade Dance","Backstab"],"picked":"Dash","floor":8.0},{"not_picked":["Concentrate","Eviscerate"],"picked":"Catalyst","floor":11.0},{"not_picked":["Skewer","Acrobatics"],"picked":"Cloak And Dagger","floor":12.0},{"not_picked":["All Out Attack","Finisher","Concentrate"],"picked":"SKIP","floor":14},{"not_picked":["Grand Finale","After Image"],"picked":"Glass Knife","floor":16},{"not_picked":["Masterful Stab","Choke"],"picked":"Noxious Fumes+1","floor":18},{"not_picked":["Blade Dance","Deflect","All Out Attack"],"picked":"SKIP","floor":20},{"not_picked":["Riddle With Holes","Blade Dance","Choke+1"],"picked":"SKIP","floor":22},{"not_picked":["Bane","Acrobatics"],"picked":"Outmaneuver","floor":25}],"player_experience":830986,"relics_obtained":[{"floor":9.0,"key":"Blood Vial"},{"floor":14,"key":"MawBank"}],"event_choices":[{"damage_healed":0.0,"max_hp_gain":0.0,"max_hp_loss":0.0,"gold_gain":0.0,"event_name":"Shining Light","player_choice":"Ignored","floor":4.0,"gold_loss":0.0,"damage_taken":0.0},{"damage_healed":0,"gold_gain":0,"player_choice":"Fight","damage_taken":0,"max_hp_gain":0,"max_hp_loss":0,"event_name":"Colosseum","floor":19,"gold_loss":0},{"damage_healed":0,"gold_gain":0,"player_choice":"Fled From Nobs","damage_taken":0,"max_hp_gain":0,"max_hp_loss":0,"event_name":"Colosseum","floor":19,"gold_loss":0},{"damage_healed":0,"gold_gain":0,"player_choice":"Paid Fearfully","damage_taken":0,"max_hp_gain":0,"max_hp_loss":0,"event_name":"Masked Bandits","floor":24,"gold_loss":59}],"is_beta":false,"boss_relics":[{"not_picked":["Eternal Feather","Velvet Choker"],"picked":"Sozu"}],"items_purged_floors":[21],"is_endless":false,"potions_floor_spawned":[3,5,8,11,12,18,19,20],"killed_by":"3 Cultists","ascension_level":16}