{"gold_per_floor":[362,362,362,323,340,340,353,353,430,442,469,101,116,144,144,221,221,233,251,269,77,77,77,95,20,20,6,23,23],"floor_reached":29,"playtime":1179,"items_purged":["Strike_B","Defend_B"],"score":458,"play_id":"408691cb-f6b8-4000-9cef-cf76fd932e51","local_time":"20190217150503","is_ascension_mode":true,"campfire_choices":[{"data":"Zap","floor":6,"key":"SMITH"},{"data":"Streamline","floor":8,"key":"SMITH"},{"data":"Doom and Gloom","floor":15,"key":"SMITH"},{"data":"Fission","floor":23,"key":"SMITH"}],"neow_cost":"PERCENT_DAMAGE","seed_source_timestamp":2178704811024954,"circlet_count":0,"master_deck":["AscendersBane","Strike_B","Strike_B","Defend_B","Defend_B","Defend_B","Zap+1","Dualcast","Streamline+1","Glacier","Auto Shields","Doom and Gloom+1","Self Repair","Tempest","Fission+1","Leap","Barrage","Biased Cognition","Conserve Battery","Redo+1","Rebound+1","Barrage+1"],"relics":["Cracked Core","Bag of Marbles","Darkstone Periapt","Bird Faced Urn","Membership Card","DataDisk","Ornamental Fan","Inserter","Blood Vial","Molten Egg 2"],"potions_floor_usage":[11,14,14,20,24,29],"damage_taken":[{"damage":1,"enemies":"Cultist","floor":1,"turns":3},{"damage":5,"enemies":"Small Slimes","floor":5,"turns":2},{"damage":0,"enemies":"2 Louse","floor":7,"turns":1},{"damage":0,"enemies":"Blue Slaver","floor":10,"turns":3},{"damage":8,"enemies":"Gremlin Nob","floor":11,"turns":3},{"damage":8,"enemies":"3 Louse","floor":13,"turns":3},{"damage":8,"enemies":"3 Sentries","floor":14,"turns":4},{"damage":30,"enemies":"Hexaghost","floor":16,"turns":8},{"damage":13,"enemies":"Spheric Guardian","floor":18,"turns":5},{"damage":22,"enemies":"Shell Parasite","floor":19,"turns":6},{"damage":29,"enemies":"Shelled Parasite and Fungi","floor":20,"turns":8},{"damage":13,"enemies":"Centurion and Healer","floor":24,"turns":11},{"damage":39,"enemies":"Snake Plant","floor":28,"turns":3},{"damage":36,"enemies":"Snecko","floor":29,"turns":6}],"seed_played":"4470231332640514406","potions_obtained":[{"floor":5,"key":"SneckoOil"},{"floor":7,"key":"SteroidPotion"},{"floor":10,"key":"Block Potion"},{"floor":13,"key":"Strength Potion"},{"floor":16,"key":"Regen Potion"},{"floor":18,"key":"EssenceOfSteel"},{"floor":20,"key":"SneckoOil"}],"is_trial":false,"path_per_floor":["M","?","?","?","M","R","M","R","T","M","E","$","M","E","R","B",null,"M","M","M","$","?","R","M","?","T","$","M","M"],"character_chosen":"DEFECT","items_purchased":["Membership Card","DataDisk","Tempest","Conserve Battery","Blood Vial","SkillPotion","Rebound+1"],"campfire_rested":0,"item_purchase_floors":[12,12,12,21,21,21,27],"current_hp_per_floor":[45,40,63,63,58,58,58,58,58,58,50,50,51,43,43,22,59,55,42,37,37,51,51,51,51,51,51,16,0],"gold":23,"neow_bonus":"TWO_FIFTY_GOLD","is_prod":false,"is_daily":false,"chose_seed":false,"campfire_upgraded":4,"win_rate":0,"timestamp":1550383503,"path_taken":["M","?","?","?","M","R","M","R","T","M","E","?","M","E","R","BOSS","M","M","M","$","?","R","M","?","T","?","M","M"],"build_version":"2019-01-23","purchased_purges":2,"victory":false,"max_hp_per_floor":[71,71,71,71,71,71,71,71,71,71,71,71,71,71,71,71,71,71,71,71,71,71,71,71,71,71,71,71,71],"card_choices":[{"not_picked":["Cold Snap","Heatsinks"],"picked":"Streamline","floor":1},{"not_picked":["Reprogram","Recycle"],"picked":"Glacier","floor":5},{"not_picked":["Beam Cell","Chaos"],"picked":"Auto Shields","floor":7},{"not_picked":["Consume","Compile Driver"],"picked":"Doom and Gloom","floor":10},{"not_picked":["Ball Lightning","Compile Driver"],"picked":"Self Repair","floor":11},{"not_picked":["Scrape","Aggregate","Auto Shields"],"picked":"SKIP","floor":13},{"not_picked":["Rainbow","Doom and Gloom","Multi-Cast"],"picked":"SKIP","floor":14},{"not_picked":["Multi-Cast","Machine Learning"],"picked":"Fission","floor":16},{"not_picked":["Cold Snap","Stack"],"picked":"Leap","floor":18},{"not_picked":["Ball Lightning","Doom and Gloom"],"picked":"Barrage","floor":19},{"not_picked":["Steam","Hologram+1"],"picked":"Biased Cognition","floor":20},{"not_picked":["Leap","Ball Lightning"],"picked":"Redo+1","floor":24},{"not_picked":["Sweeping Beam+1","Steam"],"picked":"Barrage+1","floor":28}],"player_experience":554428,"relics_obtained":[{"floor":9,"key":"Darkstone Periapt"},{"floor":11,"key":"Bird Faced Urn"},{"floor":14,"key":"Ornamental Fan"},{"floor":26,"key":"Molten Egg 2"}],"event_choices":[{"damage_healed":0,"gold_gain":0,"player_choice":"Success","damage_taken":5,"relics_obtained":["Bag of Marbles"],"max_hp_gain":0,"max_hp_loss":0,"event_name":"Scrap Ooze","floor":2,"gold_loss":0},{"damage_healed":23,"gold_gain":0,"player_choice":"Banana","damage_taken":0,"max_hp_gain":0,"max_hp_loss":0,"event_name":"Big Fish","floor":3,"gold_loss":0},{"damage_healed":0,"gold_gain":0,"player_choice":"Left Gold","damage_taken":0,"max_hp_gain":0,"max_hp_loss":0,"event_name":"World of Goop","floor":4,"gold_loss":39},{"damage_healed":14,"gold_gain":0,"player_choice":"Heal","damage_taken":0,"max_hp_gain":0,"max_hp_loss":0,"event_name":"The Library","floor":22,"gold_loss":0},{"cards_removed":["Strike_B"],"damage_healed":0,"gold_gain":0,"player_choice":"Gave Gold","damage_taken":0,"max_hp_gain":0,"max_hp_loss":0,"event_name":"Beggar","floor":25,"gold_loss":75}],"is_beta":false,"boss_relics":[{"not_picked":["Lizard Tail","Runic Dome"],"picked":"Inserter"}],"items_purged_floors":[12,21],"is_endless":false,"potions_floor_spawned":[5,7,10,13,16,18,19,20],"killed_by":"Snecko","ascension_level":19}