{"gold_per_floor":[110,130,147,32,32,64,64,82,105,105,121,121,196,228,228,330,330,341,61,61,61,61,61,86,106,106,124,124,135,135,135,135,231,231,246,265,117,166,166,166,184,121,121,121,44,78,91,105,105,105],"floor_reached":51,"playtime":3340,"items_purged":["Strike_G","Blade Dance","Bite"],"score":1062,"play_id":"0133c299-2e5e-4903-ab16-d1c99cb006f3","local_time":"20180923221027","is_ascension_mode":true,"campfire_choices":[{"data":"Neutralize","floor":7,"key":"SMITH"},{"data":"Footwork","floor":10,"key":"SMITH"},{"data":"Infinite Blades","floor":12,"key":"SMITH"},{"floor":15,"key":"REST"},{"data":"Accuracy","floor":23,"key":"SMITH"},{"data":"Terror","floor":30,"key":"SMITH"},{"data":"Noxious Fumes","floor":32,"key":"SMITH"},{"data":"After Image","floor":40,"key":"SMITH"},{"data":"After Image","floor":49,"key":"SMITH"}],"neow_cost":"NONE","seed_source_timestamp":17651436009704,"circlet_count":0,"master_deck":["Defend_G+1","Defend_G+1","Defend_G+1","Defend_G+1","Defend_G+1","Survivor","Neutralize+1","AscendersBane","Predator","Backstab","Infinite Blades+1","Footwork+1","Predator","Accuracy+1","Flying Knee","Noxious Fumes+1","Well Laid Plans","Adrenaline","Noxious Fumes+1","Terror+1","Poisoned Stab+1","Backflip","Backflip+1","Bite","Bite","Bite","Bite","After Image+1","Noxious Fumes+1","After Image+1","Caltrops+1","Blur+1"],"relics":["Ring of the Snake","Juzu Bracelet","Vajra","Bag of Preparation","Cursed Key","Membership Card","Bottled Tornado","Sozu","DollysMirror","Bird Faced Urn","Calipers","Anchor","Ginger"],"potions_floor_usage":[6,11,24,27,33,50],"damage_taken":[{"damage":11,"enemies":"Jaw Worm","floor":1,"turns":6},{"damage":3,"enemies":"2 Louse","floor":2,"turns":3},{"damage":1,"enemies":"Small Slimes","floor":3,"turns":3},{"damage":25,"enemies":"Lagavulin","floor":6,"turns":5},{"damage":2,"enemies":"3 Louse","floor":8,"turns":4},{"damage":4,"enemies":"Large Slime","floor":11,"turns":5},{"damage":11,"enemies":"Gremlin Nob","floor":14,"turns":4},{"damage":39,"enemies":"Slime Boss","floor":16,"turns":8},{"damage":0,"enemies":"Chosen","floor":18,"turns":3},{"damage":2,"enemies":"Book of Stabbing","floor":24,"turns":4},{"damage":8,"enemies":"Spheric Guardian","floor":25,"turns":4},{"damage":6,"enemies":"Snecko","floor":27,"turns":3},{"damage":4,"enemies":"Chosen and Byrds","floor":29,"turns":4},{"damage":69,"enemies":"Collector","floor":33,"turns":8},{"damage":5,"enemies":"Orb Walker","floor":35,"turns":3},{"damage":31,"enemies":"3 Darklings","floor":36,"turns":4},{"damage":21,"enemies":"Mysterious Sphere","floor":38,"turns":5},{"damage":3,"enemies":"Mind Bloom Boss Battle","floor":39,"turns":6},{"damage":27,"enemies":"Spire Growth","floor":41,"turns":5},{"damage":16,"enemies":"2 Orb Walkers","floor":46,"turns":5},{"damage":4,"enemies":"Reptomancer","floor":47,"turns":5},{"damage":0,"enemies":"Transient","floor":48,"turns":5},{"damage":6,"enemies":"Time Eater","floor":50,"turns":11}],"seed_played":"-1800795392293629134","potions_obtained":[{"floor":1,"key":"Fire Potion"},{"floor":2,"key":"SpeedPotion"},{"floor":11,"key":"Weak Potion"},{"floor":18,"key":"Block Potion"},{"floor":20,"key":"Block Potion"},{"floor":24,"key":"FairyPotion"},{"floor":29,"key":"SteroidPotion"},{"floor":33,"key":"Strength Potion"}],"is_trial":false,"path_per_floor":["M","M","M","$","?","E","R","M","T","R","M","R","?","E","R","B",null,"M","$","?","?","?","R","E","M","T","M","?","M","R","?","R","B",null,"M","M","$","?","?","R","M","$","T","?","$","E","M","M","R","B"],"character_chosen":"THE_SILENT","items_purchased":["Footwork","Predator","Membership Card","Terror","DollysMirror","Anchor"],"campfire_rested":1,"item_purchase_floors":[4,4,19,19,37,45],"current_hp_per_floor":[52,49,48,48,70,45,45,45,45,45,43,43,32,23,44,7,54,56,56,56,56,70,70,68,62,62,58,45,43,43,43,43,5,58,55,34,34,21,48,48,49,49,49,49,49,57,75,75,75,75],"gold":105,"neow_bonus":"RANDOM_COMMON_RELIC","is_prod":false,"is_daily":false,"chose_seed":false,"campfire_upgraded":8,"win_rate":0,"timestamp":1537755027,"path_taken":["M","M","M","$","?","E","R","M","T","R","M","R","?","E","R","BOSS","M","$","?","?","?","R","E","M","T","M","?","M","R","?","R","BOSS","M","M","$","?","?","R","M","$","T","?","$","E","M","M","R","BOSS"],"build_version":"2018-09-20","purchased_purges":3,"victory":true,"max_hp_per_floor":[70,70,70,70,70,70,70,70,70,70,70,70,70,70,70,70,70,70,70,70,70,70,70,70,70,70,70,75,75,75,75,75,75,75,75,75,75,75,75,75,75,75,75,75,75,75,75,75,75,75],"card_choices":[{"not_picked":["Backflip","Tactician"],"picked":"Predator","floor":1},{"not_picked":["Dagger Spray","Endless Agony"],"picked":"Backstab","floor":2},{"not_picked":["PiercingWail","Acrobatics"],"picked":"Infinite Blades","floor":3},{"not_picked":["Dagger Throw","Backstab"],"picked":"Accuracy","floor":6},{"not_picked":["Deflect","Slice"],"picked":"Flying Knee","floor":8},{"not_picked":["Underhanded Strike","Leg Sweep"],"picked":"Noxious Fumes","floor":11},{"not_picked":["PiercingWail","Poisoned Stab"],"picked":"Well Laid Plans","floor":14},{"not_picked":["Grand Finale","Tools of the Trade"],"picked":"Adrenaline","floor":16},{"not_picked":["Underhanded Strike","Dodge and Roll"],"picked":"Noxious Fumes+1","floor":18},{"not_picked":["Escape Plan","Dodge and Roll"],"picked":"Poisoned Stab+1","floor":24},{"not_picked":["Sucker Punch+1","Prepared"],"picked":"Backflip","floor":25},{"not_picked":["Dagger Spray","Heel Hook"],"picked":"Backflip+1","floor":27},{"not_picked":["Masterful Stab","Heel Hook+1","Underhanded Strike"],"picked":"SKIP","floor":29},{"not_picked":["Storm of Steel","Corpse Explosion"],"picked":"After Image","floor":33},{"not_picked":["Finisher","Crippling Poison+1"],"picked":"Blade Dance","floor":35},{"not_picked":["Outmaneuver+1","Dagger Throw+1"],"picked":"Noxious Fumes+1","floor":36},{"not_picked":["Terror+1","Noxious Fumes","Cloak And Dagger"],"picked":"SKIP","floor":41},{"not_picked":["Deflect","Storm of Steel"],"picked":"Caltrops+1","floor":46},{"not_picked":["Cloak And Dagger+1","Quick Slash+1"],"picked":"Blur+1","floor":47},{"not_picked":["Endless Agony+1","Dagger Spray","Infinite Blades+1"],"picked":"SKIP","floor":48}],"player_experience":592956,"relics_obtained":[{"floor":6,"key":"Blood Vial"},{"floor":9,"key":"Vajra"},{"floor":14,"key":"Bag of Preparation"},{"floor":24,"key":"Bottled Tornado"},{"floor":38,"key":"Bird Faced Urn"},{"floor":39,"key":"Calipers"},{"floor":46,"key":"Ginger"}],"event_choices":[{"event_name":"Big Fish","player_choice":"Banana","floor":5,"damage_taken":0},{"event_name":"World of Goop","player_choice":"Gather Gold","floor":13,"damage_taken":0},{"event_name":"The Lab","player_choice":"Got Potions","floor":20,"damage_taken":0},{"event_name":"Back to Basics","player_choice":"Simplicity","floor":21,"damage_taken":0},{"event_name":"The Library","player_choice":"Heal","floor":22,"damage_taken":0},{"event_name":"Forgotten Altar","player_choice":"Shed Blood","floor":28,"damage_taken":0},{"event_name":"Vampires","player_choice":"Became a vampire (Vial)","floor":31,"damage_taken":0},{"event_name":"Mysterious Sphere","player_choice":"Fight","floor":38,"damage_taken":0},{"event_name":"MindBloom","player_choice":"Fight","floor":39,"damage_taken":0},{"event_name":"Tomb of Lord Red Mask","player_choice":"Ignored","floor":44,"damage_taken":0}],"is_beta":false,"boss_relics":[{"not_picked":["Eternal Feather","Runic Pyramid"],"picked":"Cursed Key"},{"not_picked":["Coffee Dripper","Fusion Hammer"],"picked":"Sozu"}],"items_purged_floors":[19,37,42],"is_endless":false,"potions_floor_spawned":[1,2,11,18,24,29,33,36,38,46,47],"ascension_level":11}