{"path_per_floor":["M","M","M","?","?","E","?","R","T","$","E","R","T","$","R","B",null,"M","?","$","?","?","E","M","E","T","R","M","R","$","?","R","B",null,"M","?","?","T","$","E","M","R","T","$","M","?","R","M","R","B"],"character_chosen":"THE_SILENT","items_purchased":["Apotheosis","Footwork","Finesse"],"gold_per_floor":[118,133,148,148,98,132,132,132,208,10,51,51,96,21,21,152,152,170,170,30,30,30,74,93,126,126,126,139,139,39,39,39,162,162,175,175,175,175,50,88,111,111,160,10,23,356,356,367,367,367],"floor_reached":51,"campfire_rested":3,"playtime":4920,"current_hp_per_floor":[70,67,67,50,50,51,39,39,39,39,38,38,38,38,61,60,77,71,71,71,71,55,55,55,51,51,74,74,74,74,74,74,74,74,74,64,64,64,64,64,64,64,70,70,56,56,80,80,80,62],"items_purged":["Regret","Pain","Regret","Doubt"],"gold":367,"play_id":"6366af5f-83e3-4096-9238-10bb25afb4db","is_prod":false,"is_daily":false,"campfire_rituals":0,"campfire_upgraded":6,"is_hardmode":false,"path_taken":["M","M","M","?","?","E","?","R","T","?","E","R","?","$","R","BOSS","M","?","$","?","?","E","M","E","T","R","M","R","$","?","R","BOSS","M","?","?","?","?","E","M","R","T","$","?","?","R","M","R","BOSS"],"build_version":"2018-01-11-PROD2","purchased_purges":4,"victory":true,"master_deck":["Defend_G","Defend_G","Defend_G","Defend_G","Defend_G","Strike_G","Strike_G","Strike_G","Strike_G","Survivor","Neutralize","Dash","Leg Sweep","Acrobatics","Blade Dance","Apotheosis","Quick Slash","After Image","Backflip","Backflip","After Image","Dagger Throw","Acrobatics","Dagger Spray","Footwork","Finesse","Necronomicurse","Riddle With Holes","Predator","Flying Knee","Footwork","Tools of the Trade","Decay","Clumsy","Escape Plan","Madness","Madness","Madness","Malaise","Backflip","Decay","Blade Dance","Noxious Fumes","Outmaneuver"],"max_hp_per_floor":[70,70,70,70,70,77,77,77,77,77,77,77,77,77,77,77,77,77,77,77,77,77,77,77,77,77,77,77,77,77,77,77,77,74,74,74,74,74,74,74,74,74,80,80,80,80,80,80,80,80],"relics":["Cursed Key","Strawberry","Vajra","Ninja Scroll","Thread and Needle","Toxic Egg","Orrery","Necronomicon","Bag of Marbles","Shuriken","Dream Catcher","Astrolabe","Darkstone Periapt","Letter Opener","Anchor"],"campfire_meditates":0,"card_choices":[{"not_picked":["Dodge and Roll","Deflect"],"picked":"Dash"},{"not_picked":["Calculated Gamble","Outmaneuver"],"picked":"Leg Sweep"},{"not_picked":["Deflect","Outmaneuver"],"picked":"Acrobatics"},{"not_picked":["Poisoned Stab","Prepared"],"picked":"Blade Dance"},{"not_picked":["Prepared","Poisoned Stab"],"picked":"Quick Slash"},{"not_picked":["Tactician","Burst"],"picked":"After Image"},{"not_picked":["Dodge and Roll","Malaise"],"picked":"Backflip"},{"not_picked":["Slice","Dagger Spray"],"picked":"Backflip"},{"not_picked":["Dagger Spray","Deflect"],"picked":"After Image"},{"not_picked":["Outmaneuver","Deflect"],"picked":"Dagger Throw"},{"not_picked":["Bane","PiercingWail"],"picked":"Acrobatics"},{"not_picked":["Crippling Poison","Endless Agony"],"picked":"Dagger Spray"},{"not_picked":["Night Terror","Bane"],"picked":"Riddle With Holes"},{"not_picked":["Deflect","Bane"],"picked":"Predator"},{"not_picked":["Bane","Backstab"],"picked":"Flying Knee"},{"not_picked":["Finisher","Outmaneuver"],"picked":"Footwork"},{"not_picked":["After Image","Bullet Time"],"picked":"Tools of the Trade"},{"not_picked":["Deadly Poison","Underhanded Strike"],"picked":"Escape Plan"},{"not_picked":["Bane","Die Die Die"],"picked":"Malaise"},{"not_picked":["Terror","Poisoned Stab"],"picked":"Backflip"},{"not_picked":["Underhanded Strike","Prepared"],"picked":"Blade Dance"},{"not_picked":["Deflect","PiercingWail"],"picked":"Noxious Fumes"},{"not_picked":["Riddle With Holes","Prepared"],"picked":"Outmaneuver"}],"player_experience":143670,"potions_floor_usage":[6,11,16,23,25,40,50,50,50],"damage_taken":[{"damage":0,"enemies":"Blue Slaver","floor":1,"turns":5},{"damage":3,"enemies":"Jaw Worm","floor":2,"turns":3},{"damage":0,"enemies":"Small Slimes","floor":3,"turns":3},{"damage":6,"enemies":"Lagavulin","floor":6,"turns":10},{"damage":1,"enemies":"3 Sentries","floor":11,"turns":4},{"damage":1,"enemies":"Slime Boss","floor":16,"turns":6},{"damage":6,"enemies":"Spheric Guardian","floor":18,"turns":3},{"damage":0,"enemies":"Gremlin Leader","floor":23,"turns":9},{"damage":0,"enemies":"Shell Parasite","floor":24,"turns":2},{"damage":4,"enemies":"Slavers","floor":25,"turns":5},{"damage":0,"enemies":"3 Cultists","floor":28,"turns":2},{"damage":0,"enemies":"Automaton","floor":33,"turns":8},{"damage":0,"enemies":"3 Shapes","floor":35,"turns":5},{"damage":0,"enemies":"Giant Head","floor":40,"turns":11},{"damage":0,"enemies":"3 Darklings","floor":41,"turns":6},{"damage":14,"enemies":"Sphere and 2 Shapes","floor":45,"turns":6},{"damage":0,"enemies":"4 Shapes","floor":48,"turns":5},{"damage":33,"enemies":"Time Eater","floor":50,"turns":13}],"event_choices":[{"event_name":"Golden Idol","player_choice":"Take Damage","floor":4,"damage_taken":0},{"event_name":"The Cleric","player_choice":"Card Removal","floor":5,"damage_taken":0},{"event_name":"Scrap Ooze","player_choice":"success","floor":7,"damage_taken":12},{"event_name":"The Lab","player_choice":"Got Potions","floor":19,"damage_taken":0},{"event_name":"Beggar","player_choice":"Ignored","floor":21,"damage_taken":0},{"event_name":"Cursed Tome","player_choice":"Obtained Book","floor":22,"damage_taken":0},{"event_name":"Drug Dealer","player_choice":"Ignored","floor":31,"damage_taken":0},{"event_name":"Winding Halls","player_choice":"Embrace Madness","floor":36,"damage_taken":0},{"event_name":"Duplicator","player_choice":"One dupe","floor":37,"damage_taken":0},{"event_name":"The Moai Head","player_choice":"Gave Idol","floor":46,"damage_taken":0}],"boss_relics":[{"not_picked":["Lizard Tail","White Beast Statue"],"picked":"Orrery"},{"not_picked":["Black Star","Velvet Choker"],"picked":"Astrolabe"}],"potions_floor_spawned":[2,3,11,16,23,24,25,33,35,41],"seed_played":"-8862540411959176727","is_trial":false}