{"gold_per_floor":[368,368,141,191,44,77,95,95,122,172,185,213,233,252,252,357,357,377,389,36,48,60,60,110,173,173,173,185,205,205,255,255,352,352,371,391,441,491,298,298,314,95,95,113,175,225,26,90,90,90],"floor_reached":51,"playtime":2379,"items_purged":["Strike_G","Strike_G"],"score":686,"play_id":"1f695491-0397-4fa7-b52a-a491ff0831ec","local_time":"20180902232348","is_ascension_mode":false,"campfire_choices":[{"floor":8,"key":"REST"},{"data":"Bouncing Flask","floor":15,"key":"SMITH"},{"data":"Deadly Poison","floor":23,"key":"SMITH"},{"data":"Adrenaline","floor":27,"key":"SMITH"},{"data":"Leg Sweep","floor":30,"key":"SMITH"},{"data":"Deadly Poison","floor":32,"key":"SMITH"},{"data":"Calculated Gamble","floor":40,"key":"SMITH"},{"floor":49,"key":"REST"}],"neow_cost":"TEN_PERCENT_HP_LOSS","seed_source_timestamp":4264459862763,"circlet_count":0,"master_deck":["Defend_G+1","Defend_G+1","Defend_G+1","Defend_G+1","Defend_G+1","Strike_G+1","Strike_G+1","Strike_G+1","Survivor","Neutralize+1","Deadly Poison+1","Backflip","Dagger Throw","Quick Slash","Dodge and Roll","Calculated Gamble+1","Bouncing Flask+1","Adrenaline+1","Terror","Cloak And Dagger","Caltrops","Leg Sweep+1","Deadly Poison+1","Reflex+1","Quick Slash+1","Noxious Fumes","Adrenaline","Blur+1","Flying Knee+1","Poisoned Stab"],"relics":["Ring of the Snake","SsserpentHead","Anchor","Snake Skull","Singing Bowl","Ancient Tea Set","Orichalcum","Sozu","Oddly Smooth Stone","MutagenicStrength","Kunai","WristBlade","Incense Burner","OrangePellets","Frozen Eye","Du-Vu Doll","Bottled Tornado"],"potions_floor_usage":[12,16,16],"damage_taken":[{"damage":1,"enemies":"Jaw Worm","floor":1,"turns":6},{"damage":42,"enemies":"Gremlin Nob","floor":6,"turns":5},{"damage":0,"enemies":"Cultist","floor":7,"turns":4},{"damage":3,"enemies":"Small Slimes","floor":11,"turns":6},{"damage":11,"enemies":"Lagavulin","floor":12,"turns":6},{"damage":0,"enemies":"Blue Slaver","floor":13,"turns":3},{"damage":0,"enemies":"Exordium Wildlife","floor":14,"turns":3},{"damage":3,"enemies":"Hexaghost","floor":16,"turns":6},{"damage":3,"enemies":"Shell Parasite","floor":18,"turns":4},{"damage":0,"enemies":"Chosen","floor":19,"turns":3},{"damage":10,"enemies":"Snecko","floor":21,"turns":4},{"damage":5,"enemies":"Shelled Parasite and Fungi","floor":22,"turns":5},{"damage":0,"enemies":"Sentry and Sphere","floor":25,"turns":3},{"damage":0,"enemies":"Centurion and Healer","floor":28,"turns":5},{"damage":0,"enemies":"Snake Plant","floor":29,"turns":4},{"damage":29,"enemies":"Collector","floor":33,"turns":5},{"damage":0,"enemies":"Orb Walker","floor":35,"turns":3},{"damage":0,"enemies":"3 Shapes","floor":36,"turns":4},{"damage":13,"enemies":"Mind Bloom Boss Battle","floor":38,"turns":5},{"damage":0,"enemies":"Spire Growth","floor":41,"turns":3},{"damage":2,"enemies":"Sphere and 2 Shapes","floor":44,"turns":3},{"damage":3,"enemies":"Maw","floor":45,"turns":6},{"damage":0,"enemies":"Spire Growth","floor":48,"turns":4},{"damage":45,"enemies":"Time Eater","floor":50,"turns":10}],"seed_played":"5142692499752899779","potions_obtained":[{"floor":11,"key":"Dexterity Potion"},{"floor":12,"key":"Regen Potion"},{"floor":13,"key":"Poison Potion"},{"floor":14,"key":"AttackPotion"}],"is_trial":false,"path_per_floor":["M","?","$","?","$","E","M","R","T","?","M","E","M","M","R","B",null,"M","M","$","M","M","R","?","M","T","R","M","M","R","?","R","B",null,"M","M","?","?","$","R","M","$","T","M","M","?","$","M","R","B"],"character_chosen":"THE_SILENT","items_purchased":["Anchor","Snake Skull","Oddly Smooth Stone","Caltrops","Leg Sweep","OrangePellets","Frozen Eye","Poisoned Stab","Bottled Tornado"],"campfire_rested":2,"item_purchase_floors":[3,5,20,20,20,39,42,42,47],"current_hp_per_floor":[62,62,62,62,62,20,20,38,38,38,35,24,24,24,24,21,63,60,60,60,50,45,45,45,45,45,45,45,47,47,47,47,18,65,65,65,67,56,56,56,58,58,58,58,57,57,57,59,73,28],"gold":90,"neow_bonus":"TWO_FIFTY_GOLD","is_prod":false,"is_daily":false,"chose_seed":false,"campfire_upgraded":6,"win_rate":0,"timestamp":1535945028,"path_taken":["M","?","$","?","$","E","M","R","T","?","M","E","M","M","R","BOSS","M","M","$","M","M","R","?","?","T","R","M","M","R","?","R","BOSS","M","M","?","?","$","R","M","$","T","M","?","?","?","?","R","BOSS"],"build_version":"2018-08-30","purchased_purges":2,"victory":true,"max_hp_per_floor":[63,63,63,63,63,63,63,63,63,63,63,63,63,63,63,63,63,63,63,63,63,63,63,63,63,63,63,63,65,65,65,65,65,65,65,65,67,69,69,69,71,71,71,73,75,71,71,73,73,73],"card_choices":[{"not_picked":["Flying Knee","Prepared"],"picked":"Deadly Poison","floor":1},{"not_picked":["Flechettes","Unload"],"picked":"Backflip","floor":6},{"not_picked":["Deadly Poison","Bane"],"picked":"Dagger Throw","floor":7},{"not_picked":["Bane","Riddle With Holes"],"picked":"Quick Slash","floor":11},{"not_picked":["Flechettes","Dagger Throw"],"picked":"Dodge and Roll","floor":12},{"not_picked":["Eviscerate","Underhanded Strike"],"picked":"Calculated Gamble","floor":13},{"not_picked":["Deadly Poison","Venomology"],"picked":"Bouncing Flask","floor":14},{"not_picked":["Storm of Steel","After Image"],"picked":"Adrenaline","floor":16},{"not_picked":["Dagger Spray","Blade Dance"],"picked":"Terror","floor":18},{"not_picked":["Quick Slash","Outmaneuver"],"picked":"Cloak And Dagger","floor":19},{"not_picked":["Dagger Throw","Deflect"],"picked":"Deadly Poison","floor":21},{"not_picked":["Storm of Steel","Prepared"],"picked":"Reflex+1","floor":22},{"not_picked":["Reflex","Slice+1"],"picked":"Quick Slash+1","floor":25},{"not_picked":["Outmaneuver","Setup"],"picked":"Noxious Fumes","floor":28},{"not_picked":["Reflex","Sucker Punch","Slice+1"],"picked":"Singing Bowl","floor":29},{"not_picked":["Night Terror","Grand Finale"],"picked":"Adrenaline","floor":33},{"not_picked":["Blade Dance","Dodge and Roll"],"picked":"Blur+1","floor":35},{"not_picked":["Reflex","Blur+1"],"picked":"Flying Knee+1","floor":36},{"not_picked":["Magnetism","Mind Blast","Panacea"],"picked":"Singing Bowl","floor":37},{"not_picked":["Bouncing Flask","All Out Attack+1","Deflect"],"picked":"Singing Bowl","floor":38},{"not_picked":["Quick Slash+1","Deflect","Prepared"],"picked":"Singing Bowl","floor":41},{"not_picked":["Underhanded Strike","Dagger Spray","Prepared+1"],"picked":"Singing Bowl","floor":44},{"not_picked":["Dagger Spray","Deflect","Venomology"],"picked":"Singing Bowl","floor":45},{"not_picked":["Underhanded Strike","Slice+1","Sucker Punch"],"picked":"Singing Bowl","floor":48}],"player_experience":546965,"relics_obtained":[{"floor":6,"key":"Singing Bowl"},{"floor":9,"key":"Ancient Tea Set"},{"floor":12,"key":"Orichalcum"},{"floor":26,"key":"Kunai"},{"floor":38,"key":"Incense Burner"},{"floor":43,"key":"Du-Vu Doll"}],"event_choices":[{"event_name":"FaceTrader","player_choice":"Trade","floor":2,"damage_taken":0},{"event_name":"Scrap Ooze","player_choice":"unsuccessful","floor":4,"damage_taken":0},{"event_name":"Living Wall","player_choice":"Grow","floor":10,"damage_taken":0},{"event_name":"Drug Dealer","player_choice":"Inject Mutagens","floor":24,"damage_taken":0},{"event_name":"Back to Basics","player_choice":"Simplicity","floor":31,"damage_taken":0},{"event_name":"SensoryStone","player_choice":"Memory 1","floor":37,"damage_taken":0},{"event_name":"MindBloom","player_choice":"Fight","floor":38,"damage_taken":0},{"event_name":"Winding Halls","player_choice":"Max HP","floor":46,"damage_taken":0}],"is_beta":false,"boss_relics":[{"not_picked":["Black Star","Tiny House"],"picked":"Sozu"},{"not_picked":["Snecko Eye","Calling Bell"],"picked":"WristBlade"}],"items_purged_floors":[3,20],"is_endless":false,"potions_floor_spawned":[11,12,13,14,19,22,28,35,41,44],"ascension_level":0}