{"gold_per_floor":[119,119,132,149,166,166,192,192,238,238,238,270,270],"floor_reached":13,"playtime":402,"items_purged":[],"score":116,"play_id":"f74f4d86-8a1a-46a9-b4ae-5b1970742af6","local_time":"20190222000039","is_ascension_mode":true,"campfire_choices":[{"data":"Armaments","floor":6,"key":"SMITH"},{"data":"Juggernaut","floor":8,"key":"SMITH"},{"data":"True Grit","floor":10,"key":"SMITH"}],"neow_cost":"NONE","seed_source_timestamp":409203521596400,"circlet_count":0,"master_deck":["Strike_R+1","Strike_R","Strike_R","Strike_R","Strike_R","Defend_R","Defend_R","Defend_R","Defend_R","Bash","Ghostly Armor","Iron Wave+1","True Grit+1","Armaments+1","Juggernaut+1","Armaments"],"relics":["Lizard Tail","Self Forming Clay","Strawberry","Pen Nib"],"potions_floor_usage":[12],"damage_taken":[{"damage":1,"enemies":"Cultist","floor":1,"turns":4},{"damage":2,"enemies":"Jaw Worm","floor":3,"turns":4},{"damage":7,"enemies":"Small Slimes","floor":4,"turns":4},{"damage":4,"enemies":"3 Louse","floor":5,"turns":6},{"damage":75,"enemies":"Gremlin Nob","floor":7,"turns":7},{"damage":6,"enemies":"3 Sentries","floor":12,"turns":5},{"damage":26,"enemies":"Lots of Slimes","floor":13,"turns":3}],"seed_played":"9000983562358098287","potions_obtained":[{"floor":4,"key":"FearPotion"},{"floor":7,"key":"PowerPotion"},{"floor":12,"key":"Regen Potion"}],"is_trial":false,"path_per_floor":["M","?","M","M","M","R","E","R","T","R","?","E","M"],"character_chosen":"IRONCLAD","items_purchased":[],"campfire_rested":0,"item_purchase_floors":[],"current_hp_per_floor":[79,79,77,70,66,66,40,40,47,47,30,24,0],"gold":270,"neow_bonus":"BOSS_RELIC","is_prod":false,"is_daily":false,"chose_seed":false,"campfire_upgraded":3,"win_rate":0,"timestamp":1550790039,"path_taken":["M","?","M","M","M","R","E","R","T","R","?","E","M"],"build_version":"2019-01-23","purchased_purges":0,"victory":false,"max_hp_per_floor":[80,80,80,80,80,80,80,80,87,87,87,87,87],"card_choices":[{"not_picked":["Sword Boomerang","Hemokinesis"],"picked":"Ghostly Armor","floor":1},{"not_picked":["Cleave","Evolve"],"picked":"Iron Wave","floor":3},{"not_picked":["Perfected Strike","Thunderclap"],"picked":"True Grit","floor":4},{"not_picked":["Shockwave","Power Through"],"picked":"Armaments","floor":5},{"not_picked":["Disarm","Headbutt"],"picked":"Juggernaut","floor":7},{"not_picked":["Heavy Blade","Dropkick"],"picked":"Armaments","floor":12}],"player_experience":341287,"relics_obtained":[{"floor":7,"key":"Self Forming Clay"},{"floor":9,"key":"Strawberry"},{"floor":12,"key":"Pen Nib"}],"event_choices":[{"damage_healed":0,"gold_gain":0,"player_choice":"Ignored","damage_taken":0,"max_hp_gain":0,"max_hp_loss":0,"event_name":"Liars Game","floor":2,"gold_loss":0},{"damage_healed":0,"gold_gain":0,"player_choice":"Entered Light","damage_taken":17,"max_hp_gain":0,"max_hp_loss":0,"event_name":"Shining Light","floor":11,"gold_loss":0,"cards_upgraded":["Strike_R","Iron Wave"]}],"is_beta":false,"boss_relics":[],"items_purged_floors":[],"is_endless":false,"potions_floor_spawned":[4,7,12],"killed_by":"Lots of Slimes","ascension_level":5}