{"path_per_floor":["M","M","M","$","M","R","M","M","T","R","M","?","E","M","R","B",null,"M","?","M","M","$","R"],"character_chosen":"THE_SILENT","items_purchased":["Regen Potion","Pantograph"],"gold_per_floor":[109,127,137,14,25,25,35,48,71,71,81,81,114,130,130,234,234,207,207,225,245,5,5],"floor_reached":24,"campfire_rested":0,"playtime":3093,"current_hp_per_floor":[63,63,61,61,61,61,66,66,66,66,65,65,58,58,58,16,77,68,68,44,44,44,44],"items_purged":["Strike_G"],"gold":5,"play_id":"b5a23853-4bdb-4b95-86cd-ce1d5f46116d","is_prod":false,"is_daily":false,"is_ascension_mode":false,"campfire_upgraded":4,"path_taken":["M","M","M","$","M","R","M","M","T","R","M","?","E","M","R","BOSS","M","?","M","?","$","R","E"],"build_version":"2018-01-25-PROD3","purchased_purges":1,"victory":false,"master_deck":["Defend_G","Defend_G","Defend_G","Defend_G","Defend_G","Strike_G","Strike_G","Strike_G","Survivor","Neutralize+1","Dagger Throw","Acrobatics+1","Malaise","Flying Knee","Leg Sweep","Underhanded Strike","Dagger Throw","Predator","Prepared+1","Burst+1","Reflex","Prepared+1","Skewer+1","Blur"],"max_hp_per_floor":[70,70,70,70,70,70,70,70,70,70,70,70,77,77,77,77,77,77,77,77,77,77,77],"relics":["Ring of the Snake","Singing Bowl","Regal Pillow","Strawberry","Cursed Key","Pantograph"],"card_choices":[{"not_picked":["Sucker Punch","Bane"],"picked":"Dagger Throw"},{"not_picked":["Dash","Dagger Throw"],"picked":"Acrobatics"},{"not_picked":["Outmaneuver","Backflip"],"picked":"Malaise"},{"not_picked":["Quick Slash","Dagger Spray"],"picked":"Flying Knee"},{"not_picked":["Outmaneuver","Sucker Punch"],"picked":"Leg Sweep"},{"not_picked":["Envenom","Distraction"],"picked":"Underhanded Strike"},{"not_picked":["PiercingWail","Sucker Punch"],"picked":"Dagger Throw"},{"not_picked":["Backflip","Malaise"],"picked":"Predator"},{"not_picked":["Bane","Distraction"],"picked":"Prepared"},{"not_picked":["Phantasmal Killer","A Thousand Cuts"],"picked":"Burst"},{"not_picked":["Eviscerate","PiercingWail"],"picked":"Reflex"},{"not_picked":["Concentrate","Infinite Blades"],"picked":"Skewer"},{"not_picked":["Underhanded Strike","Reflex"],"picked":"Blur"}],"player_experience":265992,"potions_floor_usage":[7,11,13,24,24],"damage_taken":[{"damage":7,"enemies":"Jaw Worm","floor":1,"turns":7},{"damage":0,"enemies":"2 Louse","floor":2,"turns":3},{"damage":2,"enemies":"Small Slimes","floor":3,"turns":4},{"damage":0,"enemies":"2 Fungi Beasts","floor":5,"turns":5},{"damage":10,"enemies":"Lots of Slimes","floor":7,"turns":6},{"damage":0,"enemies":"Looter","floor":8,"turns":4},{"damage":1,"enemies":"Gremlin Gang","floor":11,"turns":5},{"damage":14,"enemies":"Lagavulin","floor":13,"turns":5},{"damage":0,"enemies":"2 Fungi Beasts","floor":14,"turns":4},{"damage":42,"enemies":"Slime Boss","floor":16,"turns":20},{"damage":9,"enemies":"2 Thieves","floor":18,"turns":5},{"damage":24,"enemies":"Spheric Guardian","floor":20,"turns":5},{"damage":0,"enemies":"Snecko","floor":21,"turns":5},{"damage":62,"enemies":"Gremlin Leader","floor":24,"turns":12}],"event_choices":[{"event_name":"Living Wall","player_choice":"Forget","floor":12,"damage_taken":0},{"event_name":"Duplicator","player_choice":"One dupe","floor":19,"damage_taken":0}],"boss_relics":[{"not_picked":["Velvet Choker","Orrery"],"picked":"Cursed Key"}],"potions_floor_spawned":[2,7,11,14,21],"seed_played":"-1969694205381566958","killed_by":"Gremlin Leader","ascension_level":0,"is_trial":false}