{"gold_per_floor":[114,61,61,71,21,21,49,65,116,5,5,30,30,50,50,148,148],"floor_reached":17,"playtime":1508,"items_purged":["Defend_G"],"score":161,"play_id":"753367c0-f990-4586-b01e-2d2b0d32f2a5","local_time":"20180929070731","is_ascension_mode":true,"campfire_choices":[{"data":"Escape Plan","floor":6,"key":"SMITH"},{"data":"Calculated Gamble","floor":15,"key":"SMITH"}],"neow_cost":"","seed_source_timestamp":74223221296287,"circlet_count":0,"master_deck":["Defend_G","Defend_G","Defend_G","Defend_G","Strike_G","Strike_G","Strike_G","Strike_G","Survivor","Neutralize+1","Escape Plan+1","Backflip","Blur","Outmaneuver","Footwork","Backflip","Calculated Gamble+1"],"relics":["Ring of the Snake","Vajra","Strawberry","Lantern","Odd Mushroom","White Beast Statue"],"potions_floor_usage":[7,7,7],"damage_taken":[{"damage":0,"enemies":"2 Louse","floor":1,"turns":2},{"damage":0,"enemies":"Cultist","floor":4,"turns":4},{"damage":8,"enemies":"Lagavulin","floor":7,"turns":7},{"damage":0,"enemies":"Small Slimes","floor":8,"turns":5},{"damage":1,"enemies":"The Mushroom Lair","floor":12,"turns":9},{"damage":0,"enemies":"Exordium Wildlife","floor":14,"turns":6},{"damage":27,"enemies":"The Guardian","floor":16,"turns":26}],"seed_played":"-3893497902318229326","potions_obtained":[{"floor":1,"key":"EntropicBrew"},{"floor":7,"key":"Dexterity Potion"},{"floor":8,"key":"Block Potion"},{"floor":14,"key":"GhostInAJar"}],"is_trial":false,"path_per_floor":["M","$","?","M","?","R","E","M","T","$","?","?","$","M","R","B"],"character_chosen":"THE_SILENT","items_purchased":["Backflip","Footwork"],"campfire_rested":0,"item_purchase_floors":[2,10],"current_hp_per_floor":[70,70,70,70,70,70,62,62,69,69,69,68,68,68,68,41,77],"gold":148,"neow_bonus":"","is_prod":false,"is_daily":false,"chose_seed":false,"campfire_upgraded":2,"win_rate":0,"timestamp":1538194051,"path_taken":["M","$","?","M","?","R","E","M","T","$","?","?","?","?","R","BOSS"],"build_version":"2018-09-27","purchased_purges":1,"victory":false,"max_hp_per_floor":[70,70,70,70,70,70,70,70,77,77,77,77,77,77,77,77,77],"card_choices":[{"not_picked":["Infinite Blades","Dagger Throw"],"picked":"Escape Plan","floor":1},{"not_picked":["Predator","Dagger Spray","Tactician"],"picked":"SKIP","floor":4},{"not_picked":["Bullet Time","Sucker Punch"],"picked":"Blur","floor":7},{"not_picked":["Masterful Stab","Dagger Throw"],"picked":"Outmaneuver","floor":8},{"not_picked":["Underhanded Strike","Leg Sweep"],"picked":"Backflip","floor":12},{"not_picked":["Flechettes","Terror"],"picked":"Calculated Gamble","floor":14}],"player_experience":173988,"relics_obtained":[{"floor":7,"key":"Vajra"},{"floor":9,"key":"Strawberry"},{"floor":12,"key":"Odd Mushroom"}],"event_choices":[{"event_name":"Accursed Blacksmith","player_choice":"Forge","floor":3,"damage_taken":0},{"event_name":"The Cleric","player_choice":"Card Removal","floor":5,"damage_taken":0},{"event_name":"Dead Adventurer","player_choice":"Searched \u00272\u0027 times","floor":11,"damage_taken":0},{"event_name":"Mushrooms","player_choice":"Fought Mushrooms","floor":12,"damage_taken":0}],"is_beta":false,"boss_relics":[{"not_picked":["WristBlade","Philosopher\u0027s Stone"],"picked":"White Beast Statue"}],"items_purged_floors":[10],"is_endless":false,"potions_floor_spawned":[1,7,8,14],"ascension_level":1}