{"gold_per_floor":[115,135,152,170,120,155,155,171,171,189,524,2,19,39,39,39],"floor_reached":16,"playtime":816,"items_purged":["Strike_B"],"score":180,"play_id":"f44c5c35-4e38-4a0b-8432-86c1c6a6fd8f","local_time":"20190224163506","is_ascension_mode":true,"campfire_choices":[{"data":"Conserve Battery","floor":7,"key":"SMITH"},{"data":"Zap","floor":15,"key":"SMITH"}],"neow_cost":"NONE","seed_source_timestamp":327395700510933,"circlet_count":0,"master_deck":["AscendersBane","Strike_B","Strike_B","Defend_B","Defend_B","Defend_B","Defend_B","Zap+1","Dualcast","Streamline","Conserve Battery+1","Cold Snap","Chill","Multi-Cast","Cold Snap","Turbo","Self Repair","Chill+1"],"relics":["Cracked Core","Vajra","Mummified Hand","Incense Burner","Old Coin","Frozen Eye","Toxic Egg 2"],"potions_floor_usage":[6,11,11,16,16],"damage_taken":[{"damage":7,"enemies":"Jaw Worm","floor":1,"turns":3},{"damage":0,"enemies":"2 Louse","floor":2,"turns":2},{"damage":5,"enemies":"Small Slimes","floor":3,"turns":3},{"damage":1,"enemies":"Looter","floor":4,"turns":3},{"damage":19,"enemies":"Gremlin Nob","floor":6,"turns":4},{"damage":8,"enemies":"Large Slime","floor":8,"turns":5},{"damage":2,"enemies":"Red Slaver","floor":10,"turns":4},{"damage":9,"enemies":"Lagavulin","floor":11,"turns":8},{"damage":0,"enemies":"2 Fungi Beasts","floor":13,"turns":3},{"damage":8,"enemies":"Blue Slaver","floor":14,"turns":4},{"damage":17,"enemies":"Hexaghost","floor":16,"turns":9}],"seed_played":"-4647193146060076226","potions_obtained":[{"floor":2,"key":"SkillPotion"},{"floor":6,"key":"Poison Potion"},{"floor":8,"key":"SkillPotion"},{"floor":13,"key":"SteroidPotion"},{"floor":14,"key":"FearPotion"}],"is_trial":false,"path_per_floor":["M","M","M","M","?","E","R","M","T","M","E","$","M","M","R","B"],"character_chosen":"DEFECT","items_purchased":["Frozen Eye","Toxic Egg 2"],"campfire_rested":0,"item_purchase_floors":[12,12],"current_hp_per_floor":[61,61,56,55,55,36,36,28,28,26,17,17,17,16,16,0],"gold":39,"neow_bonus":"RANDOM_COMMON_RELIC","is_prod":false,"is_daily":false,"chose_seed":false,"campfire_upgraded":2,"win_rate":0,"timestamp":1551044106,"path_taken":["M","M","M","M","?","E","R","M","T","M","E","$","M","M","R","BOSS"],"build_version":"2019-01-23","purchased_purges":1,"victory":false,"max_hp_per_floor":[75,75,75,75,75,75,75,75,75,75,75,75,75,75,75,75],"card_choices":[{"not_picked":["Steam","Force Field"],"picked":"Streamline","floor":1},{"not_picked":["Storm","Cold Snap"],"picked":"Conserve Battery","floor":2},{"not_picked":["Turbo","Barrage"],"picked":"Cold Snap","floor":3},{"not_picked":["Ball Lightning","Gash"],"picked":"Chill","floor":4},{"not_picked":["Streamline","Leap"],"picked":"Multi-Cast","floor":6},{"not_picked":["Conserve Battery","Leap"],"picked":"Cold Snap","floor":8},{"not_picked":["Lockon","Fusion","Rebound"],"picked":"SKIP","floor":10},{"not_picked":["Leap","Reprogram"],"picked":"Turbo","floor":11},{"not_picked":["Compile Driver","Storm"],"picked":"Self Repair","floor":13},{"not_picked":["Ball Lightning","Loop"],"picked":"Chill+1","floor":14}],"player_experience":717313,"relics_obtained":[{"floor":6,"key":"Mummified Hand"},{"floor":9,"key":"Incense Burner"},{"floor":11,"key":"Old Coin"}],"event_choices":[{"cards_removed":["Strike_B"],"damage_healed":0,"gold_gain":0,"player_choice":"Card Removal","damage_taken":0,"max_hp_gain":0,"max_hp_loss":0,"event_name":"The Cleric","floor":5,"gold_loss":50}],"is_beta":false,"boss_relics":[],"items_purged_floors":[12],"is_endless":false,"potions_floor_spawned":[2,6,8,13,14],"killed_by":"Hexaghost","ascension_level":11}