{"gold_per_floor":[117,117,117,134,144,144,178,178,178,239,239,253,271,286,286,387,387,406,51,11,11,30,30,30],"floor_reached":24,"playtime":1058,"items_purged":[],"score":245,"play_id":"286d1276-eb9d-4a72-8352-1f2a02c4d869","local_time":"20190222210511","is_ascension_mode":true,"campfire_choices":[{"data":"Armaments","floor":6,"key":"SMITH"},{"data":"Entrench","floor":11,"key":"SMITH"},{"floor":15,"key":"REST"},{"data":"Discovery","floor":23,"key":"SMITH"}],"neow_cost":"NONE","seed_source_timestamp":484420739479500,"circlet_count":0,"master_deck":["Strike_R","Strike_R","Strike_R","Defend_R","Defend_R","Defend_R","Defend_R","Bash","Thunderclap","Entrench+1","Armaments+1","Flame Barrier","Iron Wave","Perfected Strike","True Grit","Juggernaut","Fiend Fire+1","Metallicize","Seeing Red","Discovery+1","Shrug It Off"],"relics":["Burning Blood","NeowsBlessing","Charon\u0027s Ashes","Potion Belt","SsserpentHead","The Courier","Philosopher\u0027s Stone","Turnip"],"potions_floor_usage":[12,16,16,24],"damage_taken":[{"damage":0,"enemies":"Jaw Worm","floor":1,"turns":1},{"damage":0,"enemies":"2 Louse","floor":4,"turns":1},{"damage":0,"enemies":"Cultist","floor":5,"turns":1},{"damage":55,"enemies":"Gremlin Nob","floor":7,"turns":6},{"damage":4,"enemies":"Large Slime","floor":10,"turns":10},{"damage":31,"enemies":"Gremlin Gang","floor":12,"turns":7},{"damage":3,"enemies":"Blue Slaver","floor":13,"turns":5},{"damage":41,"enemies":"The Guardian","floor":16,"turns":13},{"damage":5,"enemies":"Chosen","floor":18,"turns":5},{"damage":0,"enemies":"Spheric Guardian","floor":22,"turns":4},{"damage":81,"enemies":"Gremlin Leader","floor":24,"turns":6}],"seed_played":"-3747347875344895642","potions_obtained":[{"floor":4,"key":"Regen Potion"},{"floor":5,"key":"Ancient Potion"},{"floor":7,"key":"LiquidBronze"},{"floor":12,"key":"AttackPotion"},{"floor":18,"key":"SteroidPotion"}],"is_trial":false,"path_per_floor":["M","?","?","M","M","R","E","?","T","M","R","M","M","?","R","B",null,"M","$","?","$","M","R","E"],"character_chosen":"IRONCLAD","items_purchased":["Turnip","Seeing Red","Discovery"],"campfire_rested":1,"item_purchase_floors":[19,19,19],"current_hp_per_floor":[80,62,62,68,74,74,25,25,25,27,27,14,17,37,61,26,67,68,68,68,68,74,74,0],"gold":30,"neow_bonus":"THREE_ENEMY_KILL","is_prod":false,"is_daily":false,"chose_seed":false,"campfire_upgraded":3,"win_rate":0,"timestamp":1550865911,"path_taken":["M","?","?","M","?","R","E","?","T","?","R","M","M","?","R","BOSS","M","$","?","$","M","R","E"],"build_version":"2019-01-23","purchased_purges":0,"victory":false,"max_hp_per_floor":[80,80,80,80,80,80,80,80,80,80,80,80,80,80,80,80,80,80,80,80,80,80,80,80],"card_choices":[{"not_picked":["Warcry","Seeing Red"],"picked":"Thunderclap","floor":1},{"not_picked":["Headbutt","Heavy Blade"],"picked":"Armaments","floor":4},{"not_picked":["Disarm","Carnage"],"picked":"Flame Barrier","floor":5},{"not_picked":["Twin Strike","Feel No Pain"],"picked":"Iron Wave","floor":7},{"not_picked":["Evolve","Searing Blow"],"picked":"Perfected Strike","floor":10},{"not_picked":["Heavy Blade","Flex"],"picked":"True Grit","floor":12},{"not_picked":["Carnage","Clash"],"picked":"Juggernaut","floor":13},{"not_picked":["Dark Embrace","Immolate"],"picked":"Fiend Fire","floor":16},{"not_picked":["Havoc+1","Heavy Blade+1"],"picked":"Metallicize","floor":18},{"not_picked":["True Grit","Wild Strike"],"picked":"Shrug It Off","floor":22}],"player_experience":341689,"relics_obtained":[{"floor":7,"key":"Potion Belt"},{"floor":9,"key":"The Courier"}],"event_choices":[{"damage_healed":0,"gold_gain":0,"player_choice":"Success","damage_taken":18,"relics_obtained":["Charon\u0027s Ashes"],"max_hp_gain":0,"max_hp_loss":0,"event_name":"Scrap Ooze","floor":2,"gold_loss":0},{"damage_healed":0,"gold_gain":0,"cards_transformed":["Strike_R"],"player_choice":"Transformed","damage_taken":0,"max_hp_gain":0,"max_hp_loss":0,"event_name":"Transmorgrifier","floor":3,"gold_loss":0,"cards_obtained":["Entrench"]},{"damage_healed":0,"gold_gain":0,"player_choice":"Trade","damage_taken":0,"relics_obtained":["SsserpentHead"],"max_hp_gain":0,"max_hp_loss":0,"event_name":"FaceTrader","floor":8,"gold_loss":0},{"damage_healed":20,"gold_gain":0,"player_choice":"Healed","damage_taken":0,"max_hp_gain":0,"max_hp_loss":0,"event_name":"The Cleric","floor":14,"gold_loss":35},{"cards_removed":["Strike_R"],"damage_healed":0,"gold_gain":0,"player_choice":"Upgrade and Remove","damage_taken":0,"max_hp_gain":0,"max_hp_loss":0,"event_name":"Designer","floor":20,"gold_loss":90,"cards_upgraded":["Fiend Fire"]}],"is_beta":false,"boss_relics":[{"not_picked":["Mark of Pain","Astrolabe"],"picked":"Philosopher\u0027s Stone"}],"items_purged_floors":[],"is_endless":false,"potions_floor_spawned":[4,5,7,12,18],"killed_by":"Gremlin Leader","ascension_level":5}