{"gold_per_floor":[219,219,219,219,148,148,164,164,164,180,199,227,227,96,96,196,196,196,196,23,23,23,23,23,23,23,23,23,23],"floor_reached":29,"playtime":2297,"items_purged":[],"score":277,"play_id":"c3a08ecd-4198-4479-82ff-9bf5a8d7999a","local_time":"20181107222545","is_ascension_mode":true,"campfire_choices":[{"data":"Noxious Fumes","floor":6,"key":"SMITH"},{"data":"Cloak And Dagger","floor":8,"key":"SMITH"},{"floor":13,"key":"REST"},{"data":"Infinite Blades","floor":15,"key":"SMITH"},{"data":"A Thousand Cuts","floor":23,"key":"SMITH"},{"floor":25,"key":"REST"}],"neow_cost":"NONE","seed_source_timestamp":1664048567730157,"circlet_count":0,"master_deck":["Defend_G","Defend_G","Defend_G","Defend_G","Defend_G","Strike_G","Strike_G","Strike_G","Strike_G","Survivor","Neutralize","Caltrops+1","Noxious Fumes+1","Cloak And Dagger+1","Poisoned Stab","Infinite Blades+1","Bouncing Flask","Well Laid Plans","PiercingWail","A Thousand Cuts+1","Quick Slash","Accuracy","Backstab","Deadly Poison","Flying Knee","Poisoned Stab+1"],"relics":["Ring of the Snake","Ancient Tea Set","Gremlin Horn","WingedGreaves","Ectoplasm","Centennial Puzzle","Bag of Preparation","Toxic Egg 2"],"potions_floor_usage":[16,24,29],"damage_taken":[{"damage":4,"enemies":"Cultist","floor":1,"turns":5},{"damage":2,"enemies":"Jaw Worm","floor":7,"turns":4},{"damage":0,"enemies":"Small Slimes","floor":10,"turns":3},{"damage":8,"enemies":"Exordium Thugs","floor":11,"turns":4},{"damage":15,"enemies":"3 Sentries","floor":12,"turns":6},{"damage":26,"enemies":"The Guardian","floor":16,"turns":8},{"damage":0,"enemies":"3 Byrds","floor":18,"turns":4},{"damage":20,"enemies":"Shell Parasite","floor":21,"turns":5},{"damage":38,"enemies":"Book of Stabbing","floor":24,"turns":5},{"damage":3,"enemies":"Chosen and Byrds","floor":27,"turns":4},{"damage":4,"enemies":"3 Cultists","floor":28,"turns":5},{"damage":44,"enemies":"Snecko","floor":29,"turns":4}],"seed_played":"-2045571641854114268","potions_obtained":[{"floor":1,"key":"Strength Potion"},{"floor":7,"key":"Energy Potion"},{"floor":21,"key":"PowerPotion"},{"floor":27,"key":"Ancient Potion"},{"floor":28,"key":"Fire Potion"}],"is_trial":false,"path_per_floor":["M","?","?","?","$","R","M","R","T","M","M","E","R","$","R","B",null,"M","?","$","M","T","R","E","R","T","M","M","M"],"character_chosen":"THE_SILENT","items_purchased":["Noxious Fumes","Well Laid Plans","PiercingWail","Accuracy","Backstab","Deadly Poison"],"campfire_rested":2,"item_purchase_floors":[5,14,14,20,20,20],"current_hp_per_floor":[66,59,59,59,59,59,57,57,57,57,49,34,55,55,55,29,70,70,70,70,50,50,50,12,33,33,30,26,0],"gold":23,"neow_bonus":"HUNDRED_GOLD","is_prod":false,"is_daily":false,"chose_seed":false,"campfire_upgraded":4,"win_rate":0,"timestamp":1541647545,"path_taken":["M","?","?","?","$","R","M","R","T","M","M","E","R","$","R","BOSS","M","?","$","M","?","R","E","R","T","M","M","M"],"build_version":"2018-11-01","purchased_purges":0,"victory":false,"max_hp_per_floor":[70,70,70,70,70,70,70,70,70,70,70,70,70,70,70,70,70,70,70,70,70,70,70,70,70,70,70,70,70],"card_choices":[{"not_picked":["Deflect","Bane"],"picked":"Caltrops","floor":1},{"not_picked":["Backflip","Slice"],"picked":"Cloak And Dagger","floor":7},{"not_picked":["Deflect","Backflip"],"picked":"Poisoned Stab","floor":10},{"not_picked":["Deadly Poison","Underhanded Strike"],"picked":"Infinite Blades","floor":11},{"not_picked":["Terror","Malaise"],"picked":"Bouncing Flask","floor":12},{"not_picked":["Wraith Form v2","Bullet Time"],"picked":"A Thousand Cuts","floor":16},{"not_picked":["Expertise","Endless Agony"],"picked":"Quick Slash","floor":18},{"not_picked":["Underhanded Strike","Dagger Throw","Tools of the Trade"],"picked":"SKIP","floor":21},{"not_picked":["Prepared","Masterful Stab"],"picked":"Flying Knee","floor":24},{"not_picked":["Well Laid Plans","Flying Knee"],"picked":"Poisoned Stab+1","floor":27},{"not_picked":["Quick Slash","Dagger Throw","Flying Knee"],"picked":"SKIP","floor":28}],"player_experience":1092190,"relics_obtained":[{"floor":9,"key":"Gremlin Horn"},{"floor":12,"key":"WingedGreaves"},{"floor":22,"key":"Centennial Puzzle"},{"floor":24,"key":"Bag of Preparation"},{"floor":26,"key":"Toxic Egg 2"}],"event_choices":[{"cards_removed":["Strike_G"],"damage_healed":0,"gold_gain":0,"player_choice":"Card Removal","damage_taken":7,"max_hp_gain":0,"max_hp_loss":0,"event_name":"Golden Wing","floor":2,"gold_loss":0},{"damage_healed":0,"gold_gain":0,"player_choice":"Grow","damage_taken":0,"max_hp_gain":0,"max_hp_loss":0,"event_name":"Living Wall","floor":3,"gold_loss":0,"cards_upgraded":["Caltrops"]},{"damage_healed":0,"gold_gain":0,"player_choice":"Gave Potion","damage_taken":0,"relics_obtained":["Ancient Tea Set"],"max_hp_gain":0,"max_hp_loss":0,"event_name":"WeMeetAgain","floor":4,"gold_loss":0},{"damage_healed":0,"gold_gain":0,"player_choice":"Ignored","damage_taken":0,"max_hp_gain":0,"max_hp_loss":0,"event_name":"The Mausoleum","floor":19,"gold_loss":0}],"is_beta":false,"boss_relics":[{"not_picked":["Coffee Dripper","White Beast Statue"],"picked":"Ectoplasm"}],"items_purged_floors":[],"is_endless":false,"potions_floor_spawned":[1,7,21,27,28],"killed_by":"Snecko","ascension_level":3}