{"path_per_floor":["M","?","M","M","M","R","E","R","T","?","M","?","R","$","R"],"character_chosen":"IRONCLAD","items_purchased":["Tiny Chest"],"gold_per_floor":[110,185,198,210,225,225,225,225,276,241,256,256,256,55,55,55],"floor_reached":16,"campfire_rested":1,"playtime":517,"current_hp_per_floor":[66,55,53,55,40,40,7,31,31,51,42,80,80,80,80,0],"items_purged":["Strike_R"],"gold":55,"score":125,"play_id":"22f33b18-a6cb-43bc-98c4-36ddf3dc58ba","local_time":"20180515145545","is_prod":false,"is_daily":false,"chose_seed":false,"is_ascension_mode":true,"campfire_upgraded":3,"timestamp":1526410545,"path_taken":["M","?","M","M","M","R","E","R","T","?","?","?","R","$","R","BOSS"],"build_version":"2018-05-14v2","seed_source_timestamp":553314781228728,"purchased_purges":1,"victory":false,"master_deck":["Strike_R","Strike_R","Strike_R","Defend_R","Defend_R","Defend_R","Defend_R","Bash+1","Cleave+1","Shrug It Off","Whirlwind+1"],"max_hp_per_floor":[80,80,80,80,80,80,80,80,80,80,80,80,80,80,80,80],"relics":["Burning Blood","Potion Belt","Tiny Chest"],"card_choices":[{"not_picked":["Hemokinesis","Perfected Strike"],"picked":"Cleave","floor":1},{"not_picked":["Anger","Armaments","Twin Strike"],"picked":"SKIP","floor":3},{"not_picked":["Hemokinesis","Fiend Fire"],"picked":"Shrug It Off","floor":4},{"not_picked":["Anger","Sword Boomerang"],"picked":"Whirlwind","floor":5},{"not_picked":["Warcry","Thunderclap"],"picked":"Disarm","floor":11}],"player_experience":143106,"potions_floor_usage":[7,7,16],"damage_taken":[{"damage":20,"enemies":"Small Slimes","floor":1,"turns":3},{"damage":8,"enemies":"Jaw Worm","floor":3,"turns":4},{"damage":4,"enemies":"2 Louse","floor":4,"turns":2},{"damage":21,"enemies":"Lots of Slimes","floor":5,"turns":4},{"damage":39,"enemies":"Lagavulin","floor":7,"turns":7},{"damage":15,"enemies":"Large Slime","floor":11,"turns":6},{"damage":81,"enemies":"Hexaghost","floor":16,"turns":10}],"relics_obtained":[{"floor":9,"key":"Potion Belt"}],"event_choices":[{"event_name":"World of Goop","player_choice":"Gather Gold","floor":2,"damage_taken":0},{"event_name":"The Cleric","player_choice":"Healed","floor":10,"damage_taken":0},{"event_name":"Bonfire Elementals","player_choice":"UNCOMMON","floor":12,"damage_taken":0}],"boss_relics":[],"potions_floor_spawned":[1,5,11],"seed_played":"8359914672419664856","killed_by":"Hexaghost","ascension_level":5,"potions_obtained":[{"floor":1,"key":"SmokeBomb"},{"floor":5,"key":"Energy Potion"},{"floor":11,"key":"GamblersBrew"}],"is_trial":false}