{"gold_per_floor":[114,125,125,141,152,183,183,183,183,201,201,276,276,296,296,393,393,424,448,460,491,418,430,469,493,505,517,529,572,599,626,638,751,763,794,817,829,861,888,900,912,936,948,627,643,10,10,23,23,23],"floor_reached":51,"playtime":7967,"items_purged":["Doubt","Decay"],"score":823,"play_id":"754edf59-728a-446b-b772-91b96cad9c39","local_time":"20190127092604","is_ascension_mode":false,"campfire_choices":[{"floor":7.0,"key":"REST"},{"data":"Metallicize","floor":11.0,"key":"SMITH"},{"data":"Feed","floor":13.0,"key":"SMITH"},{"data":"Bash","floor":15.0,"key":"SMITH"},{"floor":23.0,"key":"REST"},{"floor":27.0,"key":"REST"},{"floor":32.0,"key":"REST"},{"floor":40.0,"key":"REST"},{"floor":49,"key":"REST"}],"neow_cost":"PERCENT_DAMAGE","seed_source_timestamp":0,"circlet_count":0,"master_deck":["Strike_R","Strike_R","Strike_R","Defend_R","Defend_R+1","Defend_R","Defend_R","Bash+1","Iron Wave","Battle Trance+1","Power Through","Feed+1","Reckless Charge","Pommel Strike","Metallicize+1","Shrug It Off","Juggernaut","Clumsy","Whirlwind+1","Limit Break","Anger+1","Inflame+1","Rampage+1","Pommel Strike+1","Warcry+1","Writhe","Entrench+1","Flex+1","Pommel Strike+1","Body Slam+1","Warcry+1","Iron Wave+1","Demon Form","Iron Wave+1","Iron Wave+1","Body Slam+1","Cleave+1","Madness+1","Madness+1","Impervious+1","Shrug It Off+1","Spot Weakness+1","Pommel Strike+1","Anger+1","Clash+1","Shrug It Off+1","Rage+1","Dramatic Entrance+1","Anger+1","Power Through+1","Headbutt+1","Shrug It Off+1","Dual Wield+1","Panacea+1","Whirlwind+1","Juggernaut","Power Through+1","Impervious+1","Flex+1"],"special_seed":0,"relics":["Burning Blood","Dream Catcher","War Paint","Calling Bell","MawBank","Molten Egg 2","Charon\u0027s Ashes","MutagenicStrength","Darkstone Periapt","Toxic Egg 2","Dodecahedron","Prayer Wheel","Red Mask","Lizard Tail","Regal Pillow","Mercury Hourglass","Brimstone"],"potions_floor_usage":[50,50],"damage_taken":[{"damage":1.0,"enemies":"Jaw Worm","floor":1.0,"turns":3.0},{"damage":0.0,"enemies":"Small Slimes","floor":2.0,"turns":3.0},{"damage":1.0,"enemies":"Cultist","floor":4.0,"turns":3.0},{"damage":4.0,"enemies":"Blue Slaver","floor":5.0,"turns":6.0},{"damage":30.0,"enemies":"Lagavulin","floor":6.0,"turns":11.0},{"damage":0.0,"enemies":"Exordium Thugs","floor":10.0,"turns":5.0},{"damage":0.0,"enemies":"2 Fungi Beasts","floor":14.0,"turns":4.0},{"damage":43.0,"enemies":"Slime Boss","floor":16.0,"turns":17.0},{"damage":26.0,"enemies":"3 Byrds","floor":18.0,"turns":5.0},{"damage":16.0,"enemies":"Shell Parasite","floor":19.0,"turns":7.0},{"damage":34.0,"enemies":"Snake Plant","floor":21.0,"turns":5.0},{"damage":28.0,"enemies":"Book of Stabbing","floor":24.0,"turns":4.0},{"damage":41.0,"enemies":"Snecko","floor":25.0,"turns":8.0},{"damage":14.0,"enemies":"Masked Bandits","floor":29.0,"turns":4.0},{"damage":25.0,"enemies":"Centurion and Healer","floor":30.0,"turns":4.0},{"damage":18.0,"enemies":"Shelled Parasite and Fungi","floor":31.0,"turns":7.0},{"damage":47.0,"enemies":"Collector","floor":33.0,"turns":7.0},{"damage":0.0,"enemies":"3 Darklings","floor":35.0,"turns":1.0},{"damage":14.0,"enemies":"3 Shapes","floor":36.0,"turns":5.0},{"damage":36.0,"enemies":"Transient","floor":38.0,"turns":5.0},{"damage":34.0,"enemies":"Sphere and 2 Shapes","floor":39.0,"turns":6.0},{"damage":19.0,"enemies":"Jaw Worm Horde","floor":42.0,"turns":6.0},{"damage":2,"enemies":"4 Shapes","floor":45,"turns":3},{"damage":14,"enemies":"Spire Growth","floor":48,"turns":3},{"damage":88,"enemies":"Time Eater","floor":50,"turns":7}],"seed_played":"-1423446801969456131","potions_obtained":[{"floor":2.0,"key":"Fire Potion"},{"floor":5.0,"key":"Weak Potion"},{"floor":14.0,"key":"Poison Potion"},{"floor":16.0,"key":"AttackPotion"},{"floor":18.0,"key":"SteroidPotion"},{"floor":19.0,"key":"Swift Potion"},{"floor":30.0,"key":"Block Potion"},{"floor":31.0,"key":"Energy Potion"},{"floor":33.0,"key":"AttackPotion"},{"floor":39.0,"key":"FearPotion"},{"floor":48,"key":"LiquidBronze"}],"is_trial":false,"path_per_floor":["M","M","?","M","M","E","R","?","T","M","R","?","R","M","R","B",null,"M","M","?","M","?","R","E","M","T","R","?","?","M","M","R","B",null,"M","M","?","M","M","R","T","M","T","$","M","$","?","M","R","B",null],"character_chosen":"IRONCLAD","items_purchased":["Rage+1","Dramatic Entrance+1","Anger+1","Power Through+1","Dual Wield+1","Brimstone","FairyPotion","Panacea+1","Whirlwind+1"],"campfire_rested":6,"item_purchase_floors":[44,44,44,44,46,46,46,46,46],"current_hp_per_floor":[77,83,76,81,83,59,87,87,87,96,96,85,85,95,95,58,103,87,77,77,49,49,81,59,24,24,56,62,58,43,31,67,26,121,121,117,101,71,43,80,80,67,67,67,75,75,75,67,120,38],"gold":23,"neow_bonus":"TWENTY_PERCENT_HP_BONUS","is_prod":false,"is_daily":false,"chose_seed":false,"campfire_upgraded":3,"win_rate":0.0,"timestamp":1548609964,"path_taken":["M","M","?","M","M","E","R","?","T","?","R","?","R","M","R","BOSS","M","M","?","M","?","R","E","?","T","R","?","?","M","M","R","BOSS","M","M","?","M","M","R","?","M","T","$","M","$","?","M","R","BOSS"],"build_version":"2019-01-23","purchased_purges":2,"victory":true,"max_hp_per_floor":[96,96,96,96,96,96,96,96,96,99,99,99,99,103,103,103,103,107,107,107,107,107,107,107,107,107,107,113,117,121,121,121,121,121,121,125,125,125,125,125,125,125,125,125,129,129,129,129,129,129],"card_choices":[{"not_picked":["Heavy Blade","Second Wind"],"picked":"Iron Wave","floor":1.0},{"not_picked":["True Grit","Shrug It Off"],"picked":"Battle Trance","floor":2.0},{"not_picked":["Warcry","Pummel"],"picked":"Power Through","floor":4.0},{"not_picked":["Wild Strike","Infernal Blade"],"picked":"Feed","floor":5.0},{"not_picked":["True Grit","Pummel"],"picked":"Reckless Charge","floor":6.0},{"not_picked":["Sever Soul","Rupture"],"picked":"Pommel Strike","floor":7.0},{"not_picked":["Clash","Body Slam"],"picked":"Metallicize","floor":10.0},{"not_picked":["Rupture","Armaments"],"picked":"Shrug It Off","floor":14.0},{"not_picked":["Impervious","Double Tap"],"picked":"Juggernaut","floor":16.0},{"not_picked":["Armaments","Sword Boomerang+1"],"picked":"Whirlwind+1","floor":18.0},{"not_picked":["Disarm","True Grit"],"picked":"Limit Break","floor":19.0},{"not_picked":["Twin Strike+1","Carnage+1"],"picked":"Anger+1","floor":21.0},{"not_picked":["Sentinel","Perfected Strike+1"],"picked":"Inflame+1","floor":23.0},{"not_picked":["Second Wind","Power Through"],"picked":"Rampage+1","floor":24.0},{"not_picked":["Disarm+1","True Grit+1"],"picked":"Pommel Strike+1","floor":25.0},{"not_picked":["Rage+1","Armaments+1"],"picked":"Warcry+1","floor":27.0},{"not_picked":["Seeing Red+1","Clothesline+1"],"picked":"Entrench+1","floor":29.0},{"not_picked":["Ghostly Armor+1","Headbutt+1"],"picked":"Flex+1","floor":30.0},{"not_picked":["Heavy Blade+1","Fiend Fire+1"],"picked":"Pommel Strike+1","floor":30.0},{"not_picked":["Clash+1","Headbutt+1"],"picked":"Body Slam+1","floor":31.0},{"not_picked":["True Grit+1","Reckless Charge+1"],"picked":"Warcry+1","floor":31.0},{"not_picked":["Dropkick+1","Burning Pact+1"],"picked":"Iron Wave+1","floor":32.0},{"not_picked":["Bludgeon+1","Offering+1"],"picked":"Demon Form","floor":33.0},{"not_picked":["Body Slam+1","Thunderclap+1"],"picked":"Iron Wave+1","floor":35.0},{"not_picked":["Heavy Blade+1","Clothesline+1"],"picked":"Iron Wave+1","floor":35.0},{"not_picked":["Shrug It Off+1","Perfected Strike+1"],"picked":"Body Slam+1","floor":36.0},{"not_picked":["True Grit+1","Sword Boomerang+1"],"picked":"Cleave+1","floor":36.0},{"not_picked":["Sword Boomerang+1","Thunderclap+1"],"picked":"Impervious+1","floor":38.0},{"not_picked":["Thunderclap+1","Rampage+1"],"picked":"Shrug It Off+1","floor":38.0},{"not_picked":["Flex+1","Metallicize+1"],"picked":"Spot Weakness+1","floor":39.0},{"not_picked":["Feel No Pain","Wild Strike+1"],"picked":"Pommel Strike+1","floor":39.0},{"not_picked":["Fiend Fire+1","Iron Wave+1"],"picked":"Anger+1","floor":40.0},{"not_picked":["Second Wind+1","Thunderclap+1"],"picked":"Clash+1","floor":42.0},{"not_picked":["Thunderclap+1","Ghostly Armor+1"],"picked":"Shrug It Off+1","floor":42.0},{"not_picked":["Iron Wave+1","Rampage+1"],"picked":"Headbutt+1","floor":45},{"not_picked":["Intimidate+1","Pommel Strike+1"],"picked":"Shrug It Off+1","floor":45},{"not_picked":["Clothesline+1","Evolve+1"],"picked":"Power Through+1","floor":48},{"not_picked":["Warcry+1","Thunderclap+1"],"picked":"Impervious+1","floor":48},{"not_picked":["Clothesline+1","Rupture+1"],"picked":"Flex+1","floor":49}],"player_experience":67249,"relics_obtained":[{"floor":6.0,"key":"Dream Catcher"},{"floor":9.0,"key":"War Paint"},{"floor":17.0,"key":"MawBank"},{"floor":17.0,"key":"Molten Egg 2"},{"floor":17.0,"key":"Charon\u0027s Ashes"},{"floor":24.0,"key":"Toxic Egg 2"},{"floor":26.0,"key":"Dodecahedron"},{"floor":29.0,"key":"Red Mask"},{"floor":41.0,"key":"Regal Pillow"},{"floor":43,"key":"Mercury Hourglass"}],"event_choices":[{"cards_removed":["Strike_R"],"damage_healed":0.0,"max_hp_gain":0.0,"max_hp_loss":0.0,"gold_gain":0.0,"event_name":"Golden Wing","player_choice":"Card Removal","floor":3.0,"gold_loss":0.0,"damage_taken":7.0},{"cards_removed":["Strike_R"],"damage_healed":0.0,"max_hp_gain":0.0,"max_hp_loss":0.0,"gold_gain":0.0,"event_name":"Wheel of Change","player_choice":"Card Removal","floor":8.0,"gold_loss":0.0,"damage_taken":0.0},{"damage_healed":0.0,"max_hp_gain":0.0,"max_hp_loss":0.0,"gold_gain":75.0,"event_name":"World of Goop","player_choice":"Gather Gold","floor":12.0,"gold_loss":0.0,"damage_taken":11.0},{"damage_healed":0.0,"max_hp_gain":0.0,"max_hp_loss":0.0,"gold_gain":0.0,"event_name":"Drug Dealer","player_choice":"Inject Mutagens","floor":20.0,"gold_loss":0.0,"damage_taken":0.0,"relics_obtained":["MutagenicStrength"]},{"damage_healed":0.0,"max_hp_gain":0.0,"max_hp_loss":0.0,"gold_gain":0.0,"event_name":"Addict","player_choice":"Obtained Relic","floor":22.0,"gold_loss":85.0,"damage_taken":0.0,"relics_obtained":["Darkstone Periapt"]},{"damage_healed":0.0,"max_hp_gain":0.0,"max_hp_loss":0.0,"gold_gain":0.0,"event_name":"The Mausoleum","player_choice":"Opened","floor":28.0,"gold_loss":0.0,"damage_taken":0.0,"relics_obtained":["Prayer Wheel"],"cards_obtained":["Writhe"]},{"damage_healed":0.0,"max_hp_gain":0.0,"max_hp_loss":0.0,"gold_gain":0.0,"event_name":"Masked Bandits","player_choice":"Fought Bandits","floor":29.0,"gold_loss":0.0,"damage_taken":0.0},{"damage_healed":0.0,"max_hp_gain":0.0,"max_hp_loss":0.0,"gold_gain":0.0,"event_name":"Winding Halls","player_choice":"Embrace Madness","floor":37.0,"gold_loss":0.0,"damage_taken":16.0,"cards_obtained":["Madness","Madness"]},{"damage_healed":0,"gold_gain":0,"player_choice":"Copied","damage_taken":0,"max_hp_gain":0,"max_hp_loss":0,"event_name":"Duplicator","floor":47,"gold_loss":0,"cards_obtained":["Juggernaut"]}],"is_beta":false,"boss_relics":[{"not_picked":["Fusion Hammer","Runic Pyramid"],"picked":"Calling Bell"},{"not_picked":["Black Blood","Mark of Pain"],"picked":"Lizard Tail"}],"items_purged_floors":[44,46],"is_endless":false,"potions_floor_spawned":[2,5,14,16,18,19,30,31,33,39,48],"ascension_level":0}