{"gold_per_floor":[215,233,248,248,323,323,351,351,376,391,35,63,73,100,100,203,203,221,240,240,165,183,183,193,193,193,218,218,229,31,50,50,154,154,166,6,6,24,24,24,75,92,92,92,92,192,210,230,230,230,230,230,111,143,143],"floor_reached":55,"playtime":3615,"items_purged":["Defend_B","Defend_B","Defend_B"],"score":1098,"play_id":"b118ad58-1115-4f90-b142-ded8a3a8ca59","local_time":"20190223172421","is_ascension_mode":true,"campfire_choices":[{"data":"Go for the Eyes","floor":6,"key":"SMITH"},{"floor":8,"key":"REST"},{"data":"Defragment","floor":15,"key":"SMITH"},{"data":"Genetic Algorithm","floor":23,"key":"SMITH"},{"data":"Defragment","floor":25,"key":"SMITH"},{"floor":32,"key":"RECALL"},{"data":"Conserve Battery","floor":40,"key":"SMITH"},{"data":"Seek","floor":44,"key":"SMITH"},{"data":"Mind Blast","floor":49,"key":"SMITH"},{"floor":52,"key":"REST"}],"neow_cost":"NONE","seed_source_timestamp":241143096183270,"circlet_count":0,"master_deck":["AscendersBane","Defend_B","Zap","Dualcast","Conserve Battery+1","Ball Lightning+1","Go for the Eyes+1","Conserve Battery","Defragment+1","White Noise","Steam","Genetic Algorithm+1","All For One","All For One","Conserve Battery+1","Conserve Battery+1","Bite","Bite","Bite","Bite","Bite","Defragment+1","Doom and Gloom","Coolheaded+1","Machine Learning","Conserve Battery+1","Seek+1","Loop+1","Mind Blast+1","Blind","Conserve Battery+1"],"relics":["Cracked Core","Art of War","DataDisk","Pantograph","Centennial Puzzle","Bird Faced Urn","White Beast Statue","The Courier","Dead Branch","PreservedInsect","Nuclear Battery","Ice Cream","Pocketwatch","Gremlin Horn","Emotion Chip","Mercury Hourglass"],"potions_floor_usage":[7,7,12,14,16,19,24,27,27,33,33,41,50,50,54,55,55,55],"damage_taken":[{"damage":2,"enemies":"Jaw Worm","floor":1,"turns":3},{"damage":7,"enemies":"Small Slimes","floor":2,"turns":3},{"damage":0,"enemies":"2 Louse","floor":3,"turns":2},{"damage":23,"enemies":"Lagavulin","floor":7,"turns":5},{"damage":2,"enemies":"2 Fungi Beasts","floor":10,"turns":3},{"damage":21,"enemies":"3 Sentries","floor":12,"turns":5},{"damage":3,"enemies":"Lots of Slimes","floor":13,"turns":4},{"damage":13,"enemies":"Gremlin Nob","floor":14,"turns":3},{"damage":22,"enemies":"Slime Boss","floor":16,"turns":9},{"damage":25,"enemies":"2 Thieves","floor":18,"turns":5},{"damage":7,"enemies":"Chosen","floor":19,"turns":5},{"damage":24,"enemies":"Shelled Parasite and Fungi","floor":22,"turns":6},{"damage":13,"enemies":"Snecko","floor":24,"turns":5},{"damage":7,"enemies":"Book of Stabbing","floor":27,"turns":6},{"damage":0,"enemies":"Cultist and Chosen","floor":29,"turns":6},{"damage":0,"enemies":"Snake Plant","floor":31,"turns":6},{"damage":52,"enemies":"Automaton","floor":33,"turns":8},{"damage":11,"enemies":"Orb Walker","floor":35,"turns":4},{"damage":14,"enemies":"3 Shapes","floor":38,"turns":5},{"damage":24,"enemies":"2 Orb Walkers","floor":41,"turns":5},{"damage":0,"enemies":"Sphere and 2 Shapes","floor":42,"turns":6},{"damage":0,"enemies":"Mind Bloom Boss Battle","floor":46,"turns":8},{"damage":8,"enemies":"Spire Growth","floor":47,"turns":6},{"damage":0,"enemies":"Transient","floor":48,"turns":5},{"damage":40,"enemies":"Time Eater","floor":50,"turns":9},{"damage":49,"enemies":"Shield and Spear","floor":54,"turns":7},{"damage":78,"enemies":"The Heart","floor":55,"turns":3}],"seed_played":"-4033925713515574837","potions_obtained":[{"floor":2,"key":"AttackPotion"},{"floor":3,"key":"Energy Potion"},{"floor":12,"key":"SkillPotion"},{"floor":14,"key":"SpeedPotion"},{"floor":16,"key":"Ancient Potion"},{"floor":18,"key":"SkillPotion"},{"floor":19,"key":"SpeedPotion"},{"floor":22,"key":"SpeedPotion"},{"floor":24,"key":"Fire Potion"},{"floor":27,"key":"Strength Potion"},{"floor":29,"key":"GamblersBrew"},{"floor":31,"key":"GamblersBrew"},{"floor":33,"key":"FearPotion"},{"floor":35,"key":"SkillPotion"},{"floor":41,"key":"GamblersBrew"},{"floor":46,"key":"FocusPotion"},{"floor":54,"key":"Poison Potion"}],"is_trial":false,"path_per_floor":["M","M","M","?","?","R","E","R","T","M","$","E","M","E","R","B",null,"M","M","?","$","M","R","M","R","T","E","?","M","$","M","R","B",null,"M","$","T","M","$","R","?","M","T","R","?","?","M","M","R","B",null,"R","$","E","B"],"character_chosen":"DEFECT","items_purchased":["Pantograph","Regen Potion","White Noise","PreservedInsect","FocusPotion","GamblersBrew","LiquidBronze"],"campfire_rested":2,"item_purchase_floors":[11,11,11,30,36,53,53],"current_hp_per_floor":[66,59,59,59,48,48,25,47,47,45,45,38,35,22,22,29,64,43,40,40,40,36,36,39,39,39,44,44,52,52,52,52,12,42,47,47,47,49,49,49,41,52,52,52,42,52,52,52,52,16,43,52,52,17,0],"gold":143,"neow_bonus":"HUNDRED_GOLD","is_prod":false,"is_daily":false,"chose_seed":false,"campfire_upgraded":7,"win_rate":0,"timestamp":1550960661,"path_taken":["M","M","M","?","?","R","E","R","T","M","$","E","M","E","R","BOSS","M","M","?","$","M","R","M","R","T","E","?","M","$","M","R","BOSS","M","$","?","M","$","R","?","M","T","R","?","?","M","M","R","BOSS","R","$","E","BOSS"],"build_version":"2019-01-23","purchased_purges":3,"victory":false,"max_hp_per_floor":[75,75,75,75,75,75,75,75,75,75,75,75,75,75,75,75,75,75,75,52,52,52,52,52,52,52,52,52,52,52,52,52,52,52,52,52,52,52,52,52,52,52,52,52,52,52,52,52,52,52,52,52,52,52,52],"card_choices":[{"not_picked":["Compile Driver","Streamline"],"picked":"Conserve Battery","floor":1},{"not_picked":["Barrage","Stack"],"picked":"Ball Lightning","floor":2},{"not_picked":["Streamline","Gash"],"picked":"Go for the Eyes","floor":3},{"not_picked":["Steam","Multi-Cast"],"picked":"Conserve Battery","floor":7},{"not_picked":["Hologram","Leap"],"picked":"Defragment","floor":10},{"not_picked":["Hologram","Consume"],"picked":"Steam","floor":12},{"not_picked":["Sweeping Beam","Turbo"],"picked":"Genetic Algorithm","floor":13},{"not_picked":["Genetic Algorithm","Rainbow"],"picked":"All For One","floor":14},{"not_picked":["Meteor Strike","Reboot"],"picked":"All For One","floor":16},{"not_picked":["Leap+1","Gash"],"picked":"Conserve Battery+1","floor":18},{"not_picked":["Darkness","Barrage"],"picked":"Conserve Battery+1","floor":19},{"not_picked":["Coolheaded","Go for the Eyes","Conserve Battery"],"picked":"SKIP","floor":22},{"not_picked":["Chaos","Stack+1"],"picked":"Defragment","floor":24},{"not_picked":["Self Repair","Compile Driver"],"picked":"Doom and Gloom","floor":27},{"not_picked":["Turbo","Leap"],"picked":"Coolheaded+1","floor":29},{"not_picked":["Turbo","Sweeping Beam+1","Coolheaded"],"picked":"SKIP","floor":31},{"not_picked":["Amplify","Thunder Strike"],"picked":"Machine Learning","floor":33},{"not_picked":["Blizzard","Gash"],"picked":"Conserve Battery+1","floor":35},{"not_picked":["Beam Cell","Stack","Melter"],"picked":"SKIP","floor":38},{"not_picked":["Redo+1","Cold Snap+1"],"picked":"Seek","floor":41},{"not_picked":["Rebound","Reprogram+1"],"picked":"Loop+1","floor":42},{"not_picked":["Jack Of All Trades","Bandage Up"],"picked":"Mind Blast","floor":45},{"not_picked":["Chrysalis","Dramatic Entrance"],"picked":"Blind","floor":45},{"not_picked":["Rebound+1","Melter+1","Storm+1"],"picked":"SKIP","floor":47},{"not_picked":["Redo+1","Streamline+1"],"picked":"Conserve Battery+1","floor":48},{"not_picked":["Turbo","Rebound","Sweeping Beam"],"picked":"SKIP","floor":54}],"player_experience":698300,"relics_obtained":[{"floor":7,"key":"Art of War"},{"floor":9,"key":"DataDisk"},{"floor":12,"key":"Centennial Puzzle"},{"floor":14,"key":"Bird Faced Urn"},{"floor":27,"key":"The Courier"},{"floor":37,"key":"Ice Cream"},{"floor":41,"key":"Pocketwatch"},{"floor":43,"key":"Gremlin Horn"},{"floor":46,"key":"Emotion Chip"},{"floor":54,"key":"Mercury Hourglass"}],"event_choices":[{"damage_healed":0,"gold_gain":0,"player_choice":"Grow","damage_taken":0,"max_hp_gain":0,"max_hp_loss":0,"event_name":"Living Wall","floor":4,"gold_loss":0,"cards_upgraded":["Ball Lightning"]},{"damage_healed":0,"gold_gain":75,"player_choice":"Gather Gold","damage_taken":11,"max_hp_gain":0,"max_hp_loss":0,"event_name":"World of Goop","floor":5,"gold_loss":0},{"damage_healed":0,"gold_gain":0,"player_choice":"Became a vampire","damage_taken":0,"max_hp_gain":0,"max_hp_loss":23,"event_name":"Vampires","floor":20,"gold_loss":0,"cards_obtained":["Bite","Bite","Bite","Bite","Bite"]},{"damage_healed":0,"gold_gain":0,"player_choice":"Gave Potion","damage_taken":0,"relics_obtained":["Dead Branch"],"max_hp_gain":0,"max_hp_loss":0,"event_name":"WeMeetAgain","floor":28,"gold_loss":0},{"damage_healed":0,"gold_gain":0,"player_choice":"Fight","damage_taken":0,"max_hp_gain":0,"max_hp_loss":0,"event_name":"Mysterious Sphere","floor":41,"gold_loss":0},{"damage_healed":0,"gold_gain":0,"player_choice":"Memory 3","damage_taken":10,"max_hp_gain":0,"max_hp_loss":0,"event_name":"SensoryStone","floor":45,"gold_loss":0},{"damage_healed":0,"gold_gain":0,"player_choice":"Fight","damage_taken":0,"max_hp_gain":0,"max_hp_loss":0,"event_name":"MindBloom","floor":46,"gold_loss":0}],"is_beta":false,"boss_relics":[{"not_picked":["Orrery","Runic Dome"],"picked":"White Beast Statue"},{"not_picked":["Snecko Eye","Runic Pyramid"],"picked":"Nuclear Battery"}],"items_purged_floors":[21,30,36],"is_endless":false,"potions_floor_spawned":[2,3,12,14,16,18,19,22,24,27,29,31,33,35,38,41,42,46,47,48,54],"killed_by":"The Heart","ascension_level":10}