{"path_per_floor":["M","M","M","M","?","R","M","M","T","$","R","M","R","E","R","B",null,"M","?","M","?","M","R","?","M","T","R","M","M","M","M","R","B",null,"M","?","?","M","M","R","$","R","T","M","?","M","M","M","R","B"],"character_chosen":"DEFECT","items_purchased":["Echo Form","Frozen Eye","Gash"],"gold_per_floor":[112,130,148,164,164,164,175,194,194,34,34,48,48,79,79,177,177,195,195,210,210,227,227,227,238,238,238,255,274,294,304,304,399,399,419,419,419,429,439,439,96,96,96,107,107,122,140,150,150,150],"floor_reached":51,"campfire_rested":3,"playtime":4235,"current_hp_per_floor":[69,69,64,59,64,64,51,50,50,50,50,45,45,39,39,10,80,75,75,65,65,49,49,33,23,23,47,42,42,30,30,30,27,80,40,40,40,40,28,52,52,52,52,52,52,45,45,32,56,6],"items_purged":["Strike_B"],"gold":150,"score":634,"play_id":"37e7c99a-837a-427a-a7d0-81b229ce5644","local_time":"20180507205323","is_prod":false,"is_daily":false,"chose_seed":false,"is_ascension_mode":false,"campfire_upgraded":7,"timestamp":1525740803,"path_taken":["M","M","M","M","?","R","M","M","T","$","R","M","R","E","R","BOSS","M","?","?","?","?","R","?","M","T","R","M","M","M","M","R","BOSS","M","?","?","?","M","R","$","R","T","M","?","?","?","M","R","BOSS"],"build_version":"2018-05-03","seed_source_timestamp":509399254506968,"purchased_purges":1,"victory":true,"master_deck":["Strike_B","Strike_B","Strike_B","Defend_B","Defend_B","Defend_B","Defend_B","Zap+1","Dualcast+1","Thunder Strike","Ball Lightning","Streamline","Ball Lightning","Consume+1","Leap","Hologram+1","Echo Form","All For One","Scrape+1","Creative AI+1","Axe Kick","Buffer+1","Beam Cell","Sweeping Beam+1","Reinforced Body","Impulse+1","Steam Power+1","Stack","Rainbow+1","Reboot","Axe Kick","Injury","Defragment+1","Glacier+1","Gash","Cold Snap+1","Undo+1","Beam Cell+1","Heatsinks+1"],"max_hp_per_floor":[75,75,75,75,80,80,80,80,80,80,80,80,80,80,80,80,80,80,80,80,80,80,80,80,80,80,80,80,80,80,80,80,80,80,80,80,80,80,80,80,80,80,80,80,80,80,80,80,80,80],"relics":["Cracked Core","Mercury Hourglass","Ancient Tea Set","Nuclear Battery","Enchiridion","Letter Opener","Runic Dome","Calipers","Frozen Eye","Bottled Lightning"],"card_choices":[{"not_picked":["Blizzard","Stack"],"picked":"Ball Lightning","floor":1},{"not_picked":["Tempest","Loop"],"picked":"Streamline","floor":2},{"not_picked":["Sweeping Beam","Stack"],"picked":"Ball Lightning","floor":3},{"not_picked":["Heatsinks","Ball Lightning"],"picked":"Consume","floor":4},{"not_picked":["Doom and Gloom","Streamline"],"picked":"Leap","floor":7},{"not_picked":["White Noise","Impulse"],"picked":"Hologram","floor":8},{"not_picked":["Sweeping Beam","Go for the Eyes"],"picked":"All For One","floor":12},{"not_picked":["Barrage","Hologram"],"picked":"Scrape","floor":14},{"not_picked":["Amplify","Seek"],"picked":"Creative AI","floor":16},{"not_picked":["Stack","Leap"],"picked":"Axe Kick","floor":18},{"not_picked":["Capacitor","Barrage"],"picked":"Beam Cell","floor":20},{"not_picked":["Ball Lightning","Buffer"],"picked":"Sweeping Beam","floor":22},{"not_picked":["Rip and Tear","Ball Lightning"],"picked":"Reinforced Body","floor":25},{"not_picked":["Capacitor","Ball Lightning"],"picked":"Impulse","floor":28},{"not_picked":["Ball Lightning","Rebound"],"picked":"Steam Power","floor":29},{"not_picked":["Impulse","Doom and Gloom"],"picked":"Stack","floor":30},{"not_picked":["Leap","Loop"],"picked":"Rainbow","floor":31},{"not_picked":["Amplify","Multi-Cast"],"picked":"Reboot","floor":33},{"not_picked":["Stack","Capacitor"],"picked":"Axe Kick","floor":35},{"not_picked":["Ball Lightning","Chaos"],"picked":"Defragment","floor":38},{"not_picked":["Barrage","Force Field"],"picked":"Glacier","floor":39},{"not_picked":["Go for the Eyes","Sweeping Beam"],"picked":"Cold Snap","floor":44},{"not_picked":["Darkness","Storm"],"picked":"Undo","floor":46},{"not_picked":["Blizzard","Scrape"],"picked":"Beam Cell","floor":47},{"not_picked":["Ball Lightning","Barrage"],"picked":"Heatsinks","floor":48}],"player_experience":21298,"potions_floor_usage":[14,14,16,18,20,25,39,46,50],"damage_taken":[{"damage":6,"enemies":"Jaw Worm","floor":1,"turns":4},{"damage":0,"enemies":"2 Louse","floor":2,"turns":2},{"damage":5,"enemies":"Small Slimes","floor":3,"turns":3},{"damage":5,"enemies":"Looter","floor":4,"turns":3},{"damage":13,"enemies":"Red Slaver","floor":7,"turns":2},{"damage":1,"enemies":"Exordium Wildlife","floor":8,"turns":2},{"damage":5,"enemies":"Looter","floor":12,"turns":3},{"damage":21,"enemies":"Lagavulin","floor":14,"turns":5},{"damage":29,"enemies":"Hexaghost","floor":16,"turns":7},{"damage":5,"enemies":"Spheric Guardian","floor":18,"turns":3},{"damage":10,"enemies":"2 Thieves","floor":20,"turns":2},{"damage":16,"enemies":"Cultist and Chosen","floor":22,"turns":5},{"damage":10,"enemies":"Snake Plant","floor":25,"turns":3},{"damage":5,"enemies":"Sentry and Sphere","floor":28,"turns":3},{"damage":0,"enemies":"Centurion and Healer","floor":29,"turns":5},{"damage":12,"enemies":"Snake Plant","floor":30,"turns":2},{"damage":0,"enemies":"Chosen and Byrds","floor":31,"turns":3},{"damage":10,"enemies":"Champ","floor":33,"turns":14},{"damage":40,"enemies":"3 Darklings","floor":35,"turns":6},{"damage":0,"enemies":"Flame Bruiser 1 Orb","floor":38,"turns":5},{"damage":12,"enemies":"4 Shapes","floor":39,"turns":4},{"damage":0,"enemies":"Spire Growth","floor":44,"turns":6},{"damage":7,"enemies":"3 Darklings","floor":46,"turns":5},{"damage":0,"enemies":"Sphere and 2 Shapes","floor":47,"turns":3},{"damage":13,"enemies":"Spire Growth","floor":48,"turns":5},{"damage":50,"enemies":"Time Eater","floor":50,"turns":14}],"event_choices":[{"event_name":"Big Fish","player_choice":"Donut","floor":5,"damage_taken":0},{"event_name":"The Library","player_choice":"Read","floor":19,"damage_taken":0},{"event_name":"Ghosts","player_choice":"Ignored","floor":21,"damage_taken":0},{"event_name":"Cursed Tome","player_choice":"Obtained Book","floor":24,"damage_taken":0},{"event_name":"Accursed Blacksmith","player_choice":"Forge","floor":36,"damage_taken":0},{"event_name":"Wheel of Change","player_choice":"Relic","floor":37,"damage_taken":0},{"event_name":"Tomb of Lord Red Mask","player_choice":"Ignored","floor":45,"damage_taken":0}],"boss_relics":[{"not_picked":["Velvet Choker","Tiny House"],"picked":"Nuclear Battery"},{"not_picked":["Runic Pyramid","Astrolabe"],"picked":"Runic Dome"}],"potions_floor_spawned":[1,4,12,14,18,22,25,30,38,44,47,48],"seed_played":"3776211695750321571","ascension_level":0,"is_trial":false}