{"gold_per_floor":[111,126,77,91,91,121,151,151,151,162,0,11,11,27,27,130,130,146,146,146,160,177,177,177,177,177,177,193,193],"floor_reached":29,"playtime":1305,"items_purged":[],"score":281,"play_id":"0bfdd368-4bde-4724-9719-85b7915cdaf3","local_time":"20190223004716","is_ascension_mode":true,"campfire_choices":[{"data":"Doom and Gloom","floor":8,"key":"SMITH"},{"floor":13,"key":"RECALL"},{"floor":15,"key":"REST"},{"floor":23,"key":"REST"},{"data":"Steam Power","floor":25,"key":"SMITH"},{"data":"Seek","floor":27,"key":"SMITH"}],"neow_cost":"NONE","seed_source_timestamp":183626562760864,"circlet_count":0,"master_deck":["Strike_B+1","Defend_B","Defend_B","Defend_B","Defend_B","Zap","Dualcast","Melter+1","Coolheaded","Skim","Doom and Gloom+1","Go for the Eyes+1","Turbo","Seek+1","Leap","Steam Power+1","Redo+1","Defragment"],"relics":["Cracked Core","The Courier","Tiny Chest","Frozen Eye","Empty Cage","Art of War","MutagenicStrength","Whetstone"],"potions_floor_usage":[6,6,12,12,14,21,28],"damage_taken":[{"damage":1,"enemies":"Cultist","floor":1,"turns":3},{"damage":7,"enemies":"Jaw Worm","floor":2,"turns":3},{"damage":2,"enemies":"2 Louse","floor":4,"turns":2},{"damage":35,"enemies":"Gremlin Nob","floor":6,"turns":4},{"damage":1,"enemies":"Exordium Thugs","floor":10,"turns":3},{"damage":0,"enemies":"Large Slime","floor":12,"turns":3},{"damage":0,"enemies":"Looter","floor":14,"turns":2},{"damage":21,"enemies":"Slime Boss","floor":16,"turns":7},{"damage":7,"enemies":"Chosen","floor":18,"turns":5},{"damage":8,"enemies":"2 Thieves","floor":21,"turns":4},{"damage":27,"enemies":"Snake Plant","floor":22,"turns":4},{"damage":0,"enemies":"Sentry and Sphere","floor":28,"turns":2},{"damage":51,"enemies":"Slavers","floor":29,"turns":5}],"seed_played":"289261619447027450","potions_obtained":[{"floor":1,"key":"Ancient Potion"},{"floor":4,"key":"LiquidBronze"},{"floor":6,"key":"Poison Potion"},{"floor":12,"key":"Block Potion"},{"floor":18,"key":"FearPotion"},{"floor":28,"key":"Fruit Juice"}],"is_trial":false,"path_per_floor":["M","M","$","M","?","E","T","R","T","M","$","M","R","M","R","B",null,"M","?","T","M","M","R","?","R","T","R","M","E"],"character_chosen":"DEFECT","items_purchased":["AttackPotion","Frozen Eye"],"campfire_rested":2,"item_purchase_floors":[3,11],"current_hp_per_floor":[74,67,67,65,65,30,30,30,30,29,29,29,29,29,51,30,64,57,57,57,49,22,44,44,44,44,44,49,0],"gold":193,"neow_bonus":"REMOVE_CARD","is_prod":false,"is_daily":false,"chose_seed":false,"campfire_upgraded":3,"win_rate":0,"timestamp":1550900836,"path_taken":["M","M","$","M","?","E","?","R","T","M","$","M","R","M","R","BOSS","M","?","?","M","M","R","?","R","T","R","M","E"],"build_version":"2019-01-23","purchased_purges":0,"victory":false,"max_hp_per_floor":[75,75,75,75,75,75,75,75,75,75,75,75,75,75,75,75,75,75,75,75,75,75,75,75,75,75,75,80,80],"card_choices":[{"not_picked":["Chill","Steam"],"picked":"Melter","floor":1},{"not_picked":["Barrage","Steam"],"picked":"Coolheaded","floor":2},{"not_picked":["Beam Cell","Heatsinks"],"picked":"Skim","floor":4},{"not_picked":["Biased Cognition","Barrage"],"picked":"Doom and Gloom","floor":6},{"not_picked":["Redo","Coolheaded"],"picked":"Go for the Eyes","floor":10},{"not_picked":["Ball Lightning","Beam Cell","Compile Driver"],"picked":"SKIP","floor":12},{"not_picked":["Compile Driver","Ball Lightning"],"picked":"Turbo","floor":14},{"not_picked":["Buffer","Amplify"],"picked":"Seek","floor":16},{"not_picked":["Ball Lightning","Rebound","Sweeping Beam+1"],"picked":"SKIP","floor":18},{"not_picked":["Coolheaded","Heatsinks"],"picked":"Steam Power","floor":21},{"not_picked":["Force Field+1","Ball Lightning"],"picked":"Redo+1","floor":22},{"not_picked":["Tempest","Cold Snap"],"picked":"Defragment","floor":28}],"player_experience":682432,"relics_obtained":[{"floor":6,"key":"The Courier"},{"floor":7,"key":"Tiny Chest"},{"floor":20,"key":"Art of War"},{"floor":26,"key":"Whetstone"}],"event_choices":[{"damage_healed":0,"gold_gain":0,"player_choice":"Grow","damage_taken":0,"max_hp_gain":0,"max_hp_loss":0,"event_name":"Living Wall","floor":5,"gold_loss":0,"cards_upgraded":["Melter"]},{"damage_healed":0,"gold_gain":0,"player_choice":"Read","damage_taken":0,"max_hp_gain":0,"max_hp_loss":0,"event_name":"The Library","floor":19,"gold_loss":0,"cards_obtained":["Leap"]},{"damage_healed":0,"gold_gain":0,"player_choice":"Inject Mutagens","damage_taken":0,"relics_obtained":["MutagenicStrength"],"max_hp_gain":0,"max_hp_loss":0,"event_name":"Drug Dealer","floor":24,"gold_loss":0}],"is_beta":false,"boss_relics":[{"not_picked":["FrozenCore","Black Star"],"picked":"Empty Cage"}],"items_purged_floors":[],"is_endless":false,"potions_floor_spawned":[1,4,6,12,18,28],"killed_by":"Slavers","ascension_level":5}