{"gold_per_floor":[116,36,53,66,80,112,112,112,137,137,171,191,191,210,210,306,306,323,343,343,353,353],"floor_reached":22,"playtime":2022,"items_purged":[],"score":198,"play_id":"75f858d0-c94b-4489-a817-120011790a78","local_time":"20190202114952","is_ascension_mode":false,"campfire_choices":[{"data":"Zap","floor":7,"key":"SMITH"},{"data":"White Noise","floor":10,"key":"SMITH"},{"data":"Fusion","floor":13,"key":"SMITH"},{"floor":15,"key":"REST"}],"neow_cost":"NONE","seed_source_timestamp":1731982485362780,"circlet_count":0,"master_deck":["Strike_B","Strike_B","Strike_B+1","Strike_B+1","Defend_B","Defend_B","Defend_B","Zap+1","Dualcast+1","White Noise+1","Defragment","Self Repair","Conserve Battery","Redo","Conserve Battery","Hyperbeam","Fusion+1","Leap","Amplify","Heatsinks","Ball Lightning+1","Loop"],"relics":["Cracked Core","Strawberry","Whetstone","Centennial Puzzle","Eternal Feather"],"potions_floor_usage":[6,11,14,19,22],"damage_taken":[{"damage":0,"enemies":"Cultist","floor":1,"turns":4},{"damage":1,"enemies":"Jaw Worm","floor":3,"turns":3},{"damage":5,"enemies":"Small Slimes","floor":4,"turns":3},{"damage":5,"enemies":"3 Louse","floor":5,"turns":4},{"damage":23,"enemies":"3 Sentries","floor":6,"turns":7},{"damage":24,"enemies":"Lagavulin","floor":11,"turns":8},{"damage":11,"enemies":"Exordium Thugs","floor":12,"turns":3},{"damage":6,"enemies":"Exordium Wildlife","floor":14,"turns":2},{"damage":35,"enemies":"The Guardian","floor":16,"turns":9},{"damage":25,"enemies":"Spheric Guardian","floor":18,"turns":6},{"damage":20,"enemies":"2 Thieves","floor":19,"turns":4},{"damage":22,"enemies":"Sentry and Sphere","floor":21,"turns":4},{"damage":25,"enemies":"Snake Plant","floor":22,"turns":4}],"seed_played":"-4784701030830457479","potions_obtained":[{"floor":1,"key":"GamblersBrew"},{"floor":4,"key":"PowerPotion"},{"floor":6,"key":"Strength Potion"},{"floor":12,"key":"FearPotion"},{"floor":16,"key":"Fire Potion"},{"floor":18,"key":"LiquidBronze"}],"is_trial":false,"path_per_floor":["M","$","M","M","M","E","R","?","T","R","E","M","R","M","R","B",null,"M","M","?","M","M"],"character_chosen":"DEFECT","items_purchased":["Defragment"],"campfire_rested":1,"item_purchase_floors":[2],"current_hp_per_floor":[75,75,74,69,71,62,62,55,55,55,38,27,27,21,45,17,82,64,51,35,20,0],"gold":353,"neow_bonus":"UPGRADE_CARD","is_prod":false,"is_daily":false,"chose_seed":false,"campfire_upgraded":3,"win_rate":0,"timestamp":1549104592,"path_taken":["M","?","M","M","M","E","R","?","T","R","E","M","R","M","R","BOSS","M","M","?","M","M"],"build_version":"2019-01-23","purchased_purges":0,"victory":false,"max_hp_per_floor":[75,75,75,75,75,82,82,82,82,82,82,82,82,82,82,82,82,82,82,87,87,87],"card_choices":[{"not_picked":["Steam","Ball Lightning"],"picked":"White Noise","floor":1},{"not_picked":["Double Energy","Conserve Battery"],"picked":"Self Repair","floor":3},{"not_picked":["Turbo","Stack"],"picked":"Conserve Battery","floor":4},{"not_picked":["Compile Driver","White Noise"],"picked":"Redo","floor":5},{"not_picked":["Go for the Eyes","Barrage"],"picked":"Conserve Battery","floor":6},{"not_picked":["Streamline","Aggregate"],"picked":"Hyperbeam","floor":11},{"not_picked":["Steam","Rip and Tear"],"picked":"Fusion","floor":12},{"not_picked":["Blizzard","Sweeping Beam"],"picked":"Leap","floor":14},{"not_picked":["Rainbow","Echo Form"],"picked":"Amplify","floor":16},{"not_picked":["Steam Power","Coolheaded"],"picked":"Heatsinks","floor":18},{"not_picked":["Barrage","Static Discharge"],"picked":"Ball Lightning+1","floor":19},{"not_picked":["Redo","Ball Lightning"],"picked":"Loop","floor":21}],"player_experience":134919,"relics_obtained":[{"floor":6,"key":"Strawberry"},{"floor":9,"key":"Whetstone"},{"floor":11,"key":"Centennial Puzzle"}],"event_choices":[{"cards_removed":["Defend_B"],"damage_healed":0,"gold_gain":0,"player_choice":"Card Removal","damage_taken":7,"max_hp_gain":0,"max_hp_loss":0,"event_name":"Golden Wing","floor":8,"gold_loss":0},{"damage_healed":0,"gold_gain":0,"player_choice":"Shed Blood","damage_taken":21,"max_hp_gain":5,"max_hp_loss":0,"event_name":"Forgotten Altar","floor":20,"gold_loss":0}],"is_beta":false,"boss_relics":[{"not_picked":["Runic Dome","Coffee Dripper"],"picked":"Eternal Feather"}],"items_purged_floors":[],"is_endless":false,"potions_floor_spawned":[1,4,6,12,16,18],"killed_by":"Snake Plant","ascension_level":0}