{"gold_per_floor":[119,219,237,248,263,263,263,263,309,309,85,112,128,159,159,257,257,268,294,38,55,69,69,81,115,115,115,115,132,158,11,11,107,107,118,118,136,136,156,186,186,213,240,240],"floor_reached":44,"playtime":2425,"items_purged":["Strike_B","Strike_B"],"score":703,"play_id":"be148de9-12e3-4c4b-9bdb-ccdd5ee5fa05","local_time":"20181001230357","is_ascension_mode":true,"campfire_choices":[{"data":"Sunder","floor":6,"key":"SMITH"},{"data":"Zap","floor":8,"key":"SMITH"},{"data":"Hologram","floor":10,"key":"SMITH"},{"floor":15,"key":"REST"},{"floor":23,"key":"REST"},{"data":"Chaos","floor":27,"key":"SMITH"},{"floor":32,"key":"REST"},{"floor":41,"key":"REST"}],"neow_cost":"NONE","seed_source_timestamp":10015344481716,"circlet_count":0,"master_deck":["Strike_B","Defend_B","Defend_B","Defend_B","Defend_B","Zap+1","Dualcast","Chaos+1","Sunder+1","Hologram+1","Rebound","Rainbow","Skim","Undo","All For One","Creative AI","Steam+1","Sunder+1","Leap+1","Loop+1","Cold Snap+1","All For One","Compile Driver+1","Hologram+1","Turbo","Leap+1","Buffer"],"relics":["Cracked Core","Art of War","Anchor","PreservedInsect","Mercury Hourglass","Velvet Choker","Red Mask","Pen Nib","Matryoshka","Bronze Scales","Ornamental Fan","Lantern","Bottled Tornado","Strawberry","Black Star","Blood Vial","Happy Flower","Bird Faced Urn","Pocketwatch","Bag of Marbles"],"potions_floor_usage":[12,14,19,22,25,33,39,42,44],"damage_taken":[{"damage":19,"enemies":"Small Slimes","floor":1,"turns":3},{"damage":0,"enemies":"Cultist","floor":3,"turns":3},{"damage":0,"enemies":"2 Louse","floor":4,"turns":1},{"damage":18,"enemies":"Lots of Slimes","floor":5,"turns":3},{"damage":30,"enemies":"Lagavulin","floor":12,"turns":4},{"damage":0,"enemies":"Large Slime","floor":13,"turns":3},{"damage":0,"enemies":"Gremlin Nob","floor":14,"turns":2},{"damage":30,"enemies":"The Guardian","floor":16,"turns":9},{"damage":17,"enemies":"2 Thieves","floor":18,"turns":3},{"damage":23,"enemies":"Masked Bandits","floor":19,"turns":5},{"damage":0,"enemies":"Chosen","floor":21,"turns":4},{"damage":9,"enemies":"Shelled Parasite and Fungi","floor":22,"turns":5},{"damage":0,"enemies":"Cultist and Chosen","floor":24,"turns":4},{"damage":1,"enemies":"Gremlin Leader","floor":25,"turns":6},{"damage":18,"enemies":"3 Cultists","floor":29,"turns":4},{"damage":21,"enemies":"Champ","floor":33,"turns":9},{"damage":11,"enemies":"3 Darklings","floor":35,"turns":6},{"damage":0,"enemies":"3 Shapes","floor":37,"turns":2},{"damage":44,"enemies":"Transient","floor":39,"turns":5},{"damage":6,"enemies":"2 Orb Walkers","floor":40,"turns":4},{"damage":28,"enemies":"Giant Head","floor":42,"turns":8},{"damage":7,"enemies":"Nemesis","floor":44,"turns":2}],"seed_played":"-4489472345791881495","potions_obtained":[{"floor":4,"key":"SpeedPotion"},{"floor":5,"key":"Regen Potion"},{"floor":12,"key":"Fire Potion"},{"floor":19,"key":"EssenceOfSteel"},{"floor":21,"key":"Explosive Potion"},{"floor":29,"key":"Weak Potion"},{"floor":33,"key":"Block Potion"},{"floor":37,"key":"Energy Potion"},{"floor":40,"key":"SpeedPotion"},{"floor":42,"key":"LiquidBronze"}],"is_trial":false,"path_per_floor":["M","?","M","M","M","R","?","R","T","R","$","E","M","E","R","B",null,"M","?","$","M","M","R","M","E","T","R","?","M","T","$","R","B",null,"M","?","M","$","M","E","R","E","T"],"character_chosen":"DEFECT","items_purchased":["Anchor","Pen Nib","Strawberry"],"campfire_rested":4,"item_purchase_floors":[11,20,31],"current_hp_per_floor":[49,49,49,49,31,31,31,31,31,31,31,13,13,13,35,5,58,41,18,18,18,9,31,31,30,30,30,30,12,12,19,43,22,67,56,56,56,56,12,6,29,3,3,0],"gold":240,"neow_bonus":"TRANSFORM_CARD","is_prod":false,"is_daily":false,"chose_seed":false,"campfire_upgraded":4,"win_rate":0,"timestamp":1538449437,"path_taken":["M","?","M","M","M","R","?","R","T","R","$","E","?","E","R","BOSS","M","?","$","M","M","R","M","E","T","R","?","?","?","?","R","BOSS","M","?","M","$","M","E","R","E","T","E"],"build_version":"2018-09-27","purchased_purges":2,"victory":false,"max_hp_per_floor":[75,75,75,75,75,75,75,75,75,75,75,75,75,75,75,75,75,75,75,75,75,75,75,75,75,75,75,75,75,75,82,82,82,82,82,78,78,78,78,78,78,78,78,78],"card_choices":[{"not_picked":["Steam","Barrage"],"picked":"Sunder","floor":1},{"not_picked":["Gash","Compile Driver"],"picked":"Hologram","floor":3},{"not_picked":["Gash","Defragment"],"picked":"Rebound","floor":4},{"not_picked":["Gash","Reprogram"],"picked":"Rainbow","floor":5},{"not_picked":["Aggregate","Fission"],"picked":"Skim","floor":12},{"not_picked":["Cold Snap","Conserve Battery"],"picked":"Undo","floor":13},{"not_picked":["Scrape","Sunder"],"picked":"All For One","floor":14},{"not_picked":["Reboot","Rainbow"],"picked":"Creative AI","floor":16},{"not_picked":["Chill","Go for the Eyes"],"picked":"Steam+1","floor":18},{"not_picked":["Go for the Eyes","Recycle","Rebound"],"picked":"SKIP","floor":21},{"not_picked":["Leap","All For One"],"picked":"Sunder+1","floor":22},{"not_picked":["Auto Shields","BootSequence"],"picked":"Leap+1","floor":24},{"not_picked":["Go for the Eyes","Heatsinks"],"picked":"Loop+1","floor":25},{"not_picked":["Scrape","Sweeping Beam+1"],"picked":"Cold Snap+1","floor":29},{"not_picked":["Amplify","Echo Form"],"picked":"All For One","floor":33},{"not_picked":["White Noise+1","Steam+1"],"picked":"Compile Driver+1","floor":35},{"not_picked":["Lockon+1","Conserve Battery"],"picked":"Hologram+1","floor":37},{"not_picked":["Streamline","Genetic Algorithm+1"],"picked":"Turbo","floor":39},{"not_picked":["Turbo","Reprogram+1"],"picked":"Leap+1","floor":40},{"not_picked":["Cold Snap+1","Coolheaded"],"picked":"Buffer","floor":42}],"player_experience":637749,"relics_obtained":[{"floor":9,"key":"Art of War"},{"floor":12,"key":"PreservedInsect"},{"floor":14,"key":"Mercury Hourglass"},{"floor":19,"key":"Red Mask"},{"floor":25,"key":"Matryoshka"},{"floor":26,"key":"Bronze Scales"},{"floor":26,"key":"Ornamental Fan"},{"floor":30,"key":"Lantern"},{"floor":30,"key":"Bottled Tornado"},{"floor":40,"key":"Blood Vial"},{"floor":40,"key":"Happy Flower"},{"floor":42,"key":"Bird Faced Urn"},{"floor":42,"key":"Pocketwatch"},{"floor":43,"key":"Bag of Marbles"}],"event_choices":[{"event_name":"Wheel of Change","player_choice":"Gold","floor":2,"damage_taken":0},{"event_name":"Liars Game","player_choice":"disagreed","floor":7,"damage_taken":0},{"event_name":"Masked Bandits","player_choice":"Fought Bandits","floor":19,"damage_taken":0},{"event_name":"Ghosts","player_choice":"Ignored","floor":28,"damage_taken":0},{"event_name":"Winding Halls","player_choice":"Max HP","floor":36,"damage_taken":0}],"is_beta":false,"boss_relics":[{"not_picked":["Fusion Hammer","Sozu"],"picked":"Velvet Choker"},{"not_picked":["Lizard Tail","Pandora\u0027s Box"],"picked":"Black Star"}],"items_purged_floors":[11,20],"is_endless":false,"potions_floor_spawned":[4,5,12,19,21,29,33,37,40,42],"killed_by":"Nemesis","ascension_level":7}