{"gold_per_floor":[219,239,64,81,81,81,81,97,170,196,196,210,240,20,20,20],"floor_reached":16,"playtime":980,"items_purged":["Strike_B"],"score":127,"play_id":"37e0c007-c797-440d-9da0-2d93bc7e7593","local_time":"20190308053804","is_ascension_mode":true,"campfire_choices":[{"data":"Hologram","floor":6,"key":"SMITH"},{"data":"Zap","floor":11,"key":"SMITH"},{"data":"Fusion","floor":15,"key":"SMITH"}],"neow_cost":"NONE","seed_source_timestamp":72370336699300,"circlet_count":0,"master_deck":["Strike_B","Strike_B","Strike_B","Defend_B","Defend_B","Defend_B","Defend_B","Zap+1","Dualcast","Rebound","Hologram+1","Sweeping Beam","Static Discharge","Defragment","Capacitor","Fusion+1","Conserve Battery","Glacier","Sunder","Loop"],"relics":["Cracked Core","Bag of Marbles","Pantograph","Pen Nib","Centennial Puzzle"],"potions_floor_usage":[13,13,16],"damage_taken":[{"damage":0,"enemies":"Cultist","floor":1,"turns":3},{"damage":0,"enemies":"2 Louse","floor":2,"turns":2},{"damage":0,"enemies":"Small Slimes","floor":4,"turns":2},{"damage":0,"enemies":"3 Louse","floor":8,"turns":1},{"damage":32,"enemies":"Gremlin Nob","floor":10,"turns":4},{"damage":12,"enemies":"Looter","floor":12,"turns":3},{"damage":21,"enemies":"Lagavulin","floor":13,"turns":6},{"damage":29,"enemies":"Slime Boss","floor":16,"turns":6}],"seed_played":"-6610136664758027200","potions_obtained":[{"floor":1,"key":"Ancient Potion"},{"floor":4,"key":"EssenceOfSteel"},{"floor":10,"key":"SneckoOil"},{"floor":13,"key":"Strength Potion"}],"is_trial":false,"path_per_floor":["M","M","$","M","?","R","?","M","T","E","R","M","E","$","R","B"],"character_chosen":"DEFECT","items_purchased":["Sweeping Beam","Static Discharge","Glacier","Sunder","Loop"],"campfire_rested":0,"item_purchase_floors":[3,3,14,14,14],"current_hp_per_floor":[75,75,75,75,68,68,68,68,68,36,36,24,3,3,3,0],"gold":20,"neow_bonus":"HUNDRED_GOLD","is_prod":false,"is_daily":false,"chose_seed":false,"campfire_upgraded":3,"win_rate":0,"timestamp":1552016284,"path_taken":["M","M","?","M","?","R","?","M","T","E","R","M","E","$","R","BOSS"],"build_version":"2019-01-23","purchased_purges":1,"victory":false,"max_hp_per_floor":[75,75,75,75,75,75,75,75,75,75,75,75,75,75,75,75],"card_choices":[{"not_picked":["Fusion","Gash"],"picked":"Rebound","floor":1},{"not_picked":["Stack","Leap"],"picked":"Hologram","floor":2},{"not_picked":["Turbo","Rebound"],"picked":"Defragment","floor":4},{"not_picked":["Rip and Tear","Beam Cell","Blizzard"],"picked":"SKIP","floor":8},{"not_picked":["Consume","Multi-Cast"],"picked":"Capacitor","floor":10},{"not_picked":["Rebound","Ball Lightning"],"picked":"Fusion","floor":12},{"not_picked":["Steam Power","Sweeping Beam"],"picked":"Conserve Battery","floor":13}],"player_experience":704052,"relics_obtained":[{"floor":9,"key":"Pantograph"},{"floor":10,"key":"Pen Nib"},{"floor":13,"key":"Centennial Puzzle"}],"event_choices":[{"damage_healed":0,"gold_gain":0,"player_choice":"Success","damage_taken":7,"relics_obtained":["Bag of Marbles"],"max_hp_gain":0,"max_hp_loss":0,"event_name":"Scrap Ooze","floor":5,"gold_loss":0},{"damage_healed":0,"gold_gain":0,"player_choice":"Ignored","damage_taken":0,"max_hp_gain":0,"max_hp_loss":0,"event_name":"Liars Game","floor":7,"gold_loss":0}],"is_beta":false,"boss_relics":[],"items_purged_floors":[3],"is_endless":false,"potions_floor_spawned":[1,4,10,13],"killed_by":"Slime Boss","ascension_level":3}