{"gold_per_floor":[114,124,139,150,161,161,189,189,244,277,292,354,115,80,80,177,177,191,191,203,222,322,322,349,349,349,57,57,57,57,89,89,192,192,212,1211,1227,639,656,656,683,253,280,280,315,315,367,393,393,393],"floor_reached":51,"playtime":3524,"items_purged":["Strike_G","Normality","Normality"],"score":1298,"play_id":"fc6b61c8-a7a8-4a7b-b647-d7e76a6f5df6","local_time":"20190309112723","is_ascension_mode":true,"campfire_choices":[{"data":"Neutralize","floor":6.0,"key":"SMITH"},{"floor":8.0,"key":"REST"},{"data":"Slice","floor":15.0,"key":"SMITH"},{"floor":23,"key":"REST"},{"floor":25,"key":"REST"},{"floor":28,"key":"REST"},{"data":"After Image","floor":32,"key":"SMITH"},{"data":"Dagger Throw","floor":40,"key":"SMITH"},{"data":"Calculated Gamble","floor":46,"key":"SMITH"},{"floor":49,"key":"REST"}],"neow_cost":"NONE","seed_source_timestamp":0,"circlet_count":0,"master_deck":["AscendersBane","Defend_G","Defend_G","Defend_G","Defend_G","Defend_G","Strike_G","Strike_G","Strike_G","Strike_G","Survivor","Neutralize+1","Calculated Gamble+1","Deadly Poison","Dagger Throw+1","Corpse Explosion","Flying Knee","Crippling Poison","Dodge and Roll+1","Escape Plan+1","PiercingWail+1","Well Laid Plans","Blur+1","After Image+1","Noxious Fumes+1","Cloak And Dagger+1","Noxious Fumes+1","Dodge and Roll+1","Catalyst+1","Flechettes+1","Die Die Die","Poisoned Stab+1","Blur+1","Caltrops+1","Terror+1","Crippling Poison+1","Poisoned Stab+1","Endless Agony+1","Tools of the Trade+1","Infinite Blades+1","Blade Dance+1","Injury","Endless Agony+1","Blade Dance+1","Malaise+1","Blade Dance+1"],"special_seed":0,"relics":["Ring of the Snake","Bag of Preparation","Sundial","Orichalcum","Toxic Egg 2","Tiny Chest","Sozu","MutagenicStrength","FossilizedHelix","Frozen Egg 2","Prayer Wheel","Potion Belt","OrangePellets","Torii","Cursed Key","Bag of Marbles","MealTicket","Tough Bandages","Frozen Eye","Centennial Puzzle","Dream Catcher","Shovel","Bottled Lightning"],"potions_floor_usage":[],"damage_taken":[{"damage":5.0,"enemies":"Cultist","floor":1.0,"turns":4.0},{"damage":2.0,"enemies":"Jaw Worm","floor":2.0,"turns":5.0},{"damage":0.0,"enemies":"2 Louse","floor":3.0,"turns":3.0},{"damage":1.0,"enemies":"Looter","floor":4.0,"turns":4.0},{"damage":11.0,"enemies":"Large Slime","floor":5.0,"turns":7.0},{"damage":20.0,"enemies":"Lagavulin","floor":7.0,"turns":7.0},{"damage":19.0,"enemies":"3 Sentries","floor":10.0,"turns":3.0},{"damage":0.0,"enemies":"3 Louse","floor":11.0,"turns":1.0},{"damage":1.0,"enemies":"Lagavulin","floor":12.0,"turns":6.0},{"damage":15.0,"enemies":"Hexaghost","floor":16.0,"turns":17.0},{"damage":0,"enemies":"Chosen","floor":18,"turns":6},{"damage":18,"enemies":"Spheric Guardian","floor":20,"turns":7},{"damage":5,"enemies":"Shelled Parasite and Fungi","floor":21,"turns":7},{"damage":3,"enemies":"Colosseum Slavers","floor":22,"turns":5},{"damage":27,"enemies":"Colosseum Nobs","floor":22,"turns":5},{"damage":17,"enemies":"Slavers","floor":24,"turns":4},{"damage":2,"enemies":"Book of Stabbing","floor":31,"turns":5},{"damage":33,"enemies":"Collector","floor":33,"turns":6},{"damage":0,"enemies":"3 Shapes","floor":35,"turns":2},{"damage":0,"enemies":"3 Darklings","floor":37,"turns":1},{"damage":1,"enemies":"Sphere and 2 Shapes","floor":39,"turns":5},{"damage":10,"enemies":"Reptomancer","floor":41,"turns":6},{"damage":14,"enemies":"Giant Head","floor":45,"turns":8},{"damage":24,"enemies":"2 Orb Walkers","floor":47,"turns":4},{"damage":0,"enemies":"Reptomancer","floor":48,"turns":4},{"damage":12,"enemies":"Donu and Deca","floor":50,"turns":6}],"seed_played":"5627271703512588986","potions_obtained":[{"floor":3.0,"key":"EssenceOfSteel"},{"floor":4.0,"key":"Weak Potion"},{"floor":10.0,"key":"Poison Potion"},{"floor":11.0,"key":"EssenceOfSteel"},{"floor":12.0,"key":"GhostInAJar"}],"is_trial":false,"path_per_floor":["M","M","M","M","M","R","E","R","T","E","M","E","$","?","R","B",null,"M","?","M","M","?","R","E","R","T","$","R","?","?","E","R","B",null,"M","?","M","$","M","R","E","$","T","?","E","R","?","E","R","B",null],"character_chosen":"THE_SILENT","items_purchased":["PiercingWail+1","Well Laid Plans","Blur+1","Noxious Fumes+1","Dodge and Roll+1","OrangePellets","Terror+1","Bag of Marbles","MealTicket","Crippling Poison+1","Infinite Blades+1","Blade Dance+1","Frozen Eye"],"campfire_rested":5,"item_purchase_floors":[13,13,13,27,27,27,38,38,38,38,42,42,42],"current_hp_per_floor":[58,56,56,55,44,44,24,45,45,26,26,25,25,42,42,27,59,59,59,41,36,6,27,10,31,31,31,52,52,52,50,50,17,57,57,57,57,57,56,56,46,61,61,61,47,47,23,23,44,32],"gold":393,"neow_bonus":"RANDOM_COMMON_RELIC","is_prod":false,"is_daily":false,"chose_seed":false,"campfire_upgraded":5,"win_rate":0,"timestamp":1552152443,"path_taken":["M","?","M","M","M","R","E","R","T","E","M","E","$","?","R","BOSS","M","?","M","M","?","R","E","R","T","$","R","?","?","E","R","BOSS","M","?","M","$","M","R","E","$","T","?","E","R","?","E","R","BOSS"],"build_version":"2019-01-23","purchased_purges":3,"victory":true,"max_hp_per_floor":[70,70,70,70,70,70,70,70,70,70,70,70,70,70,70,70,70,70,70,70,70,70,70,70,70,70,70,70,70,70,70,70,70,70,70,70,70,70,70,70,70,70,70,70,70,70,70,70,70,70],"card_choices":[{"not_picked":["PiercingWail","Deadly Poison"],"picked":"Calculated Gamble","floor":1.0},{"not_picked":["Deadly Poison","Deflect","Acrobatics"],"picked":"SKIP","floor":2.0},{"not_picked":["Deflect","Acrobatics"],"picked":"Deadly Poison","floor":2.0},{"not_picked":["Underhanded Strike","Deadly Poison"],"picked":"Dagger Throw","floor":3.0},{"not_picked":["Outmaneuver","Prepared"],"picked":"Corpse Explosion","floor":4.0},{"not_picked":["Dodge and Roll","Acrobatics"],"picked":"Flying Knee","floor":5.0},{"not_picked":["Endless Agony","Sucker Punch"],"picked":"Crippling Poison","floor":7.0},{"not_picked":["Bane","Dagger Spray"],"picked":"Dodge and Roll","floor":10.0},{"not_picked":["Blade Dance+1","Dagger Throw"],"picked":"Slice","floor":11.0},{"not_picked":["Dagger Spray","Choke"],"picked":"Escape Plan+1","floor":12.0},{"not_picked":["Storm of Steel+1","A Thousand Cuts"],"picked":"After Image","floor":16.0},{"not_picked":["Dagger Throw","Tactician+1","Infinite Blades"],"picked":"SKIP","floor":18},{"not_picked":["Deadly Poison+1","Sucker Punch","Masterful Stab+1"],"picked":"SKIP","floor":20},{"not_picked":["Outmaneuver+1","Deadly Poison+1","Calculated Gamble+1"],"picked":"SKIP","floor":21},{"not_picked":["Dagger Spray","All Out Attack"],"picked":"Noxious Fumes","floor":22},{"not_picked":["Prepared+1","Dash"],"picked":"Cloak And Dagger+1","floor":24},{"not_picked":["Storm of Steel+1","Terror+1"],"picked":"Flechettes+1","floor":31},{"not_picked":["Venomology+1","Unload"],"picked":"Die Die Die","floor":33},{"not_picked":["Terror+1","Bouncing Flask+1"],"picked":"Poisoned Stab+1","floor":35},{"not_picked":["Quick Slash","Dash"],"picked":"Blur+1","floor":35},{"not_picked":["Reflex+1","Deflect+1"],"picked":"Caltrops+1","floor":37},{"not_picked":["Deflect+1","Slice","Calculated Gamble+1"],"picked":"SKIP","floor":37},{"not_picked":["Distraction+1","Dagger Spray"],"picked":"Poisoned Stab+1","floor":39},{"not_picked":["Deflect+1","Acrobatics+1"],"picked":"Endless Agony+1","floor":39},{"not_picked":["Deflect+1","Eviscerate+1"],"picked":"Tools of the Trade+1","floor":41},{"not_picked":["Slice+1","Poisoned Stab+1"],"picked":"Endless Agony+1","floor":45},{"not_picked":["Deflect+1","Escape Plan+1"],"picked":"Blade Dance+1","floor":47},{"not_picked":["Sucker Punch+1","Bane"],"picked":"Malaise+1","floor":48},{"not_picked":["Underhanded Strike","Dagger Throw"],"picked":"Blade Dance+1","floor":49}],"player_experience":577749,"relics_obtained":[{"floor":7.0,"key":"Sundial"},{"floor":9.0,"key":"Orichalcum"},{"floor":10.0,"key":"Toxic Egg 2"},{"floor":12.0,"key":"Tiny Chest"},{"floor":22,"key":"FossilizedHelix"},{"floor":22,"key":"Frozen Egg 2"},{"floor":24,"key":"Prayer Wheel"},{"floor":26,"key":"Potion Belt"},{"floor":31,"key":"Torii"},{"floor":41,"key":"Tough Bandages"},{"floor":43,"key":"Centennial Puzzle"},{"floor":45,"key":"Dream Catcher"},{"floor":47,"key":"Shovel"},{"floor":48,"key":"Bottled Lightning"}],"event_choices":[{"damage_healed":17.0,"max_hp_gain":0.0,"max_hp_loss":0.0,"gold_gain":0.0,"event_name":"The Cleric","player_choice":"Healed","floor":14.0,"gold_loss":35.0,"damage_taken":0.0},{"damage_healed":0,"gold_gain":0,"player_choice":"Inject Mutagens","damage_taken":0,"relics_obtained":["MutagenicStrength"],"max_hp_gain":0,"max_hp_loss":0,"event_name":"Drug Dealer","floor":19,"gold_loss":0},{"damage_healed":0,"gold_gain":0,"player_choice":"Fight","damage_taken":0,"max_hp_gain":0,"max_hp_loss":0,"event_name":"Colosseum","floor":22,"gold_loss":0},{"damage_healed":0,"gold_gain":0,"player_choice":"Fought Nobs","damage_taken":0,"max_hp_gain":0,"max_hp_loss":0,"event_name":"Colosseum","floor":22,"gold_loss":0},{"damage_healed":0,"gold_gain":0,"player_choice":"Ignored","damage_taken":0,"max_hp_gain":0,"max_hp_loss":0,"event_name":"Ghosts","floor":29,"gold_loss":0},{"damage_healed":0,"gold_gain":0,"player_choice":"Read","damage_taken":0,"max_hp_gain":0,"max_hp_loss":0,"event_name":"The Library","floor":30,"gold_loss":0,"cards_obtained":["Catalyst"]},{"damage_healed":0,"gold_gain":999,"player_choice":"Gold","damage_taken":0,"max_hp_gain":0,"max_hp_loss":0,"event_name":"MindBloom","floor":36,"gold_loss":0,"cards_obtained":["Normality","Normality"]},{"cards_removed":["Slice"],"damage_healed":0,"gold_gain":0,"player_choice":"Removed Attack","damage_taken":0,"max_hp_gain":0,"max_hp_loss":0,"event_name":"Falling","floor":44,"gold_loss":0},{"damage_healed":0,"gold_gain":0,"player_choice":"Fight","damage_taken":0,"max_hp_gain":0,"max_hp_loss":0,"event_name":"Mysterious Sphere","floor":47,"gold_loss":0}],"is_beta":false,"boss_relics":[{"not_picked":["White Beast Statue","Empty Cage"],"picked":"Sozu"},{"not_picked":["Calling Bell","Velvet Choker"],"picked":"Cursed Key"}],"items_purged_floors":[13,38,42],"is_endless":false,"potions_floor_spawned":[3,4,10,11,12,22,24,31,35,39,41,47],"ascension_level":11}