{"gold_per_floor":[110,34,34,51,51,85,102,128,128,128,128,147,147,165,165,165],"floor_reached":16,"playtime":900,"items_purged":[],"score":142,"play_id":"8a51bc14-f09c-4991-b650-d474af3a6eb7","local_time":"20190225140830","is_ascension_mode":true,"campfire_choices":[{"data":"Neutralize","floor":13,"key":"SMITH"},{"data":"Flechettes","floor":15,"key":"SMITH"}],"neow_cost":"NONE","seed_source_timestamp":17304336359963,"circlet_count":0,"master_deck":["Defend_G","Defend_G","Defend_G","Defend_G","Defend_G","Strike_G","Strike_G","Strike_G","Strike_G","Strike_G","Survivor","Neutralize+1","PiercingWail","Flechettes+1","Noxious Fumes+1","Escape Plan","Blade Dance","Deflect","Blade Dance"],"relics":["Ring of the Snake","NeowsBlessing","Juzu Bracelet","Bottled Flame","Frozen Egg 2"],"potions_floor_usage":[8,12],"damage_taken":[{"damage":0,"enemies":"Cultist","floor":1,"turns":1},{"damage":0,"enemies":"2 Louse","floor":4,"turns":1},{"damage":0,"enemies":"3 Sentries","floor":6,"turns":1},{"damage":0,"enemies":"Small Slimes","floor":7,"turns":3},{"damage":25,"enemies":"Lagavulin","floor":8,"turns":8},{"damage":7,"enemies":"Gremlin Gang","floor":12,"turns":4},{"damage":0,"enemies":"2 Fungi Beasts","floor":14,"turns":5},{"damage":40,"enemies":"Hexaghost","floor":16,"turns":11}],"seed_played":"-7650160675230127868","potions_obtained":[{"floor":4,"key":"LiquidBronze"},{"floor":7,"key":"Poison Potion"}],"is_trial":false,"path_per_floor":["M","$","$","M","$","E","M","E","T","?","?","M","R","M","R","B"],"character_chosen":"THE_SILENT","items_purchased":["Flechettes"],"campfire_rested":0,"item_purchase_floors":[2],"current_hp_per_floor":[70,70,70,70,70,70,70,45,45,45,45,38,38,38,38,0],"gold":165,"neow_bonus":"THREE_ENEMY_KILL","is_prod":false,"is_daily":false,"chose_seed":false,"campfire_upgraded":2,"win_rate":0,"timestamp":1551096510,"path_taken":["M","?","$","M","$","E","M","E","T","?","?","M","R","M","R","BOSS"],"build_version":"2019-01-23","purchased_purges":0,"victory":false,"max_hp_per_floor":[70,70,70,70,70,70,70,70,70,70,70,70,70,70,70,70],"card_choices":[{"not_picked":["Blur","Bane"],"picked":"PiercingWail","floor":1},{"not_picked":["Blade Dance","Quick Slash"],"picked":"Noxious Fumes","floor":4},{"not_picked":["Underhanded Strike","Acrobatics"],"picked":"Escape Plan","floor":6},{"not_picked":["Skewer","Flechettes"],"picked":"Blade Dance","floor":7},{"not_picked":["Skewer","Dagger Throw","Reflex"],"picked":"SKIP","floor":8},{"not_picked":["Catalyst","Deadly Poison"],"picked":"Deflect","floor":12},{"not_picked":["Reflex","Prepared"],"picked":"Blade Dance","floor":14}],"player_experience":525156,"relics_obtained":[{"floor":6,"key":"Juzu Bracelet"},{"floor":8,"key":"Bottled Flame"},{"floor":9,"key":"Frozen Egg 2"}],"event_choices":[{"damage_healed":0,"gold_gain":0,"player_choice":"Grow","damage_taken":0,"max_hp_gain":0,"max_hp_loss":0,"event_name":"Living Wall","floor":10,"gold_loss":0,"cards_upgraded":["Noxious Fumes"]},{"damage_healed":0,"gold_gain":0,"player_choice":"Fled","damage_taken":0,"max_hp_gain":0,"max_hp_loss":0,"event_name":"Scrap Ooze","floor":11,"gold_loss":0}],"is_beta":false,"boss_relics":[],"items_purged_floors":[],"is_endless":false,"potions_floor_spawned":[4,7],"killed_by":"Hexaghost","ascension_level":1}