{"gold_per_floor":[117,136,153,172,139,165,182,182,206,206,38,72,87,107,107,203,203,221,234,45,45,45,45,76,0,0,11,28,28,38,58,58,162,162,178,178,16,36,36,67,67,78,78,6,6],"floor_reached":45,"playtime":6017,"items_purged":[],"score":502,"play_id":"746b1237-2c29-4e89-891c-c21bcd845e8a","local_time":"20190126230943","is_ascension_mode":false,"campfire_choices":[{"floor":8,"key":"REST"},{"floor":10,"key":"REST"},{"floor":15,"key":"REST"},{"floor":23,"key":"REST"},{"floor":29,"key":"REST"},{"floor":32,"key":"REST"},{"floor":41,"key":"REST"}],"neow_cost":"NONE","seed_source_timestamp":1163975469506149,"circlet_count":0,"master_deck":["Strike_B+1","Strike_B+1","Strike_B+1","Strike_B+1","Defend_B+1","Defend_B+1","Defend_B+1","Defend_B+1","Zap","Dualcast","Defragment","Fusion","Reprogram","Steam","Multi-Cast","Leap","Ball Lightning","Auto Shields","Conserve Battery","Static Discharge","Capacitor","Go for the Eyes","Barrage","Cold Snap","Machine Learning","Cold Snap","Stack+1","Rainbow","Doom and Gloom","Writhe","Genetic Algorithm","Consume+1","BootSequence","Tempest","Conserve Battery","Beam Cell+1","Leap","Coolheaded+1","Electrodynamics","Loop","Blizzard","Ball Lightning","Go for the Eyes+1","Secret Weapon","Dark Shackles","Conserve Battery+1","Darkness+1","Cold Snap","Defragment"],"relics":["FrozenCore","NeowsBlessing","Darkstone Periapt","Dream Catcher","Whetstone","Inserter","Orichalcum","Oddly Smooth Stone","Ginger","PreservedInsect","Bottled Tornado"],"potions_floor_usage":[6,6,12,16,18,24,31,31,33,33],"damage_taken":[{"damage":0,"enemies":"2 Louse","floor":1,"turns":1},{"damage":0,"enemies":"Small Slimes","floor":2,"turns":2},{"damage":0,"enemies":"Cultist","floor":3,"turns":1},{"damage":9,"enemies":"2 Fungi Beasts","floor":4,"turns":5},{"damage":39,"enemies":"Lagavulin","floor":6,"turns":9},{"damage":12,"enemies":"3 Louse","floor":7,"turns":4},{"damage":23,"enemies":"Gremlin Nob","floor":12,"turns":4},{"damage":3,"enemies":"Exordium Thugs","floor":13,"turns":6},{"damage":1,"enemies":"Exordium Wildlife","floor":14,"turns":3},{"damage":48,"enemies":"Slime Boss","floor":16,"turns":9},{"damage":12,"enemies":"Chosen","floor":18,"turns":6},{"damage":8,"enemies":"Spheric Guardian","floor":19,"turns":6},{"damage":33,"enemies":"Book of Stabbing","floor":24,"turns":6},{"damage":0,"enemies":"Centurion and Healer","floor":27,"turns":10},{"damage":19,"enemies":"Snecko","floor":28,"turns":7},{"damage":30,"enemies":"Sentry and Sphere","floor":30,"turns":6},{"damage":17,"enemies":"3 Cultists","floor":31,"turns":6},{"damage":29,"enemies":"Collector","floor":33,"turns":11},{"damage":17,"enemies":"3 Shapes","floor":35,"turns":7},{"damage":7,"enemies":"Orb Walker","floor":38,"turns":5},{"damage":53,"enemies":"Giant Head","floor":40,"turns":14},{"damage":3,"enemies":"3 Darklings","floor":42,"turns":7},{"damage":28,"enemies":"Sphere and 2 Shapes","floor":45,"turns":3}],"seed_played":"1880248753446581679","potions_obtained":[{"floor":1,"key":"Ancient Potion"},{"floor":3,"key":"Weak Potion"},{"floor":4,"key":"EssenceOfSteel"},{"floor":12,"key":"Strength Potion"},{"floor":13,"key":"Explosive Potion"},{"floor":14,"key":"GamblersBrew"},{"floor":16,"key":"SkillPotion"},{"floor":18,"key":"Explosive Potion"},{"floor":30,"key":"FocusPotion"},{"floor":31,"key":"FearPotion"}],"is_trial":false,"path_per_floor":["M","M","M","M","?","E","M","R","T","R","$","E","M","M","R","B",null,"M","M","$","?","?","R","E","?","T","M","M","R","M","M","R","B",null,"M","?","$","M","?","E","R","M","T","$","M"],"character_chosen":"DEFECT","items_purchased":["Auto Shields","Conserve Battery","Static Discharge","Rainbow","Doom and Gloom","Loop","Blizzard","Ball Lightning","Defragment"],"campfire_rested":7,"item_purchase_floors":[11,11,11,20,20,37,37,37,44],"current_hp_per_floor":[75,75,75,66,66,27,15,37,37,59,59,36,33,32,54,6,75,63,55,55,61,61,81,48,48,48,48,29,53,23,6,30,1,81,64,69,69,62,57,4,28,25,25,25,0],"gold":6,"neow_bonus":"THREE_ENEMY_KILL","is_prod":false,"is_daily":false,"chose_seed":false,"campfire_upgraded":0,"win_rate":0.0,"timestamp":1548540583,"path_taken":["M","M","M","M","?","E","M","R","T","R","$","E","M","M","R","BOSS","M","M","$","?","?","R","E","?","T","M","M","R","M","M","R","BOSS","M","?","$","?","?","E","R","M","T","$","M"],"build_version":"2019-01-23","purchased_purges":0,"victory":false,"max_hp_per_floor":[75,75,75,75,75,75,75,75,75,75,75,75,75,75,75,75,75,75,75,75,81,81,81,81,81,81,81,81,81,81,81,81,81,81,81,81,81,81,81,81,81,81,81,81,81],"card_choices":[{"not_picked":["Streamline","Hologram"],"picked":"Defragment","floor":1},{"not_picked":["FTL","Leap"],"picked":"Fusion","floor":2},{"not_picked":["Gash","Fusion"],"picked":"Reprogram","floor":3},{"not_picked":["Ball Lightning","Gash"],"picked":"Steam","floor":4},{"not_picked":["Fission","Force Field"],"picked":"Multi-Cast","floor":6},{"not_picked":["Melter","Go for the Eyes"],"picked":"Leap","floor":7},{"not_picked":["Sweeping Beam","Coolheaded"],"picked":"Ball Lightning","floor":10},{"not_picked":["Skim","Lockon"],"picked":"Capacitor","floor":12},{"not_picked":["Beam Cell","Aggregate"],"picked":"Go for the Eyes","floor":13},{"not_picked":["Scrape","Go for the Eyes"],"picked":"Barrage","floor":14},{"not_picked":["Heatsinks","Ball Lightning"],"picked":"Cold Snap","floor":15},{"not_picked":["Biased Cognition","Multi-Cast"],"picked":"Machine Learning","floor":16},{"not_picked":["Stack","Hologram"],"picked":"Cold Snap","floor":18},{"not_picked":["Cold Snap+1","Ball Lightning"],"picked":"Stack+1","floor":19},{"not_picked":["Cold Snap","Tempest"],"picked":"Genetic Algorithm","floor":23},{"not_picked":["Steam","Redo+1"],"picked":"Consume+1","floor":24},{"not_picked":["Leap","Cold Snap"],"picked":"BootSequence","floor":27},{"not_picked":["Chaos","Capacitor"],"picked":"Tempest","floor":28},{"not_picked":["Biased Cognition","Go for the Eyes+1"],"picked":"Conserve Battery","floor":29},{"not_picked":["Hello World","Coolheaded+1"],"picked":"Beam Cell+1","floor":30},{"not_picked":["Conserve Battery","Cold Snap"],"picked":"Leap","floor":31},{"not_picked":["Steam","Go for the Eyes+1"],"picked":"Coolheaded+1","floor":32},{"not_picked":["Seek","Fission"],"picked":"Electrodynamics","floor":33},{"not_picked":["Go for the Eyes","Chaos"],"picked":"Gash+1","floor":35},{"not_picked":["Steam+1","Scrape+1"],"picked":"Go for the Eyes+1","floor":38},{"not_picked":["Transmutation","Blind"],"picked":"Secret Weapon","floor":39},{"not_picked":["Enlightenment","Jack Of All Trades"],"picked":"Dark Shackles","floor":39},{"not_picked":["Cold Snap+1","FTL+1"],"picked":"Conserve Battery+1","floor":40},{"not_picked":["Ball Lightning","BootSequence+1"],"picked":"Darkness+1","floor":41},{"not_picked":["Beam Cell+1","Gash"],"picked":"Cold Snap","floor":42}],"player_experience":20959,"relics_obtained":[{"floor":6,"key":"Darkstone Periapt"},{"floor":9,"key":"Dream Catcher"},{"floor":12,"key":"Whetstone"},{"floor":24,"key":"Oddly Smooth Stone"},{"floor":26,"key":"Ginger"},{"floor":40,"key":"PreservedInsect"},{"floor":43,"key":"Bottled Tornado"}],"event_choices":[{"damage_healed":0,"gold_gain":0,"player_choice":"Left Gold","damage_taken":0,"max_hp_gain":0,"max_hp_loss":0,"event_name":"World of Goop","floor":5,"gold_loss":33},{"damage_healed":0,"gold_gain":0,"player_choice":"Opened","damage_taken":0,"relics_obtained":["Orichalcum"],"max_hp_gain":0,"max_hp_loss":0,"event_name":"The Mausoleum","floor":21,"gold_loss":0,"cards_obtained":["Writhe"]},{"damage_healed":0,"gold_gain":0,"player_choice":"Simplicity","damage_taken":0,"max_hp_gain":0,"max_hp_loss":0,"event_name":"Back to Basics","floor":22,"gold_loss":0,"cards_upgraded":["Strike_B","Strike_B","Defend_B","Defend_B","Defend_B","Defend_B"]},{"damage_healed":0,"gold_gain":0,"player_choice":"Paid Fearfully","damage_taken":0,"max_hp_gain":0,"max_hp_loss":0,"event_name":"Masked Bandits","floor":25,"gold_loss":76},{"cards_removed":["Gash"],"damage_healed":5,"gold_gain":0,"player_choice":"Offered Common","damage_taken":0,"max_hp_gain":0,"max_hp_loss":0,"event_name":"Bonfire Elementals","floor":36,"gold_loss":0},{"cards_removed":["Gash"],"damage_healed":5,"gold_gain":0,"player_choice":"Offered Special","damage_taken":0,"max_hp_gain":0,"max_hp_loss":0,"event_name":"Bonfire Elementals","floor":36,"gold_loss":0},{"damage_healed":0,"gold_gain":0,"player_choice":"Memory 2","damage_taken":5,"max_hp_gain":0,"max_hp_loss":0,"event_name":"SensoryStone","floor":39,"gold_loss":0}],"is_beta":false,"boss_relics":[{"not_picked":["Snecko Eye","Calling Bell"],"picked":"Inserter"},{"not_picked":["Runic Pyramid","White Beast Statue"],"picked":"FrozenCore"}],"items_purged_floors":[],"is_endless":false,"potions_floor_spawned":[1,3,4,12,13,14,16,18,19,30,31],"killed_by":"Sphere and 2 Shapes","ascension_level":0}