{"gold_per_floor":[117,128,48,68,79,79,109,122,146,71,83,83,83,96,96,201,201,214,227,244,260,260,260,279,127,127,127,127],"floor_reached":28,"playtime":1912,"items_purged":["Strike_R","Strike_R"],"score":224,"play_id":"61936a42-3b27-4376-9427-17111311fc50","local_time":"20190220194546","is_ascension_mode":false,"campfire_choices":[{"data":"Rampage","floor":6,"key":"SMITH"},{"data":"Armaments","floor":12,"key":"SMITH"},{"data":"Inflame","floor":15,"key":"SMITH"},{"data":"Demon Form","floor":23,"key":"SMITH"},{"data":"1","floor":27,"key":"LIFT"}],"neow_cost":"PERCENT_DAMAGE","seed_source_timestamp":19218571936885,"circlet_count":0,"master_deck":["Strike_R","Strike_R","Defend_R","Defend_R","Defend_R","Bash","Shockwave","Rampage+1","Cleave","Headbutt","Armaments+1","Inflame+1","Flame Barrier","Demon Form+1","Heavy Blade","Whirlwind+1","Evolve"],"relics":["Burning Blood","Girya","Strawberry","Coffee Dripper","Magic Flower"],"potions_floor_usage":[16],"damage_taken":[{"damage":2,"enemies":"2 Louse","floor":1,"turns":3},{"damage":0,"enemies":"Small Slimes","floor":2,"turns":4},{"damage":1,"enemies":"Cultist","floor":4,"turns":4},{"damage":14,"enemies":"Large Slime","floor":5,"turns":6},{"damage":34,"enemies":"3 Sentries","floor":7,"turns":8},{"damage":6,"enemies":"3 Louse","floor":8,"turns":3},{"damage":7,"enemies":"2 Fungi Beasts","floor":11,"turns":3},{"damage":7,"enemies":"Looter","floor":14,"turns":4},{"damage":38,"enemies":"Hexaghost","floor":16,"turns":10},{"damage":0,"enemies":"3 Byrds","floor":18,"turns":3},{"damage":16,"enemies":"2 Thieves","floor":19,"turns":4},{"damage":17,"enemies":"Snecko","floor":20,"turns":5},{"damage":14,"enemies":"Chosen and Byrds","floor":21,"turns":6},{"damage":32,"enemies":"3 Cultists","floor":24,"turns":5},{"damage":20,"enemies":"Colosseum Slavers","floor":28,"turns":2}],"seed_played":"2950390976239037254","potions_obtained":[{"floor":1,"key":"LiquidBronze"},{"floor":2,"key":"Regen Potion"},{"floor":7,"key":"Fire Potion"},{"floor":14,"key":"PowerPotion"},{"floor":19,"key":"SpeedPotion"},{"floor":21,"key":"LiquidBronze"}],"is_trial":false,"path_per_floor":["M","M","$","M","M","R","E","M","T","$","M","R","?","M","R","B",null,"M","M","M","M","?","R","M","$","T","R","?"],"character_chosen":"IRONCLAD","items_purchased":["Rampage","Dexterity Potion"],"campfire_rested":0,"item_purchase_floors":[3,25],"current_hp_per_floor":[60,66,66,71,63,63,35,35,42,42,41,41,41,40,40,23,87,87,77,66,58,58,58,32,32,32,32,12],"gold":127,"neow_bonus":"REMOVE_TWO","is_prod":false,"is_daily":false,"chose_seed":false,"campfire_upgraded":4,"win_rate":0,"timestamp":1550684746,"path_taken":["M","M","$","M","M","R","E","M","T","$","M","R","?","M","R","BOSS","M","M","M","M","?","R","M","?","T","R","?"],"build_version":"2019-01-23","purchased_purges":2,"victory":false,"max_hp_per_floor":[80,80,80,80,80,80,80,80,87,87,87,87,87,87,87,87,87,87,87,87,87,87,87,87,87,87,87,87],"card_choices":[{"not_picked":["Entrench","Sentinel"],"picked":"Shockwave","floor":1},{"not_picked":["Reckless Charge","Clash","Sword Boomerang"],"picked":"SKIP","floor":2},{"not_picked":["Disarm","Shrug It Off"],"picked":"Cleave","floor":4},{"not_picked":["Sword Boomerang","Flex","Anger"],"picked":"SKIP","floor":5},{"not_picked":["Pommel Strike","Twin Strike"],"picked":"Headbutt","floor":7},{"not_picked":["Havoc","Headbutt"],"picked":"Armaments","floor":8},{"not_picked":["Pommel Strike","Burning Pact"],"picked":"Inflame","floor":11},{"not_picked":["Heavy Blade","Anger"],"picked":"Flame Barrier","floor":14},{"not_picked":["Brutality","Bludgeon"],"picked":"Demon Form","floor":16},{"not_picked":["True Grit","Clash"],"picked":"Heavy Blade","floor":18},{"not_picked":["Rage","Body Slam+1","Corruption"],"picked":"SKIP","floor":19},{"not_picked":["Headbutt","Pommel Strike"],"picked":"Whirlwind","floor":20},{"not_picked":["Intimidate","Armaments"],"picked":"Evolve","floor":21},{"not_picked":["Headbutt","Reckless Charge","Wild Strike"],"picked":"SKIP","floor":24}],"player_experience":457618,"relics_obtained":[{"floor":7,"key":"Girya"},{"floor":9,"key":"Strawberry"},{"floor":26,"key":"Magic Flower"}],"event_choices":[{"damage_healed":0,"gold_gain":0,"player_choice":"Ignored","damage_taken":0,"max_hp_gain":0,"max_hp_loss":0,"event_name":"Shining Light","floor":13,"gold_loss":0},{"damage_healed":0,"gold_gain":0,"player_choice":"Forge","damage_taken":0,"max_hp_gain":0,"max_hp_loss":0,"event_name":"Accursed Blacksmith","floor":22,"gold_loss":0,"cards_upgraded":["Whirlwind"]},{"damage_healed":0,"gold_gain":0,"player_choice":"Fight","damage_taken":0,"max_hp_gain":0,"max_hp_loss":0,"event_name":"Colosseum","floor":28,"gold_loss":0}],"is_beta":false,"boss_relics":[{"not_picked":["Tiny House","Astrolabe"],"picked":"Coffee Dripper"}],"items_purged_floors":[10,25],"is_endless":false,"potions_floor_spawned":[1,2,7,14,19,21],"killed_by":"Colosseum Slavers","ascension_level":0}