{"gold_per_floor":[13,29,5,5,19,51,71,141,188,106,106,229,229,239,239,344,344,356,374,424,497,94,126,126,139,163,183,250,9,9,59,59,156,156,156,306,325,475,545,545,557,557,584,613,663,697,264,314,314,314,314,314,62,88,88],"floor_reached":55,"playtime":8903,"items_purged":["Strike_G","Strike_G"],"score":745,"play_id":"ca4c038c-d4a1-4963-8d49-dc84bb737ce8","local_time":"20190309142828","is_ascension_mode":false,"campfire_choices":[{"floor":11,"key":"RECALL"},{"data":"Leg Sweep","floor":13,"key":"SMITH"},{"floor":15,"key":"REST"},{"floor":24,"key":"REST"},{"floor":30,"key":"REST"},{"data":"Grand Finale","floor":32,"key":"SMITH"},{"floor":40,"key":"REST"},{"floor":42,"key":"REST"},{"floor":49,"key":"REST"},{"data":"Caltrops","floor":52,"key":"SMITH"}],"neow_cost":"NO_GOLD","seed_source_timestamp":100689633235020,"circlet_count":0,"master_deck":["Defend_G","Defend_G","Defend_G","Defend_G","Defend_G","Strike_G","Strike_G","Survivor","Neutralize","Corpse Explosion","Bane","Leg Sweep+1","Endless Agony","Quick Slash","Grand Finale","Bane","After Image","Escape Plan","Leg Sweep+1","Caltrops+1","All Out Attack","Setup+1","Calculated Gamble","Grand Finale+1","Malaise","Phantasmal Killer","Dagger Throw+1","Acrobatics+1","Panacea","Footwork","Tactician"],"relics":["Ring of the Snake","SsserpentHead","Ancient Tea Set","PreservedInsect","Runic Pyramid","Vajra","Torii","Meat on the Bone","Potion Belt","DollysMirror","Velvet Choker","Turnip","Dream Catcher","Happy Flower","Pear","Incense Burner"],"potions_floor_usage":[19,33,35,46,50,50,54,55,55],"damage_taken":[{"damage":0,"enemies":"Small Slimes","floor":1,"turns":5},{"damage":0,"enemies":"Cultist","floor":2,"turns":4},{"damage":1,"enemies":"Jaw Worm","floor":5,"turns":4},{"damage":20,"enemies":"Lagavulin","floor":6,"turns":10},{"damage":6,"enemies":"Exordium Wildlife","floor":7,"turns":3},{"damage":0,"enemies":"Lots of Slimes","floor":8,"turns":1},{"damage":0,"enemies":"Looter","floor":14,"turns":3},{"damage":55,"enemies":"Hexaghost","floor":16,"turns":11},{"damage":1,"enemies":"Shell Parasite","floor":18,"turns":5},{"damage":9,"enemies":"Spheric Guardian","floor":19,"turns":8},{"damage":53,"enemies":"Slavers","floor":23,"turns":6},{"damage":0,"enemies":"Cultist and Chosen","floor":25,"turns":5},{"damage":13,"enemies":"Centurion and Healer","floor":27,"turns":4},{"damage":1,"enemies":"Snecko","floor":28,"turns":6},{"damage":26,"enemies":"Automaton","floor":33,"turns":9},{"damage":0,"enemies":"Orb Walker","floor":35,"turns":1},{"damage":9,"enemies":"Mind Bloom Boss Battle","floor":36,"turns":4},{"damage":19,"enemies":"3 Darklings","floor":37,"turns":5},{"damage":24,"enemies":"Spire Growth","floor":39,"turns":5},{"damage":0,"enemies":"4 Shapes","floor":41,"turns":3},{"damage":8,"enemies":"Giant Head","floor":44,"turns":8},{"damage":17,"enemies":"Reptomancer","floor":46,"turns":5},{"damage":34,"enemies":"Donu and Deca","floor":50,"turns":5},{"damage":26,"enemies":"Shield and Spear","floor":54,"turns":4},{"damage":67,"enemies":"The Heart","floor":55,"turns":8}],"seed_played":"8344393580002951537","potions_obtained":[{"floor":2,"key":"SmokeBomb"},{"floor":8,"key":"Explosive Potion"},{"floor":14,"key":"SmokeBomb"},{"floor":16,"key":"Dexterity Potion"},{"floor":25,"key":"PowerPotion"},{"floor":27,"key":"FairyPotion"},{"floor":28,"key":"GhostInAJar"},{"floor":39,"key":"EssenceOfSteel"},{"floor":41,"key":"Weak Potion"}],"is_trial":false,"path_per_floor":["M","M","?","?","M","E","M","M","T","$","R","?","R","M","R","B",null,"M","M","?","T","$","E","R","M","T","M","M","$","R","?","R","B",null,"M","?","M","?","M","R","M","R","T","E","?","E","$","?","R","B",null,"R","$","E","B"],"character_chosen":"THE_SILENT","items_purchased":["Grand Finale","Torii","Caltrops","Calculated Gamble","DollysMirror","Panacea","Pear","Footwork","LiquidBronze","PowerPotion","SteroidPotion"],"campfire_rested":6,"item_purchase_floors":[10,22,22,29,29,47,47,53,53,53,53],"current_hp_per_floor":[70,70,70,70,69,49,43,43,43,43,43,43,43,43,64,9,70,69,60,60,60,60,7,28,40,40,39,38,38,59,59,59,45,70,70,61,42,42,30,51,51,70,70,62,62,45,55,55,79,45,80,80,80,54,0],"gold":88,"neow_bonus":"THREE_RARE_CARDS","is_prod":false,"is_daily":false,"chose_seed":false,"campfire_upgraded":3,"win_rate":0,"timestamp":1552170508,"path_taken":["M","M","?","?","M","E","M","?","T","$","R","?","R","M","R","BOSS","M","M","?","?","$","E","R","M","T","M","?","$","R","?","R","BOSS","M","?","M","?","?","R","M","R","T","E","?","E","$","?","R","BOSS","R","$","E","BOSS"],"build_version":"2019-01-23","purchased_purges":2,"victory":false,"max_hp_per_floor":[70,70,70,70,70,70,70,70,70,70,70,70,70,70,70,70,70,70,70,70,70,70,70,70,70,70,70,70,70,70,70,70,70,70,70,70,70,70,70,70,70,70,70,70,70,70,80,80,80,80,80,80,80,80,80],"card_choices":[{"not_picked":["Glass Knife","Bullet Time"],"picked":"Corpse Explosion","floor":0},{"not_picked":["Prepared","Dodge and Roll","Predator"],"picked":"SKIP","floor":1},{"not_picked":["Acrobatics","Calculated Gamble"],"picked":"Bane","floor":2},{"not_picked":["Footwork","Dodge and Roll"],"picked":"Leg Sweep","floor":5},{"not_picked":["Finisher","Prepared"],"picked":"Endless Agony","floor":6},{"not_picked":["PiercingWail","Dagger Throw"],"picked":"Bane","floor":7},{"not_picked":["Outmaneuver","Accuracy"],"picked":"Quick Slash","floor":8},{"not_picked":["Quick Slash","Underhanded Strike"],"picked":"Bane","floor":14},{"not_picked":["Storm of Steel","Glass Knife"],"picked":"After Image","floor":16},{"not_picked":["Dodge and Roll","Heel Hook"],"picked":"Escape Plan","floor":18},{"not_picked":["Flying Knee","Poisoned Stab"],"picked":"Leg Sweep+1","floor":19},{"not_picked":["Deadly Poison","A Thousand Cuts"],"picked":"All Out Attack","floor":23},{"not_picked":["Predator+1","Riddle With Holes","Flechettes"],"picked":"SKIP","floor":25},{"not_picked":["Bouncing Flask","Flying Knee+1"],"picked":"Setup+1","floor":27},{"not_picked":["Backstab","Cloak And Dagger+1","Poisoned Stab"],"picked":"SKIP","floor":28},{"not_picked":["Corpse Explosion","Unload"],"picked":"Phantasmal Killer","floor":33},{"not_picked":["Backstab+1","Leg Sweep+1"],"picked":"Dagger Throw+1","floor":36},{"not_picked":["Eviscerate+1","Slice+1","PiercingWail+1"],"picked":"SKIP","floor":37},{"not_picked":["Well Laid Plans","Deadly Poison+1"],"picked":"Acrobatics+1","floor":39},{"not_picked":["Dagger Spray+1","Deflect","Underhanded Strike+1"],"picked":"SKIP","floor":41},{"not_picked":["Outmaneuver","Dagger Throw","All Out Attack+1"],"picked":"SKIP","floor":44},{"not_picked":["Dagger Spray","Die Die Die","Deadly Poison+1"],"picked":"SKIP","floor":46},{"not_picked":["Backstab","Blade Dance"],"picked":"Tactician","floor":54}],"player_experience":221633,"relics_obtained":[{"floor":6,"key":"Ancient Tea Set"},{"floor":9,"key":"PreservedInsect"},{"floor":21,"key":"Vajra"},{"floor":23,"key":"Meat on the Bone"},{"floor":26,"key":"Potion Belt"},{"floor":36,"key":"Turnip"},{"floor":44,"key":"Dream Catcher"},{"floor":46,"key":"Happy Flower"},{"floor":54,"key":"Incense Burner"}],"event_choices":[{"damage_healed":0,"gold_gain":0,"player_choice":"Left Gold","damage_taken":0,"max_hp_gain":0,"max_hp_loss":0,"event_name":"World of Goop","floor":3,"gold_loss":24},{"damage_healed":0,"gold_gain":0,"player_choice":"Trade","damage_taken":0,"relics_obtained":["SsserpentHead"],"max_hp_gain":0,"max_hp_loss":0,"event_name":"FaceTrader","floor":4,"gold_loss":0},{"damage_healed":0,"gold_gain":73,"player_choice":"Gained Gold","damage_taken":0,"max_hp_gain":0,"max_hp_loss":0,"event_name":"Golden Wing","floor":12,"gold_loss":0},{"damage_healed":0,"gold_gain":0,"player_choice":"Ignored","damage_taken":0,"max_hp_gain":0,"max_hp_loss":0,"event_name":"Vampires","floor":20,"gold_loss":0},{"damage_healed":0,"gold_gain":0,"cards_transformed":["Strike_G"],"player_choice":"Transformed","damage_taken":0,"max_hp_gain":0,"max_hp_loss":0,"event_name":"Transmorgrifier","floor":31,"gold_loss":0,"cards_obtained":["Malaise"]},{"damage_healed":0,"gold_gain":0,"player_choice":"Fight","damage_taken":0,"max_hp_gain":0,"max_hp_loss":0,"event_name":"MindBloom","floor":36,"gold_loss":0},{"damage_healed":0,"gold_gain":100,"player_choice":"Pray","damage_taken":0,"max_hp_gain":0,"max_hp_loss":0,"event_name":"Golden Shrine","floor":38,"gold_loss":0},{"damage_healed":0,"gold_gain":0,"player_choice":"Ignored","damage_taken":0,"max_hp_gain":0,"max_hp_loss":0,"event_name":"Mysterious Sphere","floor":45,"gold_loss":0},{"cards_removed":["Bane"],"damage_healed":0,"gold_gain":0,"player_choice":"Removed Attack","damage_taken":0,"max_hp_gain":0,"max_hp_loss":0,"event_name":"Falling","floor":48,"gold_loss":0}],"is_beta":false,"boss_relics":[{"not_picked":["Philosopher\u0027s Stone","Cursed Key"],"picked":"Runic Pyramid"},{"not_picked":["Black Star","Tiny House"],"picked":"Velvet Choker"}],"items_purged_floors":[22,47],"is_endless":false,"potions_floor_spawned":[2,8,14,16,25,27,28,35,39,41],"killed_by":"The Heart","ascension_level":0}