{"gold_per_floor":[117,134,11,30,42,42,74,74,123,123,123,154,154,168,168,263,263,282,296,316,415,432,432,460,475,475,475,493,520,520,520,520,520],"floor_reached":33,"playtime":2160,"items_purged":["Clumsy"],"score":414,"play_id":"5107e652-648d-455a-875c-3a80849d146a","local_time":"20180806001242","is_ascension_mode":true,"campfire_choices":[{"data":"Venomology","floor":6,"key":"SMITH"},{"data":"Backstab","floor":8,"key":"SMITH"},{"data":"Dagger Spray","floor":10,"key":"SMITH"},{"data":"Bouncing Flask","floor":15,"key":"SMITH"},{"data":"Deadly Poison","floor":23,"key":"SMITH"},{"data":"Envenom","floor":27,"key":"SMITH"},{"data":"Adrenaline","floor":30,"key":"SMITH"},{"floor":32,"key":"REST"}],"neow_cost":"CURSE","seed_source_timestamp":115549027327119,"circlet_count":0,"master_deck":["Defend_G+1","Defend_G","Defend_G","Defend_G","Defend_G","Strike_G+1","Strike_G+1","Strike_G","Strike_G","Strike_G","Survivor","Neutralize","Backstab+1","PiercingWail","Dagger Spray+1","Deadly Poison+1","Venomology+1","Outmaneuver+1","Bouncing Flask+1","Envenom+1","Backflip+1","Cloak And Dagger+1","Pain","Concentrate+1","Adrenaline+1","Decay"],"relics":["Ring of the Snake","Matryoshka","War Paint","Bronze Scales","Meat on the Bone","Orichalcum","Cursed Key","Darkstone Periapt","Whetstone","Ornamental Fan","Frozen Egg 2"],"potions_floor_usage":[7,12,16,16,18,19,20,20,24,25,25,29,29,33,33],"damage_taken":[{"damage":0,"enemies":"Cultist","floor":1,"turns":5},{"damage":0,"enemies":"Jaw Worm","floor":2,"turns":4},{"damage":0,"enemies":"2 Louse","floor":4,"turns":3},{"damage":1,"enemies":"Exordium Wildlife","floor":5,"turns":3},{"damage":22,"enemies":"Lagavulin","floor":7,"turns":8},{"damage":24,"enemies":"Gremlin Nob","floor":12,"turns":4},{"damage":0,"enemies":"3 Louse","floor":14,"turns":2},{"damage":0,"enemies":"Hexaghost","floor":16,"turns":7},{"damage":0,"enemies":"Shell Parasite","floor":18,"turns":3},{"damage":10,"enemies":"2 Thieves","floor":19,"turns":4},{"damage":4,"enemies":"Chosen and Byrds","floor":20,"turns":5},{"damage":2,"enemies":"Snecko","floor":22,"turns":5},{"damage":5,"enemies":"Book of Stabbing","floor":24,"turns":5},{"damage":0,"enemies":"Snake Plant","floor":25,"turns":3},{"damage":24,"enemies":"Sentry and Sphere","floor":28,"turns":5},{"damage":48,"enemies":"Gremlin Leader","floor":29,"turns":5},{"damage":78,"enemies":"Champ","floor":33,"turns":11}],"seed_played":"8112978069995568397","potions_obtained":[{"floor":1,"key":"Regen Potion"},{"floor":7,"key":"PowerPotion"},{"floor":22,"key":"Weak Potion"},{"floor":29,"key":"Dexterity Potion"}],"is_trial":false,"path_per_floor":["M","M","$","M","M","R","E","R","T","R","?","E","?","M","R","B",null,"M","M","M","?","M","R","E","M","T","R","M","E","R","?","R"],"character_chosen":"THE_SILENT","items_purchased":["Dagger Spray"],"campfire_rested":1,"item_purchase_floors":[3],"current_hp_per_floor":[84,84,84,84,83,83,61,61,61,61,61,49,54,54,54,54,89,89,79,89,89,87,87,82,82,88,88,64,28,28,34,64,0],"gold":520,"neow_bonus":"TWENTY_PERCENT_HP_BONUS","is_prod":false,"is_daily":false,"chose_seed":false,"campfire_upgraded":7,"win_rate":0,"timestamp":1533503562,"path_taken":["M","?","$","M","M","R","E","R","T","R","?","E","?","M","R","BOSS","M","M","M","?","M","R","E","M","T","R","?","E","R","?","R","BOSS"],"build_version":"2018-08-02","purchased_purges":1,"victory":false,"max_hp_per_floor":[84,84,84,84,84,84,84,84,84,84,84,84,89,89,89,89,89,89,89,89,89,89,89,89,89,95,95,95,95,95,101,101,101],"card_choices":[{"not_picked":["Bouncing Flask","PiercingWail"],"picked":"Backstab","floor":1},{"not_picked":["Prepared","Deadly Poison"],"picked":"PiercingWail","floor":2},{"not_picked":["Poisoned Stab","Flying Knee"],"picked":"Deadly Poison","floor":4},{"not_picked":["Bane","Tactician"],"picked":"Venomology","floor":5},{"not_picked":["Dagger Spray","Dodge and Roll"],"picked":"Outmaneuver","floor":7},{"not_picked":["Underhanded Strike","Dodge and Roll","Outmaneuver"],"picked":"SKIP","floor":12},{"not_picked":["Outmaneuver","Endless Agony"],"picked":"Bouncing Flask","floor":14},{"not_picked":["Bullet Time","Corpse Explosion"],"picked":"Envenom","floor":16},{"not_picked":["All Out Attack","Dagger Throw","Cloak And Dagger"],"picked":"SKIP","floor":18},{"not_picked":["Dagger Throw+1","Reflex"],"picked":"Backflip+1","floor":19},{"not_picked":["Dodge and Roll","PiercingWail+1"],"picked":"Cloak And Dagger+1","floor":20},{"not_picked":["Underhanded Strike","Venomology","Dagger Spray"],"picked":"SKIP","floor":22},{"not_picked":["Poisoned Stab","Terror","Bouncing Flask"],"picked":"SKIP","floor":24},{"not_picked":["Distraction","Flying Knee","Acrobatics"],"picked":"SKIP","floor":25},{"not_picked":["Predator","Quick Slash"],"picked":"Concentrate+1","floor":28},{"not_picked":["PiercingWail+1","Heel Hook"],"picked":"Adrenaline","floor":29}],"player_experience":193338,"relics_obtained":[{"floor":7,"key":"Matryoshka"},{"floor":9,"key":"War Paint"},{"floor":9,"key":"Bronze Scales"},{"floor":12,"key":"Orichalcum"},{"floor":24,"key":"Darkstone Periapt"},{"floor":26,"key":"Whetstone"},{"floor":26,"key":"Ornamental Fan"},{"floor":29,"key":"Frozen Egg 2"}],"event_choices":[{"event_name":"Dead Adventurer","player_choice":"Searched \u00271\u0027 times","floor":11,"damage_taken":0},{"event_name":"Big Fish","player_choice":"Donut","floor":13,"damage_taken":0},{"event_name":"Nest","player_choice":"Stole From Cult","floor":21,"damage_taken":0},{"event_name":"Forgotten Altar","player_choice":"Smashed Altar","floor":31,"damage_taken":0}],"is_beta":false,"boss_relics":[{"not_picked":["Coffee Dripper","Ectoplasm"],"picked":"Cursed Key"}],"items_purged_floors":[3],"is_endless":false,"potions_floor_spawned":[1,7,22,29],"killed_by":"Champ","ascension_level":1}