{"path_per_floor":["M","M","?","M","M","R","M","R","T","R","M","$","M","?","R","B",null,"M","?","M","?","M","R","M","M","T","?","E","M","R","T","R","B",null,"M","?","M","M","?","R","?","R","T","M","R","$","R","E","R","B"],"character_chosen":"IRONCLAD","items_purchased":["Enlightenment","Oddly Smooth Stone","Master of Strategy","Regen Potion"],"gold_per_floor":[112,130,130,141,158,158,175,175,248,248,266,66,79,79,79,176,176,193,108,120,90,104,104,123,136,136,136,163,176,176,176,176,274,274,293,293,305,317,370,370,370,370,396,415,415,17,17,49,49,49],"floor_reached":51,"campfire_rested":0,"playtime":4258,"current_hp_per_floor":[70,69,55,54,50,50,56,56,56,56,54,54,58,58,58,7,72,53,53,50,50,31,31,24,26,26,50,37,33,33,33,33,16,72,72,72,72,52,48,48,66,66,66,56,56,56,56,72,72,20],"items_purged":[],"gold":49,"play_id":"b5a1212a-8848-413d-a72f-c01da780fe15","is_prod":false,"is_daily":false,"campfire_rituals":0,"campfire_upgraded":12,"is_hardmode":false,"path_taken":["M","M","?","M","M","R","M","R","T","R","M","$","M","?","R","BOSS","M","?","M","?","M","R","M","M","T","?","E","M","R","?","R","BOSS","M","?","?","M","?","R","?","R","T","?","R","$","R","E","R","BOSS"],"build_version":"2018-01-18-PROD4","purchased_purges":0,"victory":true,"master_deck":["Strike_R","Strike_R","Strike_R","Strike_R","Strike_R","Defend_R","Defend_R","Defend_R","Defend_R","Bash","Brutality","Pummel","True Grit","Perfected Strike","Perfected Strike","Clash","Enlightenment","Shrug It Off","Demon Form","Bloodletting","Sever Soul","Seeing Red","Spot Weakness","Headbutt","Havoc","Pommel Strike","Bludgeon","Uppercut","Havoc","Pommel Strike","Writhe","Shrug It Off","Master of Strategy","Limit Break"],"max_hp_per_floor":[72,72,72,72,72,72,72,72,72,72,72,72,72,72,72,72,72,72,72,72,72,72,72,72,72,72,72,72,72,72,72,72,72,72,72,72,72,72,72,72,72,72,72,72,72,72,72,72,72,72],"relics":["Black Blood","Centennial Puzzle","Magic Flower","Thread and Needle","Blood Vial","Sundial","Mark of Pain","Art of War","Oddly Smooth Stone","Juzu Bracelet"],"campfire_meditates":0,"card_choices":[{"not_picked":["Berserk","Exhume"],"picked":"Brutality"},{"not_picked":["Evolve","Fire Breathing"],"picked":"Pummel"},{"not_picked":["Warcry","Anger"],"picked":"True Grit"},{"not_picked":["Thunderclap","Second Wind"],"picked":"Perfected Strike"},{"not_picked":["Heavy Blade","Body Slam"],"picked":"Perfected Strike"},{"not_picked":["Reckless Charge","Heavy Blade"],"picked":"Clash"},{"not_picked":["Perfected Strike","Wild Strike"],"picked":"Shrug It Off"},{"not_picked":["Brutality","Feed"],"picked":"Demon Form"},{"not_picked":["Flame Barrier","Heavy Blade"],"picked":"Bloodletting"},{"not_picked":["Sword Boomerang","Flex"],"picked":"Sever Soul"},{"not_picked":["Iron Wave","Clothesline"],"picked":"Seeing Red"},{"not_picked":["Flex","Burning Pact"],"picked":"Spot Weakness"},{"not_picked":["Rampage","Searing Blow"],"picked":"Headbutt"},{"not_picked":["Impervious","Iron Wave"],"picked":"Havoc"},{"not_picked":["Anger","Headbutt"],"picked":"Pommel Strike"},{"not_picked":["Exhume","Berserk"],"picked":"Bludgeon"},{"not_picked":["Flex","Havoc"],"picked":"Entrench"},{"not_picked":["Blood for Blood","Body Slam"],"picked":"Uppercut"},{"not_picked":["Sever Soul","Pummel"],"picked":"Havoc"},{"not_picked":["Sword Boomerang","Uppercut"],"picked":"Pommel Strike"},{"not_picked":["Rupture","Rampage"],"picked":"Shrug It Off"},{"not_picked":["Metallicize","Heavy Blade"],"picked":"Limit Break"}],"player_experience":356902,"potions_floor_usage":[16,16,20,29,33,33,44,48,50],"damage_taken":[{"damage":8,"enemies":"Cultist","floor":1,"turns":4},{"damage":7,"enemies":"Small Slimes","floor":2,"turns":5},{"damage":7,"enemies":"Blue Slaver","floor":4,"turns":3},{"damage":10,"enemies":"Large Slime","floor":5,"turns":5},{"damage":0,"enemies":"Gremlin Gang","floor":7,"turns":5},{"damage":8,"enemies":"Red Slaver","floor":11,"turns":2},{"damage":2,"enemies":"Looter","floor":13,"turns":3},{"damage":57,"enemies":"Hexaghost","floor":16,"turns":10},{"damage":29,"enemies":"Shell Parasite","floor":18,"turns":9},{"damage":18,"enemies":"2 Thieves","floor":20,"turns":3},{"damage":34,"enemies":"3 Cultists","floor":22,"turns":6},{"damage":22,"enemies":"Centurion and Healer","floor":24,"turns":5},{"damage":13,"enemies":"Snake Plant","floor":25,"turns":5},{"damage":28,"enemies":"Slavers","floor":28,"turns":5},{"damage":22,"enemies":"Chosen and Byrds","floor":29,"turns":4},{"damage":35,"enemies":"Champ","floor":33,"turns":8},{"damage":0,"enemies":"Orb Walker","floor":35,"turns":2},{"damage":9,"enemies":"3 Darklings","floor":37,"turns":4},{"damage":35,"enemies":"Maw","floor":38,"turns":6},{"damage":22,"enemies":"Mysterious Sphere","floor":39,"turns":5},{"damage":28,"enemies":"Sphere and 2 Shapes","floor":44,"turns":4},{"damage":18,"enemies":"Giant Head","floor":48,"turns":5},{"damage":67,"enemies":"Donu and Deca","floor":50,"turns":6}],"event_choices":[{"event_name":"Shining Light","player_choice":"Entered Light","floor":3,"damage_taken":0},{"event_name":"Upgrade Shrine","player_choice":"Upgraded","floor":14,"damage_taken":0},{"event_name":"Addict","player_choice":"Obtained Relic","floor":19,"damage_taken":0},{"event_name":"The Woman in Blue","player_choice":"Bought 2 Potions","floor":21,"damage_taken":0},{"event_name":"The Library","player_choice":"Heal","floor":27,"damage_taken":0},{"event_name":"Mysterious Sphere","player_choice":"Fight","floor":39,"damage_taken":0},{"event_name":"Winding Halls","player_choice":"Writhe","floor":41,"damage_taken":0}],"boss_relics":[{"not_picked":["Runic Cube","Lizard Tail"],"picked":"Black Blood"},{"not_picked":["Velvet Choker","Runic Dome"],"picked":"Mark of Pain"}],"potions_floor_spawned":[2,11,13,16,25,28,33,39],"seed_played":"-8904352597039437441","is_trial":false}