{"path_per_floor":["M","M","?","M","?","R","?","M","T","$","?","M","R","M","R","B",null,"M","M","$","M","?","E","R","M","T","M","E","?","M","M","R"],"character_chosen":"IRONCLAD","items_purchased":["Apotheosis","Finesse"],"gold_per_floor":[11,29,204,216,216,216,216,236,236,42,7,20,20,31,31,133,133,150,170,1,17,17,47,47,61,114,128,154,154,173,184,184],"floor_reached":33,"campfire_rested":1,"playtime":3278,"current_hp_per_floor":[73,78,78,82,65,65,65,39,39,39,62,62,62,70,70,37,101,92,74,74,62,62,43,76,77,77,78,77,77,51,55,55],"items_purged":["Strike_R"],"gold":184,"play_id":"23577971-9784-4ebf-aafa-91a0b8acfc9b","is_prod":false,"is_daily":false,"campfire_rituals":0,"campfire_upgraded":2,"is_hardmode":false,"path_taken":["M","M","?","M","?","R","?","M","T","$","?","M","R","?","R","BOSS","M","?","?","M","?","E","R","M","T","M","E","?","?","M","R","BOSS"],"build_version":"2018-01-11-PROD2","purchased_purges":1,"victory":false,"master_deck":["Strike_R","Strike_R","Strike_R","Defend_R","Defend_R","Defend_R","Defend_R","Bash","Feed","Twin Strike","Burning Pact","True Grit","Anger","Apotheosis","Battle Trance","Rampage","Feed","Cleave","Finesse","Sentinel","Seeing Red","Shrug It Off","Pommel Strike","Heavy Blade","Reckless Charge"],"max_hp_per_floor":[83,86,86,89,89,89,89,93,93,93,93,97,97,101,101,101,101,105,105,105,109,109,113,113,117,117,121,121,121,125,129,129],"relics":["Burning Blood","Girya","Letter Opener","Darkstone Periapt","Pen Nib","Bag of Preparation","Prayer Wheel","Nloth\u0027s Gift"],"campfire_meditates":0,"card_choices":[{"not_picked":["Bludgeon","Berserk"],"picked":"Feed"},{"not_picked":["Dual Wield","Dropkick"],"picked":"Twin Strike"},{"not_picked":["Evolve","Intimidate"],"picked":"Burning Pact"},{"not_picked":["Body Slam","Combust"],"picked":"True Grit"},{"not_picked":["Iron Wave","Combust"],"picked":"Anger"},{"not_picked":["Inflame","Second Wind"],"picked":"Battle Trance"},{"not_picked":["Perfected Strike","Cleave"],"picked":"Rampage"},{"not_picked":["Brutality","Juggernaut"],"picked":"Feed"},{"not_picked":["Wild Strike","Iron Wave"],"picked":"Cleave"},{"not_picked":["Headbutt","Demon Form"],"picked":"Sentinel"},{"not_picked":["Power Through","Bloodletting"],"picked":"Seeing Red"},{"not_picked":["Clash","Intimidate"],"picked":"Shrug It Off"},{"not_picked":["Perfected Strike","Intimidate"],"picked":"Pommel Strike"},{"not_picked":["Iron Wave","Dropkick"],"picked":"Heavy Blade"},{"not_picked":["Sentinel","Shrug It Off"],"picked":"Reckless Charge"}],"player_experience":89082,"potions_floor_usage":[21,21,23,23,25],"damage_taken":[{"damage":16,"enemies":"Blue Slaver","floor":1,"turns":4},{"damage":4,"enemies":"Small Slimes","floor":2,"turns":3},{"damage":5,"enemies":"2 Louse","floor":4,"turns":4},{"damage":36,"enemies":"Exordium Thugs","floor":8,"turns":6},{"damage":10,"enemies":"Looter","floor":12,"turns":4},{"damage":2,"enemies":"3 Louse","floor":14,"turns":2},{"damage":39,"enemies":"The Guardian","floor":16,"turns":7},{"damage":19,"enemies":"Spheric Guardian","floor":18,"turns":4},{"damage":24,"enemies":"Shell Parasite","floor":19,"turns":5},{"damage":31,"enemies":"Centurion and Healer","floor":21,"turns":4},{"damage":29,"enemies":"Book of Stabbing","floor":23,"turns":5},{"damage":9,"enemies":"Snake Plant","floor":25,"turns":3},{"damage":9,"enemies":"3 Cultists","floor":27,"turns":4},{"damage":7,"enemies":"Gremlin Leader","floor":28,"turns":7},{"damage":36,"enemies":"Centurion and Healer","floor":30,"turns":5},{"damage":6,"enemies":"Snecko","floor":31,"turns":5},{"damage":31,"enemies":"Automaton","floor":33,"turns":6}],"event_choices":[{"event_name":"Liars Game","player_choice":"agreed","floor":3,"damage_taken":0},{"event_name":"Shining Light","player_choice":"Entered Light","floor":5,"damage_taken":0},{"event_name":"Living Wall","player_choice":"Forget","floor":7,"damage_taken":0},{"event_name":"The Cleric","player_choice":"Healed","floor":11,"damage_taken":0},{"event_name":"Back to Basics","player_choice":"Elegance","floor":22,"damage_taken":0},{"event_name":"N\u0027loth","player_choice":"Traded a Black Star","floor":29,"damage_taken":0}],"boss_relics":[{"not_picked":["Philosopher\u0027s Stone","Runic Pyramid"],"picked":"Black Star"}],"potions_floor_spawned":[8,14,16,18,21,23],"seed_played":"-6021826143087058210","killed_by":"Automaton","is_trial":false}