{"gold_per_floor":[112,128,147,79,92,92,152,152,152,152,182,200,226,238,238,342,342,354,370,395,15,30,56,75,4,75,75,85,48,81,81,81,179,179,199,1198,1198,1210,1210],"floor_reached":39,"playtime":3243,"items_purged":["Strike_G"],"score":584,"play_id":"f9852a6f-7a54-4c58-9910-339f886f3929","local_time":"20190128203411","is_ascension_mode":true,"campfire_choices":[{"data":"Skewer","floor":6.0,"key":"SMITH"},{"floor":8.0,"key":"REST"},{"data":"Neutralize","floor":10.0,"key":"SMITH"},{"floor":15.0,"key":"REST"},{"data":"Well Laid Plans","floor":27,"key":"SMITH"},{"floor":32,"key":"REST"}],"neow_cost":"PERCENT_DAMAGE","seed_source_timestamp":0,"circlet_count":0,"master_deck":["Defend_G","Defend_G","Defend_G","Defend_G","Defend_G","Strike_G","Strike_G","Strike_G","Strike_G","Survivor","Neutralize+1","Unload","Slice","Heel Hook","Dagger Throw","Skewer+1","Choke","Terror","Dodge and Roll","Dodge and Roll","Noxious Fumes","Envenom","Backstab+1","Backflip","Catalyst+1","Well Laid Plans+1","Footwork","Cloak And Dagger","After Image","Footwork+1","Underhanded Strike"],"special_seed":0,"relics":["Ring of the Snake","Tiny Chest","Oddly Smooth Stone","Paper Crane","Nunchaku","Philosopher\u0027s Stone","Bag of Marbles","Vajra","Bronze Scales","Blood Vial","Omamori","Snecko Eye"],"potions_floor_usage":[19,23,30,33,38,39],"damage_taken":[{"damage":0.0,"enemies":"Cultist","floor":1.0,"turns":4.0},{"damage":0.0,"enemies":"Jaw Worm","floor":2.0,"turns":4.0},{"damage":3.0,"enemies":"Small Slimes","floor":3.0,"turns":3.0},{"damage":1.0,"enemies":"Looter","floor":5.0,"turns":3.0},{"damage":13.0,"enemies":"Gremlin Nob","floor":7.0,"turns":4.0},{"damage":15.0,"enemies":"Lagavulin","floor":11.0,"turns":3.0},{"damage":0.0,"enemies":"3 Louse","floor":12.0,"turns":2.0},{"damage":20.0,"enemies":"3 Sentries","floor":13.0,"turns":6.0},{"damage":0.0,"enemies":"Exordium Wildlife","floor":14.0,"turns":3.0},{"damage":13.0,"enemies":"Hexaghost","floor":16.0,"turns":8.0},{"damage":2,"enemies":"Shell Parasite","floor":18,"turns":7},{"damage":7,"enemies":"2 Thieves","floor":19,"turns":4},{"damage":9,"enemies":"3 Cultists","floor":22,"turns":5},{"damage":0,"enemies":"Gremlin Leader","floor":23,"turns":6},{"damage":5,"enemies":"Cultist and Chosen","floor":24,"turns":5},{"damage":4,"enemies":"Centurion and Healer","floor":28,"turns":3},{"damage":14,"enemies":"Slavers","floor":30,"turns":5},{"damage":35,"enemies":"Champ","floor":33,"turns":9},{"damage":0,"enemies":"Orb Walker","floor":35,"turns":1},{"damage":23,"enemies":"3 Darklings","floor":38,"turns":5},{"damage":53,"enemies":"2 Orb Walkers","floor":39,"turns":6}],"seed_played":"-3571404894556393219","potions_obtained":[{"floor":3.0,"key":"GhostInAJar"},{"floor":5.0,"key":"SneckoOil"},{"floor":7.0,"key":"Fire Potion"},{"floor":14.0,"key":"PowerPotion"},{"floor":16.0,"key":"PowerPotion"},{"floor":18,"key":"Fire Potion"},{"floor":22,"key":"Energy Potion"},{"floor":23,"key":"Strength Potion"},{"floor":38,"key":"LiquidBronze"}],"is_trial":false,"path_per_floor":["M","M","M","$","M","R","E","R","T","R","E","M","E","M","R","B",null,"M","M","T","$","M","E","M","$","T","R","M","$","E","?","R","B",null,"M","?","?","M","?"],"character_chosen":"THE_SILENT","items_purchased":["Skewer","Vajra","Bronze Scales","Well Laid Plans","Footwork"],"campfire_rested":3,"item_purchase_floors":[4,21,21,25,29],"current_hp_per_floor":[49,49,46,46,45,45,32,53,53,53,38,38,18,18,39,26,70,68,61,61,61,52,52,49,49,49,49,47,47,35,35,56,23,70,70,70,66,43,0],"gold":1210,"neow_bonus":"THREE_RARE_CARDS","is_prod":false,"is_daily":false,"chose_seed":false,"campfire_upgraded":3,"win_rate":0,"timestamp":1548725651,"path_taken":["M","M","M","$","M","R","E","R","T","R","E","M","E","?","R","BOSS","M","M","?","$","M","E","M","?","T","R","M","$","E","?","R","BOSS","M","?","?","?","?"],"build_version":"2019-01-23","purchased_purges":1,"victory":false,"max_hp_per_floor":[70,70,70,70,70,70,70,70,70,70,70,70,70,70,70,70,70,70,70,70,70,70,70,70,70,70,70,70,70,70,70,70,70,70,70,70,66,66,66],"card_choices":[{"not_picked":["Phantasmal Killer","Night Terror"],"picked":"Unload","floor":0.0},{"not_picked":["PiercingWail","Tactician"],"picked":"Slice","floor":1.0},{"not_picked":["Catalyst","Deadly Poison"],"picked":"Heel Hook","floor":2.0},{"not_picked":["Outmaneuver","Catalyst"],"picked":"Dagger Throw","floor":3.0},{"not_picked":["Expertise","Adrenaline"],"picked":"Choke","floor":5.0},{"not_picked":["Dagger Spray","Deflect"],"picked":"Terror","floor":7.0},{"not_picked":["Escape Plan","Tactician","Skewer"],"picked":"SKIP","floor":11.0},{"not_picked":["Outmaneuver","Slice"],"picked":"Dodge and Roll","floor":12.0},{"not_picked":["Riddle With Holes","Distraction"],"picked":"Dodge and Roll","floor":13.0},{"not_picked":["Crippling Poison","PiercingWail"],"picked":"Noxious Fumes","floor":14.0},{"not_picked":["Burst","Doppelganger"],"picked":"Envenom","floor":16.0},{"not_picked":["Outmaneuver","Reflex"],"picked":"Backstab+1","floor":18},{"not_picked":["Outmaneuver+1","Sucker Punch","Cloak And Dagger"],"picked":"SKIP","floor":19},{"not_picked":["Sucker Punch","Caltrops"],"picked":"Backflip","floor":22},{"not_picked":["Outmaneuver","Deflect"],"picked":"Catalyst+1","floor":23},{"not_picked":["Dagger Spray","Blade Dance","A Thousand Cuts"],"picked":"SKIP","floor":24},{"not_picked":["Underhanded Strike","Poisoned Stab","Eviscerate"],"picked":"SKIP","floor":28},{"not_picked":["Heel Hook","Poisoned Stab"],"picked":"Cloak And Dagger","floor":30},{"not_picked":["Die Die Die","Glass Knife"],"picked":"After Image","floor":33},{"not_picked":["Outmaneuver+1","Deflect"],"picked":"Footwork+1","floor":35},{"not_picked":["Distraction+1","Backflip+1"],"picked":"Underhanded Strike","floor":38}],"player_experience":1426427,"relics_obtained":[{"floor":7.0,"key":"Tiny Chest"},{"floor":9.0,"key":"Oddly Smooth Stone"},{"floor":11.0,"key":"Paper Crane"},{"floor":13.0,"key":"Nunchaku"},{"floor":20,"key":"Bag of Marbles"},{"floor":23,"key":"Blood Vial"},{"floor":30,"key":"Omamori"}],"event_choices":[{"damage_healed":0,"gold_gain":0,"player_choice":"Ignored","damage_taken":0,"max_hp_gain":0,"max_hp_loss":0,"event_name":"Vampires","floor":31,"gold_loss":0},{"damage_healed":0,"gold_gain":999,"player_choice":"Gold","damage_taken":0,"max_hp_gain":0,"max_hp_loss":0,"event_name":"MindBloom","floor":36,"gold_loss":0,"cards_obtained":["Normality","Normality"]},{"damage_healed":0,"gold_gain":0,"player_choice":"Max HP","damage_taken":0,"max_hp_gain":0,"max_hp_loss":4,"event_name":"Winding Halls","floor":37,"gold_loss":0},{"damage_healed":0,"gold_gain":0,"player_choice":"Fight","damage_taken":0,"max_hp_gain":0,"max_hp_loss":0,"event_name":"Mysterious Sphere","floor":39,"gold_loss":0}],"is_beta":false,"boss_relics":[{"not_picked":["Orrery","Calling Bell"],"picked":"Philosopher\u0027s Stone"},{"not_picked":["Lizard Tail","Runic Dome"],"picked":"Snecko Eye"}],"items_purged_floors":[21],"is_endless":false,"potions_floor_spawned":[3,5,7,14,16,18,22,23,38],"killed_by":"2 Orb Walkers","ascension_level":4}