{"gold_per_floor":[113,133,9,28,44,44,71,71,71,84,84,103,113,125,125,125],"floor_reached":16,"playtime":4153,"items_purged":["Shame"],"score":148,"play_id":"1f4621a5-1436-48c1-8829-132e5ab8eaee","local_time":"20190218102158","is_ascension_mode":true,"campfire_choices":[{"data":"Iron Wave","floor":6,"key":"SMITH"},{"data":"Battle Trance","floor":8,"key":"SMITH"},{"data":"Iron Wave","floor":15,"key":"SMITH"}],"neow_cost":"CURSE","seed_source_timestamp":0,"circlet_count":0,"master_deck":["Strike_R","Strike_R","Strike_R","Strike_R","Strike_R","Defend_R","Defend_R","Defend_R","Defend_R","Bash","Clothesline","True Grit","Pommel Strike","Iron Wave+1","Battle Trance+1","Evolve","Perfected Strike","Shrug It Off","Iron Wave+1"],"special_seed":0,"relics":["Burning Blood","Nunchaku","Darkstone Periapt","Singing Bowl","Letter Opener"],"potions_floor_usage":[5,13,16,16,16,16],"damage_taken":[{"damage":12,"enemies":"Small Slimes","floor":1,"turns":4},{"damage":4,"enemies":"Jaw Worm","floor":2,"turns":3},{"damage":2,"enemies":"2 Louse","floor":4,"turns":4},{"damage":18,"enemies":"Large Slime","floor":5,"turns":10},{"damage":25,"enemies":"Gremlin Nob","floor":7,"turns":4},{"damage":3,"enemies":"Looter","floor":10,"turns":3},{"damage":0,"enemies":"3 Louse","floor":12,"turns":3},{"damage":16,"enemies":"Exordium Thugs","floor":13,"turns":5},{"damage":4,"enemies":"Large Slime","floor":14,"turns":6},{"damage":46,"enemies":"Hexaghost","floor":16,"turns":12}],"seed_played":"943867412015323116","potions_obtained":[{"floor":1,"key":"GamblersBrew"},{"floor":4,"key":"Regen Potion"},{"floor":7,"key":"FearPotion"},{"floor":14,"key":"EntropicBrew"}],"is_trial":false,"path_per_floor":["M","M","$","M","M","R","E","R","T","M","?","M","M","M","R","B"],"character_chosen":"IRONCLAD","items_purchased":["Pommel Strike"],"campfire_rested":0,"item_purchase_floors":[3],"current_hp_per_floor":[66,68,68,72,60,60,41,41,41,44,32,38,44,46,46,0],"gold":125,"neow_bonus":"ONE_RARE_RELIC","is_prod":false,"is_daily":false,"chose_seed":false,"campfire_upgraded":3,"win_rate":0,"timestamp":1550503318,"path_taken":["M","M","$","M","M","R","E","R","T","M","?","M","M","M","R","BOSS"],"build_version":"2019-01-23","purchased_purges":1,"victory":false,"max_hp_per_floor":[80,80,80,80,80,80,80,80,80,80,80,80,82,82,82,82],"card_choices":[{"not_picked":["Perfected Strike","Cleave"],"picked":"Clothesline","floor":1},{"not_picked":["Seeing Red","Armaments"],"picked":"True Grit","floor":2},{"not_picked":["True Grit","Clash"],"picked":"Iron Wave","floor":4},{"not_picked":["Body Slam","Sword Boomerang"],"picked":"Battle Trance","floor":5},{"not_picked":["Iron Wave","Pummel"],"picked":"Evolve","floor":7},{"not_picked":["Cleave","Uppercut"],"picked":"Perfected Strike","floor":10},{"not_picked":["Body Slam","Heavy Blade"],"picked":"Shrug It Off","floor":12},{"not_picked":["Bloodletting","Battle Trance","Hemokinesis"],"picked":"Singing Bowl","floor":13},{"not_picked":["Sever Soul","Barricade"],"picked":"Iron Wave","floor":14}],"player_experience":1600782,"relics_obtained":[{"floor":7,"key":"Darkstone Periapt"},{"floor":9,"key":"Singing Bowl"}],"event_choices":[{"damage_healed":0,"gold_gain":0,"player_choice":"Success","damage_taken":12,"relics_obtained":["Letter Opener"],"max_hp_gain":0,"max_hp_loss":0,"event_name":"Scrap Ooze","floor":11,"gold_loss":0}],"is_beta":false,"boss_relics":[],"items_purged_floors":[3],"is_endless":false,"potions_floor_spawned":[1,4,7,14],"killed_by":"Hexaghost","ascension_level":8}