{"gold_per_floor":[364,88,103,103,122,122,122,155,179,222,4,4,27,51,51,170,170,190,20,38],"floor_reached":20,"playtime":1379,"items_purged":["Strike_B","Injury","Strike_B"],"score":184,"play_id":"d2e5ce50-7935-434e-ae79-8e4a5fbfc156","local_time":"20190305051035","is_ascension_mode":false,"campfire_choices":[{"data":"Zap","floor":7,"key":"SMITH"},{"data":"Go for the Eyes","floor":12,"key":"SMITH"},{"floor":15,"key":"REST"}],"neow_cost":"TEN_PERCENT_HP_LOSS","seed_source_timestamp":69183333703654,"circlet_count":0,"master_deck":["Strike_B","Defend_B","Defend_B","Defend_B","Defend_B","Zap+1","Dualcast","Steam","Compile Driver","Go for the Eyes+1","Sweeping Beam","Beam Cell","Coolheaded","Scrape+1","Coolheaded","Fusion","Reinforced Body","All For One+1","Hologram+1","Beam Cell+1"],"relics":["Cracked Core","Pen Nib","Golden Idol","Dream Catcher","Centennial Puzzle","Molten Egg 2","Sozu"],"potions_floor_usage":[8],"damage_taken":[{"damage":0,"enemies":"2 Louse","floor":1,"turns":4},{"damage":1,"enemies":"Jaw Worm","floor":3,"turns":3},{"damage":0,"enemies":"Cultist","floor":5,"turns":3},{"damage":20,"enemies":"Gremlin Nob","floor":8,"turns":4},{"damage":21,"enemies":"Lagavulin","floor":10,"turns":5},{"damage":5,"enemies":"Large Slime","floor":13,"turns":2},{"damage":3,"enemies":"Exordium Wildlife","floor":14,"turns":3},{"damage":16,"enemies":"Slime Boss","floor":16,"turns":7},{"damage":0,"enemies":"Shell Parasite","floor":18,"turns":2},{"damage":0,"enemies":"3 Byrds","floor":20,"turns":3}],"seed_played":"3685145157030030965","potions_obtained":[{"floor":3,"key":"SteroidPotion"},{"floor":5,"key":"Dexterity Potion"}],"is_trial":false,"path_per_floor":["M","$","M","?","M","?","R","E","T","E","$","R","M","M","R","B",null,"M","$","M"],"character_chosen":"DEFECT","items_purchased":["Compile Driver","Pen Nib","Scrape+1","Coolheaded","Beam Cell+1"],"campfire_rested":1,"item_purchase_floors":[2,2,11,11,19],"current_hp_per_floor":[68,68,67,60,60,60,60,40,40,19,19,19,14,11,31,15,68,68,68,68],"gold":38,"neow_bonus":"TWO_FIFTY_GOLD","is_prod":false,"is_daily":false,"chose_seed":false,"campfire_upgraded":2,"win_rate":0,"timestamp":1551755435,"path_taken":["M","$","M","?","M","?","R","E","T","E","$","R","M","M","R","BOSS","M","$","M"],"build_version":"2019-01-23","purchased_purges":3,"victory":false,"max_hp_per_floor":[68,68,68,68,68,68,68,68,68,68,68,68,68,68,68,68,68,68,68,68],"card_choices":[{"not_picked":["Turbo","Streamline"],"picked":"Steam","floor":1},{"not_picked":["Reinforced Body","Barrage"],"picked":"Go for the Eyes","floor":3},{"not_picked":["Buffer","Barrage"],"picked":"Sweeping Beam","floor":5},{"not_picked":["Heatsinks","Fusion"],"picked":"Beam Cell","floor":8},{"not_picked":["Turbo","Echo Form"],"picked":"Coolheaded","floor":10},{"not_picked":["Recycle","Compile Driver+1"],"picked":"Fusion","floor":13},{"not_picked":["Turbo","Ball Lightning+1"],"picked":"Reinforced Body","floor":14},{"not_picked":["Machine Learning","Fission"],"picked":"All For One+1","floor":16},{"not_picked":["Barrage+1","Ball Lightning+1"],"picked":"Hologram+1","floor":18}],"player_experience":633041,"relics_obtained":[{"floor":8,"key":"Dream Catcher"},{"floor":9,"key":"Centennial Puzzle"},{"floor":10,"key":"Molten Egg 2"}],"event_choices":[{"cards_removed":["Strike_B"],"damage_healed":0,"gold_gain":0,"player_choice":"Card Removal","damage_taken":7,"max_hp_gain":0,"max_hp_loss":0,"event_name":"Golden Wing","floor":4,"gold_loss":0},{"damage_healed":0,"gold_gain":0,"player_choice":"Take Wound","damage_taken":0,"relics_obtained":["Golden Idol"],"max_hp_gain":0,"max_hp_loss":0,"event_name":"Golden Idol","floor":6,"gold_loss":0,"cards_obtained":["Injury"]}],"is_beta":false,"boss_relics":[{"not_picked":["Nuclear Battery","Eternal Feather"],"picked":"Sozu"}],"items_purged_floors":[2,11,19],"is_endless":false,"potions_floor_spawned":[3,5,18],"killed_by":"3 Byrds","ascension_level":0}