{"path_per_floor":["M","?","?","M","M","E","$","E","T","M","E","R","$","M","R","B",null,"M","T","T","M","T","R","E","M","T","?","$","?","R","M","R","B",null,"M","$","M","?","M"],"character_chosen":"DEFECT","items_purchased":["Capacitor","Compile Driver","Heatsinks"],"gold_per_floor":[111,111,111,130,150,176,29,84,107,125,158,158,58,72,72,176,176,192,192,216,226,250,250,277,296,296,296,119,119,119,136,136,236,236,246,18,29,29,47,47],"floor_reached":40,"campfire_rested":2,"playtime":3747,"item_purchase_floors":[7,28,36],"current_hp_per_floor":[68,68,68,68,68,58,58,53,53,49,27,47,47,47,47,21,68,68,68,68,43,43,43,11,12,12,12,12,12,47,39,39,7,68,64,64,34,34,31,0],"items_purged":["Defend_B","Defend_B","Defend_B","Defend_B"],"gold":47,"score":424,"play_id":"c588cf0f-27cb-4e4a-8e40-6c0d4f8ac46e","local_time":"20180606004425","is_prod":false,"is_daily":false,"chose_seed":false,"is_ascension_mode":false,"campfire_upgraded":3,"win_rate":0.0,"timestamp":1528260265,"campfire_choices":[{"floor":12,"key":"REST"},{"data":"Loop","floor":15,"key":"SMITH"},{"data":"Multi-Cast","floor":23,"key":"SMITH"},{"floor":30,"key":"REST"},{"data":"Amplify","floor":32,"key":"SMITH"}],"path_taken":["M","?","?","M","M","E","?","E","T","M","E","R","$","M","R","BOSS","M","?","?","?","?","R","E","M","T","?","$","?","R","M","R","BOSS","M","$","M","?","M","E"],"build_version":"2018-05-31","seed_source_timestamp":83612916249309,"purchased_purges":4,"victory":false,"master_deck":["Zap","Dualcast","Glacier","Steam","Streamline+1","Doom and Gloom+1","Redo","Capacitor","Blizzard","Multi-Cast+1","Loop+1","Amplify+1","Steam","Beam Cell+1","Buffer+1","Compile Driver","Rainbow+1","Heatsinks","Barrage+1"],"max_hp_per_floor":[68,68,68,68,68,68,68,68,68,68,68,68,68,68,68,68,68,68,68,68,68,68,68,68,68,68,68,68,68,68,68,68,68,68,68,68,68,68,68,68],"relics":["Cracked Core","Potion Belt","Tiny Chest","Oddly Smooth Stone","Darkstone Periapt","Velvet Choker","Gremlin Horn","Blood Vial","Anchor","Whetstone","Regal Pillow","Inserter"],"card_choices":[{"not_picked":["White Noise","Hologram"],"picked":"Glacier","floor":1},{"not_picked":["Stack","Steam"],"picked":"Streamline","floor":4},{"not_picked":["Steam Power","Hologram"],"picked":"Doom and Gloom","floor":5},{"not_picked":["Buffer","Defragment"],"picked":"Redo","floor":6},{"not_picked":["Leap","Redo"],"picked":"Blizzard","floor":8},{"not_picked":["Auto Shields","Force Field","Conserve Battery"],"picked":"SKIP","floor":10},{"not_picked":["Redo","Stack"],"picked":"Multi-Cast","floor":11},{"not_picked":["Static Discharge","Melter"],"picked":"Loop","floor":14},{"not_picked":["Echo Form","Thunder Strike"],"picked":"Amplify","floor":16},{"not_picked":["Barrage","Leap"],"picked":"Steam","floor":18},{"not_picked":["Sweeping Beam","Gash"],"picked":"Beam Cell+1","floor":21},{"not_picked":["Gash+1","Stack","Hologram+1"],"picked":"SKIP","floor":24},{"not_picked":["Go for the Eyes","Beam Cell"],"picked":"Buffer","floor":25},{"not_picked":["Reinforced Body","Ball Lightning","Compile Driver"],"picked":"SKIP","floor":31},{"not_picked":["Fission","Electrodynamics"],"picked":"Rainbow","floor":33},{"not_picked":["Gash+1","Go for the Eyes","Streamline"],"picked":"SKIP","floor":35},{"not_picked":["Rebound+1","Scrape+1"],"picked":"Barrage+1","floor":37},{"not_picked":["Lockon+1","Beam Cell","Sweeping Beam+1"],"picked":"SKIP","floor":39}],"player_experience":639319,"potions_floor_usage":[8,16,16,18,24,33,40],"damage_taken":[{"damage":0,"enemies":"Small Slimes","floor":1,"turns":2},{"damage":0,"enemies":"Cultist","floor":4,"turns":6},{"damage":0,"enemies":"Jaw Worm","floor":5,"turns":4},{"damage":10,"enemies":"Lagavulin","floor":6,"turns":6},{"damage":5,"enemies":"3 Sentries","floor":8,"turns":8},{"damage":4,"enemies":"3 Louse","floor":10,"turns":3},{"damage":22,"enemies":"Gremlin Nob","floor":11,"turns":5},{"damage":0,"enemies":"Exordium Wildlife","floor":14,"turns":3},{"damage":26,"enemies":"The Guardian","floor":16,"turns":10},{"damage":0,"enemies":"Spheric Guardian","floor":18,"turns":4},{"damage":25,"enemies":"3 Byrds","floor":21,"turns":4},{"damage":34,"enemies":"Slavers","floor":24,"turns":5},{"damage":1,"enemies":"Cultist and Chosen","floor":25,"turns":5},{"damage":10,"enemies":"Sentry and Sphere","floor":31,"turns":4},{"damage":34,"enemies":"Collector","floor":33,"turns":9},{"damage":4,"enemies":"Orb Walker","floor":35,"turns":5},{"damage":32,"enemies":"3 Shapes","floor":37,"turns":5},{"damage":5,"enemies":"3 Darklings","floor":39,"turns":6},{"damage":42,"enemies":"Nemesis","floor":40,"turns":8}],"relics_obtained":[{"floor":6,"key":"Potion Belt"},{"floor":8,"key":"Tiny Chest"},{"floor":9,"key":"Oddly Smooth Stone"},{"floor":11,"key":"Darkstone Periapt"},{"floor":19,"key":"Gremlin Horn"},{"floor":20,"key":"Blood Vial"},{"floor":22,"key":"Anchor"},{"floor":24,"key":"Whetstone"},{"floor":26,"key":"Regal Pillow"}],"event_choices":[{"event_name":"Transmorgrifier","player_choice":"Transform","floor":2,"damage_taken":0},{"event_name":"Living Wall","player_choice":"Forget","floor":3,"damage_taken":0},{"event_name":"Vampires","player_choice":"Ignored","floor":27,"damage_taken":0},{"event_name":"Upgrade Shrine","player_choice":"Upgraded","floor":29,"damage_taken":0},{"event_name":"Accursed Blacksmith","player_choice":"Forge","floor":38,"damage_taken":0}],"boss_relics":[{"not_picked":["Pandora\u0027s Box","Astrolabe"],"picked":"Velvet Choker"},{"not_picked":["Cursed Key","Philosopher\u0027s Stone"],"picked":"Inserter"}],"items_purged_floors":[7,13,28,36],"potions_floor_spawned":[1,4,8,10,11,24,25,39],"seed_played":"-4209744591339166044","killed_by":"Nemesis","ascension_level":0,"potions_obtained":[{"floor":1,"key":"Dexterity Potion"},{"floor":4,"key":"AttackPotion"},{"floor":8,"key":"PowerPotion"},{"floor":10,"key":"SkillPotion"},{"floor":11,"key":"SpeedPotion"},{"floor":24,"key":"GamblersBrew"},{"floor":25,"key":"Explosive Potion"},{"floor":39,"key":"Weak Potion"}],"is_trial":false}