{"gold_per_floor":[114,129,140,154,166,166,181,181,181,195,224,22,22,49,49,154,154,170,170,1,1,15,15,29,29,29,62,62,39,56,56,56,56],"floor_reached":33,"playtime":1596,"items_purged":["Strike_B","Strike_B"],"score":291,"play_id":"607d9ed5-7a7a-426c-8b1f-0039e0117740","local_time":"20180916225238","is_ascension_mode":true,"campfire_choices":[{"data":"Dualcast","floor":6,"key":"SMITH"},{"data":"Zap","floor":8,"key":"SMITH"},{"data":"Hologram","floor":13,"key":"SMITH"},{"data":"Fission","floor":15,"key":"SMITH"},{"data":"Defragment","floor":23,"key":"SMITH"},{"data":"Skim","floor":25,"key":"SMITH"},{"data":"Steam","floor":28,"key":"SMITH"},{"data":"Conserve Battery","floor":32,"key":"SMITH"}],"neow_cost":"NONE","seed_source_timestamp":606116880372006,"circlet_count":0,"master_deck":["Strike_B","Defend_B","Defend_B","Defend_B","Defend_B","Zap+1","Dualcast+1","Streamline","Gash","Defragment+1","Reinforced Body","Skim+1","Ball Lightning","Hologram+1","Reprogram","Fission+1","Echo Form","Gash","Capacitor","Genetic Algorithm","Steam+1","Conserve Battery+1","Electrodynamics"],"relics":["Cracked Core","Lantern","Mummified Hand","Tiny Chest","Happy Flower","Coffee Dripper","Question Card","Blue Candle"],"potions_floor_usage":[5,10,11,14,18,24,30],"damage_taken":[{"damage":1,"enemies":"Jaw Worm","floor":1,"turns":3},{"damage":0,"enemies":"Cultist","floor":2,"turns":2},{"damage":3,"enemies":"2 Louse","floor":3,"turns":3},{"damage":13,"enemies":"Red Slaver","floor":4,"turns":2},{"damage":0,"enemies":"2 Fungi Beasts","floor":5,"turns":2},{"damage":2,"enemies":"Blue Slaver","floor":7,"turns":5},{"damage":0,"enemies":"Exordium Thugs","floor":10,"turns":3},{"damage":11,"enemies":"Lagavulin","floor":11,"turns":5},{"damage":8,"enemies":"3 Sentries","floor":14,"turns":5},{"damage":24,"enemies":"Hexaghost","floor":16,"turns":7},{"damage":0,"enemies":"3 Byrds","floor":18,"turns":4},{"damage":0,"enemies":"Chosen","floor":22,"turns":4},{"damage":9,"enemies":"Snecko","floor":24,"turns":5},{"damage":29,"enemies":"Book of Stabbing","floor":27,"turns":5},{"damage":0,"enemies":"Snake Plant","floor":30,"turns":3},{"damage":53,"enemies":"Collector","floor":33,"turns":6}],"seed_played":"-7416434276441578439","potions_obtained":[{"floor":0,"key":"Weak Potion"},{"floor":0,"key":"Fire Potion"},{"floor":0,"key":"Dexterity Potion"},{"floor":5,"key":"Fire Potion"},{"floor":10,"key":"SteroidPotion"},{"floor":14,"key":"Fire Potion"},{"floor":18,"key":"Explosive Potion"},{"floor":27,"key":"EssenceOfSteel"}],"is_trial":false,"path_per_floor":["M","M","M","M","M","R","M","R","T","M","E","$","R","E","R","B",null,"M","?","$","?","M","R","M","R","T","E","R","$","M","$","R"],"character_chosen":"DEFECT","items_purchased":["Tiny Chest","Capacitor","Conserve Battery"],"campfire_rested":0,"item_purchase_floors":[12,20,29],"current_hp_per_floor":[74,74,71,58,58,58,56,56,56,56,45,45,45,37,37,13,75,75,75,75,75,75,75,66,66,66,37,37,37,37,37,37,0],"gold":56,"neow_bonus":"THREE_SMALL_POTIONS","is_prod":false,"is_daily":false,"chose_seed":false,"campfire_upgraded":8,"win_rate":0,"timestamp":1537152758,"path_taken":["M","M","M","M","M","R","M","R","T","M","E","$","R","E","R","BOSS","M","?","$","?","M","R","M","R","T","E","R","?","?","?","R","BOSS"],"build_version":"2018-09-06","purchased_purges":2,"victory":false,"max_hp_per_floor":[75,75,75,75,75,75,75,75,75,75,75,75,75,75,75,75,75,75,75,75,75,75,75,75,75,75,75,75,75,75,75,75,75],"card_choices":[{"not_picked":["Rip and Tear","Force Field"],"picked":"Streamline","floor":1},{"not_picked":["Cold Snap","Tempest"],"picked":"Gash","floor":2},{"not_picked":["Barrage","Hello World"],"picked":"Defragment","floor":3},{"not_picked":["Double Energy","Conserve Battery"],"picked":"Reinforced Body","floor":4},{"not_picked":["Stack","White Noise"],"picked":"Skim","floor":5},{"not_picked":["Beam Cell","Leap"],"picked":"Ball Lightning","floor":7},{"not_picked":["Storm","Heatsinks"],"picked":"Hologram","floor":10},{"not_picked":["Rip and Tear","Double Energy"],"picked":"Reprogram","floor":11},{"not_picked":["Loop","Blizzard"],"picked":"Fission","floor":14},{"not_picked":["Machine Learning","Creative AI"],"picked":"Echo Form","floor":16},{"not_picked":["Cold Snap","Streamline+1"],"picked":"Gash","floor":18},{"not_picked":["Ball Lightning","Steam"],"picked":"Genetic Algorithm","floor":22},{"not_picked":["Skim","Consume","Go for the Eyes"],"picked":"SKIP","floor":24},{"not_picked":["Barrage","Hello World","Force Field"],"picked":"Steam","floor":27},{"not_picked":["Hologram+1","Conserve Battery+1","Streamline+1"],"picked":"Electrodynamics","floor":30}],"player_experience":553808,"relics_obtained":[{"floor":9,"key":"Lantern"},{"floor":11,"key":"Mummified Hand"},{"floor":14,"key":"Happy Flower"},{"floor":26,"key":"Question Card"},{"floor":27,"key":"Blue Candle"}],"event_choices":[{"event_name":"N\u0027loth","player_choice":"Ignored","floor":19,"damage_taken":0},{"event_name":"Bonfire Elementals","player_choice":"BASIC","floor":21,"damage_taken":0}],"is_beta":false,"boss_relics":[{"not_picked":["Nuclear Battery","Empty Cage"],"picked":"Coffee Dripper"}],"items_purged_floors":[12,20],"is_endless":false,"potions_floor_spawned":[4,5,10,14,18,27],"killed_by":"Collector","ascension_level":1}