{"gold_per_floor":[110,1,1,1,20,20,60,60,60,60,91,31,31],"floor_reached":13,"playtime":374,"items_purged":["Parasite"],"score":160,"play_id":"d6ac0419-5de8-42c1-b52b-632cc24f8113","local_time":"20190309114917","is_ascension_mode":true,"campfire_choices":[{"data":"Bash","floor":6,"key":"SMITH"},{"data":"Disarm","floor":8,"key":"SMITH"}],"neow_cost":"NONE","seed_source_timestamp":160645440118986,"circlet_count":0,"master_deck":["AscendersBane","Strike_R","Strike_R","Strike_R","Strike_R","Strike_R","Defend_R","Defend_R","Defend_R","Defend_R","Bash+1","True Grit","Disarm+1","Flame Barrier"],"relics":["Burning Blood","Juzu Bracelet","Blue Candle","Golden Idol","Ornamental Fan","The Courier","Bronze Scales"],"potions_floor_usage":[7,7,13],"damage_taken":[{"damage":6,"enemies":"Cultist","floor":1,"turns":4},{"damage":0,"enemies":"2 Louse","floor":5,"turns":4},{"damage":16,"enemies":"Gremlin Nob","floor":7,"turns":3},{"damage":56,"enemies":"Lagavulin","floor":11,"turns":10},{"damage":1,"enemies":"Gremlin Nob","floor":13,"turns":3}],"seed_played":"2255923915314318105","potions_obtained":[{"floor":11,"key":"EssenceOfSteel"}],"is_trial":false,"path_per_floor":["M","$","?","?","M","R","E","R","T","?","E","$","E"],"character_chosen":"IRONCLAD","items_purchased":["Fire Potion","Fire Potion"],"campfire_rested":0,"item_purchase_floors":[2,2],"current_hp_per_floor":[68,68,50,50,56,56,46,46,46,63,13,13,12],"gold":31,"neow_bonus":"RANDOM_COMMON_RELIC","is_prod":false,"is_daily":false,"chose_seed":false,"campfire_upgraded":2,"win_rate":0,"timestamp":1552153757,"path_taken":["M","$","?","?","M","R","E","R","T","?","E","$","E"],"build_version":"2019-01-23","purchased_purges":1,"victory":false,"max_hp_per_floor":[75,75,75,68,68,68,68,68,68,68,68,65,65],"card_choices":[{"not_picked":["Wild Strike","Headbutt"],"picked":"True Grit","floor":1},{"not_picked":["Heavy Blade","Hemokinesis","Anger"],"picked":"SKIP","floor":5},{"not_picked":["Juggernaut","Pommel Strike"],"picked":"Disarm","floor":7},{"not_picked":["Reckless Charge","Perfected Strike"],"picked":"Flame Barrier","floor":11}],"player_experience":336852,"relics_obtained":[{"floor":7,"key":"Ornamental Fan"},{"floor":9,"key":"The Courier"},{"floor":11,"key":"Bronze Scales"}],"event_choices":[{"damage_healed":0,"gold_gain":0,"player_choice":"Success","damage_taken":18,"relics_obtained":["Blue Candle"],"max_hp_gain":0,"max_hp_loss":0,"event_name":"Scrap Ooze","floor":3,"gold_loss":0},{"damage_healed":0,"gold_gain":0,"player_choice":"Lose Max HP","damage_taken":0,"relics_obtained":["Golden Idol"],"max_hp_gain":0,"max_hp_loss":7,"event_name":"Golden Idol","floor":4,"gold_loss":0},{"damage_healed":17,"gold_gain":0,"player_choice":"Healed and dodged fight","damage_taken":0,"max_hp_gain":0,"max_hp_loss":0,"event_name":"Mushrooms","floor":10,"gold_loss":0,"cards_obtained":["Parasite"]}],"is_beta":false,"boss_relics":[],"items_purged_floors":[12],"is_endless":false,"potions_floor_spawned":[5,11],"killed_by":"Gremlin Nob","ascension_level":16}