{"gold_per_floor":[115,134,145,145,156,156,170,243,243,518,518,531,551,24,24,129,129,139,64,77,96,96,126,126,161,186,186,186,6,18,117,117,117],"floor_reached":33,"playtime":1308,"items_purged":["Regret","Strike_B"],"score":441,"play_id":"a7c8dd1d-fdb8-4bd0-bc85-fc383e1058b7","local_time":"20190308231033","is_ascension_mode":true,"campfire_choices":[{"data":"Sunder","floor":6,"key":"SMITH"},{"data":"Coolheaded","floor":11,"key":"SMITH"},{"data":"Defragment","floor":15,"key":"SMITH"},{"floor":24,"key":"REST"},{"floor":27,"key":"REST"},{"floor":32,"key":"REST"}],"neow_cost":"NONE","seed_source_timestamp":114187200526716,"circlet_count":0,"master_deck":["AscendersBane","Strike_B","Strike_B","Strike_B","Defend_B","Defend_B","Defend_B","Defend_B","Zap+1","Dualcast","Sunder+1","FTL","Leap","Coolheaded+1","Ball Lightning","Defragment+1","Electrodynamics","Hologram","Self Repair","Seek","Glacier"],"relics":["Cracked Core","Sundial","Lee\u0027s Waffle","Molten Egg 2","Sozu","Gremlin Horn","Cables","Strawberry","Boot"],"potions_floor_usage":[16,16,21],"damage_taken":[{"damage":7,"enemies":"2 Louse","floor":1,"turns":2},{"damage":0,"enemies":"Cultist","floor":2,"turns":2},{"damage":0,"enemies":"Small Slimes","floor":3,"turns":2},{"damage":9,"enemies":"Red Slaver","floor":5,"turns":3},{"damage":1,"enemies":"2 Fungi Beasts","floor":7,"turns":3},{"damage":4,"enemies":"Blue Slaver","floor":12,"turns":3},{"damage":0,"enemies":"3 Louse","floor":13,"turns":2},{"damage":45,"enemies":"Hexaghost","floor":16,"turns":8},{"damage":0,"enemies":"Spheric Guardian","floor":18,"turns":2},{"damage":0,"enemies":"Chosen","floor":20,"turns":4},{"damage":7,"enemies":"Centurion and Healer","floor":21,"turns":4},{"damage":39,"enemies":"Slavers","floor":23,"turns":4},{"damage":51,"enemies":"Book of Stabbing","floor":25,"turns":5},{"damage":11,"enemies":"Shelled Parasite and Fungi","floor":30,"turns":5},{"damage":73,"enemies":"Champ","floor":33,"turns":16}],"seed_played":"-628305602676259528","potions_obtained":[{"floor":1,"key":"FocusPotion"},{"floor":7,"key":"GamblersBrew"},{"floor":13,"key":"LiquidBronze"}],"is_trial":false,"path_per_floor":["M","M","M","?","M","R","M","?","T","?","R","M","M","$","R","B",null,"M","$","M","M","T","E","R","E","T","R","?","$","M","?","R","B"],"character_chosen":"DEFECT","items_purchased":["Defragment","Lee\u0027s Waffle","Molten Egg 2","Glacier"],"campfire_rested":3,"item_purchase_floors":[14,14,14,29],"current_hp_per_floor":[61,61,61,66,57,57,56,56,56,56,56,52,52,87,87,42,76,76,76,76,69,69,30,56,19,19,47,47,47,43,43,71,0],"gold":117,"neow_bonus":"UPGRADE_CARD","is_prod":false,"is_daily":false,"chose_seed":false,"campfire_upgraded":3,"win_rate":0,"timestamp":1552108233,"path_taken":["M","M","M","?","M","R","M","?","T","?","R","M","?","$","R","BOSS","M","$","M","M","?","E","R","E","T","R","?","$","?","?","R","BOSS"],"build_version":"2019-01-23","purchased_purges":2,"victory":false,"max_hp_per_floor":[75,75,75,80,80,80,80,80,80,80,80,80,80,87,87,87,87,87,87,87,87,87,87,87,94,94,94,94,94,94,94,94,94],"card_choices":[{"not_picked":["Melter","Streamline"],"picked":"Sunder","floor":1},{"not_picked":["Rebound","Stack","Barrage"],"picked":"SKIP","floor":2},{"not_picked":["Leap","Beam Cell"],"picked":"FTL","floor":3},{"not_picked":["Heatsinks","Undo"],"picked":"Leap","floor":5},{"not_picked":["Double Energy","Beam Cell"],"picked":"Coolheaded","floor":7},{"not_picked":["Static Discharge","All For One"],"picked":"Ball Lightning","floor":12},{"not_picked":["Genetic Algorithm","Skim","Compile Driver"],"picked":"SKIP","floor":13},{"not_picked":["Hyperbeam+1","Meteor Strike+1"],"picked":"Electrodynamics","floor":16},{"not_picked":["Hologram","Darkness","Reinforced Body"],"picked":"SKIP","floor":18},{"not_picked":["Blizzard+1","Melter+1","Heatsinks"],"picked":"SKIP","floor":20},{"not_picked":["Stack+1","Chaos"],"picked":"Hologram","floor":21},{"not_picked":["Redo","Turbo+1"],"picked":"Self Repair","floor":23},{"not_picked":["Auto Shields","Rebound+1","White Noise"],"picked":"SKIP","floor":25},{"not_picked":["Genetic Algorithm+1","Auto Shields","Leap"],"picked":"SKIP","floor":30}],"player_experience":316115,"relics_obtained":[{"floor":9,"key":"Sundial"},{"floor":22,"key":"Gremlin Horn"},{"floor":23,"key":"Cables"},{"floor":25,"key":"Strawberry"},{"floor":26,"key":"Boot"}],"event_choices":[{"damage_healed":0,"gold_gain":0,"player_choice":"Donut","damage_taken":0,"max_hp_gain":5,"max_hp_loss":0,"event_name":"Big Fish","floor":4,"gold_loss":0},{"damage_healed":0,"gold_gain":73,"player_choice":"Gained Gold","damage_taken":0,"max_hp_gain":0,"max_hp_loss":0,"event_name":"Golden Wing","floor":8,"gold_loss":0},{"damage_healed":0,"gold_gain":275,"player_choice":"Desecrate","damage_taken":0,"max_hp_gain":0,"max_hp_loss":0,"event_name":"Golden Shrine","floor":10,"gold_loss":0,"cards_obtained":["Regret"]},{"damage_healed":0,"gold_gain":0,"player_choice":"1 cards matched","damage_taken":0,"max_hp_gain":0,"max_hp_loss":0,"event_name":"Match and Keep!","floor":28,"gold_loss":0,"cards_obtained":["Seek"]},{"damage_healed":0,"gold_gain":99,"player_choice":"Stole From Cult","damage_taken":0,"max_hp_gain":0,"max_hp_loss":0,"event_name":"Nest","floor":31,"gold_loss":0}],"is_beta":false,"boss_relics":[{"not_picked":["Orrery","Calling Bell"],"picked":"Sozu"}],"items_purged_floors":[19,29],"is_endless":false,"potions_floor_spawned":[1,7,13,18,30],"killed_by":"Champ","ascension_level":10}