{"gold_per_floor":[113,123,123,143,68,68,68,68,68,100,111,125,125,135,135,206,206,219,60,60,60,73,89,99,99,99,111,111],"floor_reached":28,"playtime":2718,"items_purged":["Strike_B"],"score":422,"play_id":"673c6a5e-fd8c-4d20-87c4-fda94e01656d","local_time":"20190130214501","is_ascension_mode":true,"campfire_choices":[{"data":"Zap","floor":6,"key":"SMITH"},{"floor":8,"key":"REST"},{"floor":15,"key":"REST"}],"neow_cost":"NONE","seed_source_timestamp":789581341444057,"circlet_count":0,"master_deck":["AscendersBane","Defend_B","Defend_B","Defend_B","Zap+1","Dualcast","FTL","Rebound","Conserve Battery","Coolheaded","Barrage","Cold Snap","Core Surge","Beam Cell","Auto Shields","Rip and Tear","Go for the Eyes","Coolheaded","Self Repair","Ball Lightning"],"relics":["Cracked Core","Dodecahedron","Bottled Flame","Sundial","Runic Pyramid","Frozen Egg 2"],"potions_floor_usage":[11,16,16,23,27],"damage_taken":[{"damage":10,"enemies":"Small Slimes","floor":1,"turns":5},{"damage":5,"enemies":"2 Louse","floor":2,"turns":3},{"damage":0,"enemies":"Cultist","floor":4,"turns":3},{"damage":21,"enemies":"3 Sentries","floor":10,"turns":10},{"damage":5,"enemies":"Large Slime","floor":11,"turns":7},{"damage":6,"enemies":"Blue Slaver","floor":12,"turns":3},{"damage":4,"enemies":"3 Louse","floor":14,"turns":2},{"damage":35,"enemies":"Slime Boss","floor":16,"turns":12},{"damage":9,"enemies":"3 Byrds","floor":18,"turns":4},{"damage":0,"enemies":"Chosen","floor":22,"turns":4},{"damage":32,"enemies":"Sentry and Sphere","floor":23,"turns":6},{"damage":22,"enemies":"Snecko","floor":24,"turns":8},{"damage":5,"enemies":"Cultist and Chosen","floor":27,"turns":6},{"damage":13,"enemies":"Snake Plant","floor":28,"turns":4}],"seed_played":"1581421165445636105","potions_obtained":[{"floor":0,"key":"FearPotion"},{"floor":0,"key":"GamblersBrew"},{"floor":4,"key":"Block Potion"},{"floor":11,"key":"FocusPotion"},{"floor":14,"key":"Regen Potion"},{"floor":18,"key":"Regen Potion"},{"floor":24,"key":"PowerPotion"}],"is_trial":false,"path_per_floor":["M","M","?","M","?","R","?","R","T","E","M","M","?","M","R","B",null,"M","$","?","?","M","M","M","?","T","M","M"],"character_chosen":"DEFECT","items_purchased":["Auto Shields"],"campfire_rested":2,"item_purchase_floors":[19],"current_hp_per_floor":[54,49,38,38,38,38,38,59,59,38,33,27,27,23,44,24,59,50,50,50,50,50,32,10,10,10,12,0],"gold":111,"neow_bonus":"THREE_SMALL_POTIONS","is_prod":false,"is_daily":false,"chose_seed":false,"campfire_upgraded":1,"win_rate":0,"timestamp":1548906301,"path_taken":["M","M","?","M","?","R","?","R","T","E","M","?","?","M","R","BOSS","M","$","?","?","M","M","?","?","T","M","M"],"build_version":"2019-01-23","purchased_purges":1,"victory":false,"max_hp_per_floor":[71,71,71,71,71,71,71,71,71,71,71,71,71,71,71,71,71,71,71,71,71,71,71,71,71,71,71,71],"card_choices":[{"not_picked":["Sweeping Beam","Hologram"],"picked":"FTL","floor":1},{"not_picked":["Stack","Redo"],"picked":"Rebound","floor":2},{"not_picked":["Turbo","Go for the Eyes"],"picked":"Conserve Battery","floor":4},{"not_picked":["Darkness","Steam"],"picked":"Coolheaded","floor":10},{"not_picked":["Leap","Turbo"],"picked":"Barrage","floor":11},{"not_picked":["Undo","Fusion"],"picked":"Cold Snap","floor":12},{"not_picked":["Stack","Tempest","Turbo"],"picked":"SKIP","floor":14},{"not_picked":["Thunder Strike","All For One"],"picked":"Core Surge","floor":16},{"not_picked":["Auto Shields","Barrage"],"picked":"Beam Cell","floor":18},{"not_picked":["Steam","Beam Cell"],"picked":"Go for the Eyes","floor":22},{"not_picked":["Barrage","Gash"],"picked":"Coolheaded","floor":23},{"not_picked":["FTL","Barrage"],"picked":"Self Repair","floor":24},{"not_picked":["Fission","Streamline"],"picked":"Ball Lightning","floor":27}],"player_experience":478343,"relics_obtained":[{"floor":9,"key":"Bottled Flame"},{"floor":10,"key":"Sundial"},{"floor":26,"key":"Frozen Egg 2"}],"event_choices":[{"damage_healed":0,"gold_gain":0,"player_choice":"Success","damage_taken":11,"relics_obtained":["Dodecahedron"],"max_hp_gain":0,"max_hp_loss":0,"event_name":"Scrap Ooze","floor":3,"gold_loss":0},{"cards_removed":["Strike_B"],"damage_healed":0,"gold_gain":0,"player_choice":"Card Removal","damage_taken":0,"max_hp_gain":0,"max_hp_loss":0,"event_name":"The Cleric","floor":5,"gold_loss":75},{"damage_healed":0,"gold_gain":0,"player_choice":"Leave","damage_taken":0,"max_hp_gain":0,"max_hp_loss":0,"event_name":"FaceTrader","floor":7,"gold_loss":0},{"damage_healed":0,"gold_gain":0,"player_choice":"Searched \u00270\u0027 times","damage_taken":0,"max_hp_gain":0,"max_hp_loss":0,"event_name":"Dead Adventurer","floor":13,"gold_loss":0},{"cards_removed":["Strike_B"],"damage_healed":0,"gold_gain":0,"player_choice":"Elegance","damage_taken":0,"max_hp_gain":0,"max_hp_loss":0,"event_name":"Back to Basics","floor":20,"gold_loss":0},{"damage_healed":0,"gold_gain":0,"cards_transformed":["Strike_B"],"player_choice":"Transformed","damage_taken":0,"max_hp_gain":0,"max_hp_loss":0,"event_name":"Transmorgrifier","floor":21,"gold_loss":0,"cards_obtained":["Rip and Tear"]},{"cards_removed":["Defend_B"],"damage_healed":0,"gold_gain":0,"player_choice":"Purged","damage_taken":0,"max_hp_gain":0,"max_hp_loss":0,"event_name":"Purifier","floor":25,"gold_loss":0}],"is_beta":false,"boss_relics":[{"not_picked":["Busted Crown","Philosopher\u0027s Stone"],"picked":"Runic Pyramid"}],"items_purged_floors":[19],"is_endless":false,"potions_floor_spawned":[4,10,11,14,18,24],"killed_by":"Snake Plant","ascension_level":18}