{"gold_per_floor":[116,63,63,63,76,103,103,118,118,118,132,132,149,159,159,233,233,243,243,27,41,41,41,41],"floor_reached":24,"playtime":507,"items_purged":[],"score":409,"play_id":"1da6bcf3-d3c4-4159-b23f-63c68ab1f8a1","local_time":"20190308222123","is_ascension_mode":true,"campfire_choices":[{"data":"Immolate","floor":7,"key":"SMITH"},{"data":"Wild Strike","floor":10,"key":"SMITH"},{"data":"Perfected Strike","floor":12,"key":"SMITH"},{"data":"Dual Wield","floor":15,"key":"SMITH"},{"data":"Rage","floor":23,"key":"SMITH"}],"neow_cost":"NONE","seed_source_timestamp":426592255725432,"circlet_count":0,"master_deck":["AscendersBane","Strike_R","Strike_R","Strike_R","Strike_R","Defend_R","Defend_R","Bash","Wild Strike+1","Perfected Strike+1","Rage+1","Immolate+1","Dual Wield+1","Perfected Strike+1","Clothesline","Evolve","Offering","Uppercut+1","Combust+1","Shrug It Off+1","Seeing Red"],"relics":["Burning Blood","NeowsBlessing","Dream Catcher","Question Card","Astrolabe","Bag of Preparation"],"potions_floor_usage":[16,18,21],"damage_taken":[{"damage":0,"enemies":"2 Louse","floor":1,"turns":1},{"damage":0,"enemies":"Jaw Worm","floor":5,"turns":1},{"damage":0,"enemies":"Lagavulin","floor":6,"turns":1},{"damage":6,"enemies":"Small Slimes","floor":8,"turns":2},{"damage":10,"enemies":"Exordium Thugs","floor":11,"turns":3},{"damage":0,"enemies":"Large Slime","floor":13,"turns":2},{"damage":0,"enemies":"2 Fungi Beasts","floor":14,"turns":1},{"damage":54,"enemies":"The Guardian","floor":16,"turns":9},{"damage":8,"enemies":"2 Thieves","floor":18,"turns":4},{"damage":11,"enemies":"Spheric Guardian","floor":21,"turns":4},{"damage":57,"enemies":"Slavers","floor":24,"turns":3}],"seed_played":"5287930325953872830","potions_obtained":[{"floor":1,"key":"AttackPotion"},{"floor":6,"key":"SteroidPotion"}],"is_trial":false,"path_per_floor":["M","$","?","?","M","E","R","M","T","R","M","R","M","M","R","B",null,"M","?","$","M","$","R","E"],"character_chosen":"IRONCLAD","items_purchased":["Perfected Strike","Bag of Preparation","Block Potion"],"campfire_rested":0,"item_purchase_floors":[2,20,20],"current_hp_per_floor":[74,74,74,74,75,75,75,75,75,75,71,71,75,75,75,27,63,61,56,56,51,51,51,0],"gold":41,"neow_bonus":"THREE_ENEMY_KILL","is_prod":false,"is_daily":false,"chose_seed":false,"campfire_upgraded":5,"win_rate":0,"timestamp":1552101683,"path_taken":["M","$","?","?","M","E","R","M","T","R","M","R","M","M","R","BOSS","M","?","$","M","?","R","E"],"build_version":"2019-01-23","purchased_purges":0,"victory":false,"max_hp_per_floor":[75,75,75,75,75,75,75,75,75,75,75,75,75,75,75,75,75,75,75,75,75,75,75,75],"card_choices":[{"not_picked":["Thunderclap","Armaments"],"picked":"Wild Strike","floor":1},{"not_picked":["Fire Breathing","Headbutt"],"picked":"Rage","floor":5},{"not_picked":["Body Slam","Rupture"],"picked":"Immolate","floor":6},{"not_picked":["Fire Breathing","Sentinel"],"picked":"Dual Wield","floor":8},{"not_picked":["Armaments","Sword Boomerang","Dual Wield"],"picked":"Perfected Strike","floor":11},{"not_picked":["Hemokinesis","Sever Soul","Heavy Blade"],"picked":"Clothesline","floor":13},{"not_picked":["Sword Boomerang","Rupture","Havoc"],"picked":"Evolve","floor":14},{"not_picked":["Bludgeon","Exhume","Feed"],"picked":"Offering","floor":16},{"not_picked":["Anger","Cleave","Evolve"],"picked":"Seeing Red","floor":18},{"not_picked":["Clothesline","Sword Boomerang","Heavy Blade","Flex"],"picked":"SKIP","floor":21}],"player_experience":881435,"relics_obtained":[{"floor":6,"key":"Dream Catcher"},{"floor":9,"key":"Question Card"}],"event_choices":[{"damage_healed":0,"gold_gain":0,"player_choice":"Grow","damage_taken":0,"max_hp_gain":0,"max_hp_loss":0,"event_name":"Living Wall","floor":3,"gold_loss":0,"cards_upgraded":["Perfected Strike"]},{"damage_healed":0,"gold_gain":0,"player_choice":"Leave","damage_taken":0,"max_hp_gain":0,"max_hp_loss":0,"event_name":"The Cleric","floor":4,"gold_loss":0},{"damage_healed":0,"gold_gain":0,"player_choice":"Punched","damage_taken":5,"max_hp_gain":0,"max_hp_loss":0,"event_name":"Designer","floor":19,"gold_loss":0}],"is_beta":false,"boss_relics":[{"not_picked":["White Beast Statue","Pandora\u0027s Box"],"picked":"Astrolabe"}],"items_purged_floors":[],"is_endless":false,"potions_floor_spawned":[1,6,8],"killed_by":"Slavers","ascension_level":17}