{"path_per_floor":["M","M","M","M","?","R","M","M","T","?","E","M","E","M","R","B",null,"M","M","?","?","M","E","M","R","T","R","E","$","E","?","R","B",null,"M","$","M","?","$","E","M","E","T","M","E","M","M","E","R","B"],"character_chosen":"THE_SILENT","items_purchased":["Thread and Needle","Paper Crane","Infinite Blades","Blue Candle"],"gold_per_floor":[119,137,149,163,163,163,181,198,198,273,599,612,647,658,658,756,756,737,752,752,752,766,800,817,817,843,843,871,215,274,274,274,371,401,421,321,339,388,131,156,176,209,209,225,254,267,284,318,318,318],"floor_reached":51,"campfire_rested":1,"playtime":5771,"current_hp_per_floor":[53,52,52,44,67,67,67,67,67,56,48,41,37,37,37,33,61,60,56,56,56,51,38,26,26,26,47,51,51,45,45,45,68,75,75,75,74,73,73,59,59,69,69,69,75,74,74,73,73,55],"items_purged":["Pain","Strike_G"],"gold":318,"score":1244,"play_id":"edb4c967-3552-4838-bfc4-4937ef2abdb3","local_time":"20180414191000","is_prod":false,"is_daily":false,"chose_seed":false,"is_ascension_mode":true,"campfire_upgraded":4,"timestamp":1523725800,"path_taken":["M","M","M","M","?","R","M","M","T","?","E","M","E","M","R","BOSS","M","M","?","?","M","E","M","R","T","R","E","$","E","?","R","BOSS","M","$","M","?","$","E","M","E","T","M","E","M","M","E","R","BOSS"],"build_version":"2018-04-12","seed_source_timestamp":208727295432416,"purchased_purges":2,"victory":true,"master_deck":["Defend_G+1","Defend_G+1","Defend_G+1","Defend_G+1","Defend_G+1","Strike_G+1","Strike_G+1","Strike_G+1","Survivor+1","Neutralize","Sucker Punch+1","Endless Agony","PiercingWail","Leg Sweep+1","Bouncing Flask+1","Backflip","Flying Knee","Backflip+1","Cloak And Dagger+1","Doppelganger","Finisher+1","Acrobatics+1","Leg Sweep+1","Well Laid Plans+1","Escape Plan+1","Infinite Blades","Die Die Die","Outmaneuver+1","Concentrate","Blade Dance+1","Parasite","Endless Agony","Backflip+1","Cloak And Dagger+1","Infinite Blades+1"],"max_hp_per_floor":[70,70,70,70,70,70,70,70,70,70,70,70,70,70,70,70,70,70,70,70,70,70,70,70,70,70,70,70,70,70,70,70,70,75,75,75,75,75,75,75,75,85,85,85,85,85,85,85,85,85],"relics":["White Beast Statue","Pantograph","Old Coin","Orichalcum","Cursed Key","Mercury Hourglass","War Paint","Dead Branch","Thread and Needle","Paper Crane","Tiny Chest","Tiny House","Peace Pipe","Blue Candle","Du-Vu Doll","Pear","Ice Cream","Anchor","Art of War"],"card_choices":[{"not_picked":["Endless Agony","Deadly Poison"],"picked":"Sucker Punch","floor":1},{"not_picked":["Outmaneuver","Catalyst"],"picked":"Endless Agony","floor":2},{"not_picked":["Outmaneuver","Dagger Spray"],"picked":"PiercingWail","floor":3},{"not_picked":["Quick Slash","Deflect"],"picked":"Leg Sweep","floor":4},{"not_picked":["Outmaneuver","Prepared"],"picked":"Bouncing Flask","floor":7},{"not_picked":["Prepared","Envenom"],"picked":"Backflip","floor":8},{"not_picked":["Dagger Spray","All Out Attack"],"picked":"Flying Knee","floor":11},{"not_picked":["Poisoned Stab","Skewer"],"picked":"Backflip","floor":13},{"not_picked":["Deadly Poison","Deflect"],"picked":"Cloak And Dagger","floor":14},{"not_picked":["Grand Finale","Phantasmal Killer"],"picked":"Doppelganger","floor":16},{"not_picked":["Prepared","Dodge and Roll"],"picked":"Finisher","floor":18},{"not_picked":["Endless Agony","Outmaneuver"],"picked":"Acrobatics","floor":19},{"not_picked":["Outmaneuver","Underhanded Strike"],"picked":"Leg Sweep","floor":22},{"not_picked":["Prepared","Doppelganger"],"picked":"Well Laid Plans","floor":24},{"not_picked":["Riddle With Holes","Choke"],"picked":"Escape Plan","floor":28},{"not_picked":["Glass Knife","Wraith Form v2"],"picked":"Die Die Die","floor":33},{"not_picked":["Backflip","Dagger Spray"],"picked":"Outmaneuver","floor":35},{"not_picked":["Dodge and Roll","Dagger Throw"],"picked":"Concentrate","floor":38},{"not_picked":["Finisher","Quick Slash"],"picked":"Blade Dance","floor":40},{"not_picked":["Blur","Envenom"],"picked":"Endless Agony","floor":45},{"not_picked":["Well Laid Plans","Outmaneuver"],"picked":"Backflip","floor":46},{"not_picked":["Flying Knee","Backflip"],"picked":"Cloak And Dagger","floor":47},{"not_picked":["Endless Agony","Eviscerate"],"picked":"Infinite Blades","floor":48}],"player_experience":280496,"potions_floor_usage":[7,8,11,11,13,16,16,16,22,23,23,28,30,30,30,30,35,40,44,45,47,48,50,50,50],"damage_taken":[{"damage":10,"enemies":"Jaw Worm","floor":1,"turns":6},{"damage":1,"enemies":"Small Slimes","floor":2,"turns":4},{"damage":0,"enemies":"2 Louse","floor":3,"turns":3},{"damage":8,"enemies":"2 Fungi Beasts","floor":4,"turns":5},{"damage":0,"enemies":"Large Slime","floor":7,"turns":4},{"damage":0,"enemies":"Blue Slaver","floor":8,"turns":5},{"damage":8,"enemies":"Lagavulin","floor":11,"turns":8},{"damage":7,"enemies":"Lots of Slimes","floor":12,"turns":6},{"damage":4,"enemies":"3 Sentries","floor":13,"turns":9},{"damage":0,"enemies":"3 Louse","floor":14,"turns":3},{"damage":29,"enemies":"Hexaghost","floor":16,"turns":10},{"damage":1,"enemies":"2 Thieves","floor":18,"turns":4},{"damage":4,"enemies":"3 Byrds","floor":19,"turns":8},{"damage":5,"enemies":"Centurion and Healer","floor":22,"turns":7},{"damage":13,"enemies":"Gremlin Leader","floor":23,"turns":7},{"damage":12,"enemies":"Snake Plant","floor":24,"turns":3},{"damage":11,"enemies":"Book of Stabbing","floor":28,"turns":7},{"damage":6,"enemies":"Slavers","floor":30,"turns":4},{"damage":2,"enemies":"Automaton","floor":33,"turns":10},{"damage":0,"enemies":"3 Darklings","floor":35,"turns":6},{"damage":1,"enemies":"Orb Walker","floor":37,"turns":3},{"damage":1,"enemies":"Mysterious Sphere","floor":38,"turns":5},{"damage":14,"enemies":"2 Orb Walkers","floor":40,"turns":7},{"damage":0,"enemies":"Maw","floor":41,"turns":9},{"damage":0,"enemies":"Giant Head","floor":42,"turns":7},{"damage":15,"enemies":"4 Shapes","floor":44,"turns":6},{"damage":0,"enemies":"2 Orb Walkers","floor":45,"turns":4},{"damage":1,"enemies":"Sphere and 2 Shapes","floor":46,"turns":6},{"damage":0,"enemies":"Maw","floor":47,"turns":7},{"damage":1,"enemies":"Nemesis","floor":48,"turns":5},{"damage":30,"enemies":"Time Eater","floor":50,"turns":9}],"event_choices":[{"event_name":"Big Fish","player_choice":"Banana","floor":5,"damage_taken":0},{"event_name":"World of Goop","player_choice":"Gather Gold","floor":10,"damage_taken":0},{"event_name":"Ghosts","player_choice":"Ignored","floor":20,"damage_taken":0},{"event_name":"Back to Basics","player_choice":"Simplicity","floor":21,"damage_taken":0},{"event_name":"The Mausoleum","player_choice":"No","floor":31,"damage_taken":0},{"event_name":"Mysterious Sphere","player_choice":"Fight","floor":38,"damage_taken":0}],"boss_relics":[{"not_picked":["Black Star","Orrery"],"picked":"Cursed Key"},{"not_picked":["Sozu","Snecko Eye"],"picked":"Tiny House"}],"potions_floor_spawned":[1,2,3,4,7,8,11,12,13,14,16,18,19,22,23,24,28,30,33,35,37,38,40,41,42,44,45,46,47,48],"seed_played":"-3149973914514160319","ascension_level":7,"is_trial":false}