{"gold_per_floor":[119,133,149,199,33,66,66,66,93,109,141,141,141,161,161,237,237,254,354,354,370,350,350,350,234,234,261,186,186,263,273,273,273],"floor_reached":33,"playtime":1344,"items_purged":["Parasite"],"score":526,"play_id":"26f409b1-2aeb-4455-9af1-7d1056257576","local_time":"20190308201455","is_ascension_mode":true,"campfire_choices":[{"data":"Wild Strike","floor":8,"key":"SMITH"},{"data":"Berserk","floor":12,"key":"SMITH"},{"data":"Disarm","floor":15,"key":"SMITH"},{"floor":23,"key":"REST"},{"floor":32,"key":"REST"}],"neow_cost":"NONE","seed_source_timestamp":418166740936691,"circlet_count":0,"master_deck":["AscendersBane","Defend_R","Defend_R","Defend_R","Defend_R","Bash+1","Thunderclap","Headbutt","Shrug It Off","Wild Strike+1","Evolve","Berserk+1","Disarm+1","Offering","Battle Trance","Shockwave","Bite","Bite","Bite","Bite","Bite","Corruption","Decay","Disarm"],"relics":["Burning Blood","Centennial Puzzle","Orichalcum","Juzu Bracelet","Fusion Hammer","Calipers","Letter Opener","Champion Belt","Darkstone Periapt","Frozen Egg 2"],"potions_floor_usage":[6,6,10,11,19,33,33],"damage_taken":[{"damage":9,"enemies":"Jaw Worm","floor":1,"turns":5},{"damage":7,"enemies":"Cultist","floor":2,"turns":4},{"damage":9,"enemies":"Small Slimes","floor":3,"turns":5},{"damage":32,"enemies":"Lagavulin","floor":6,"turns":5},{"damage":5,"enemies":"Looter","floor":10,"turns":2},{"damage":13,"enemies":"3 Sentries","floor":11,"turns":8},{"damage":21,"enemies":"Large Slime","floor":14,"turns":3},{"damage":4,"enemies":"Hexaghost","floor":16,"turns":10},{"damage":29,"enemies":"Shell Parasite","floor":18,"turns":5},{"damage":0,"enemies":"Colosseum Slavers","floor":19,"turns":1},{"damage":33,"enemies":"Colosseum Nobs","floor":19,"turns":5},{"damage":11,"enemies":"Chosen","floor":21,"turns":4},{"damage":32,"enemies":"Book of Stabbing","floor":27,"turns":6},{"damage":19,"enemies":"3 Cultists","floor":31,"turns":5},{"damage":101,"enemies":"Champ","floor":33,"turns":14}],"seed_played":"-8380892610071641342","potions_obtained":[{"floor":2,"key":"PowerPotion"},{"floor":3,"key":"Fire Potion"},{"floor":6,"key":"EntropicBrew"},{"floor":19,"key":"SpeedPotion"},{"floor":22,"key":"Explosive Potion"},{"floor":31,"key":"Dexterity Potion"}],"is_trial":false,"path_per_floor":["M","M","M","?","$","E","?","R","T","M","E","R","?","M","R","B",null,"M","?","?","M","?","R","?","$","T","E","?","?","T","M","R","B"],"character_chosen":"IRONCLAD","items_purchased":["Shrug It Off","Wild Strike","Evolve","Corruption"],"campfire_rested":2,"item_purchase_floors":[5,5,5,25],"current_hp_per_floor":[65,64,61,61,61,35,35,35,35,36,29,29,47,32,32,34,65,42,21,21,16,16,38,38,38,38,24,24,30,30,31,47,0],"gold":273,"neow_bonus":"UPGRADE_CARD","is_prod":false,"is_daily":false,"chose_seed":false,"campfire_upgraded":3,"win_rate":0,"timestamp":1552094095,"path_taken":["M","M","M","?","?","E","?","R","T","M","E","R","?","M","R","BOSS","M","?","?","M","?","R","?","$","T","E","?","?","?","M","R","BOSS"],"build_version":"2019-01-23","purchased_purges":1,"victory":false,"max_hp_per_floor":[75,75,75,75,75,75,75,75,75,75,75,75,75,75,75,75,75,75,75,75,75,75,75,52,49,49,49,49,55,55,55,55,55],"card_choices":[{"not_picked":["Perfected Strike","Combust"],"picked":"Heavy Blade","floor":1},{"not_picked":["Warcry","Twin Strike"],"picked":"Thunderclap","floor":2},{"not_picked":["Dual Wield","Thunderclap"],"picked":"Headbutt","floor":3},{"not_picked":["Sword Boomerang","Body Slam","Cleave"],"picked":"SKIP","floor":6},{"not_picked":["Sword Boomerang","Clash","Warcry"],"picked":"SKIP","floor":10},{"not_picked":["Armaments","Thunderclap","Berserk"],"picked":"SKIP","floor":11},{"not_picked":["Armaments","Thunderclap"],"picked":"Berserk","floor":11},{"not_picked":["Clash","Havoc"],"picked":"Disarm","floor":14},{"not_picked":["Reaper","Juggernaut"],"picked":"Offering","floor":16},{"not_picked":["Searing Blow","Heavy Blade","Perfected Strike"],"picked":"SKIP","floor":18},{"not_picked":["Havoc+1","Flame Barrier"],"picked":"Battle Trance","floor":19},{"not_picked":["Body Slam","Flame Barrier"],"picked":"Shockwave","floor":21},{"not_picked":["Flex","Bloodletting","Body Slam"],"picked":"SKIP","floor":27},{"not_picked":["Clash","Pummel"],"picked":"Disarm","floor":31}],"player_experience":873126,"relics_obtained":[{"floor":6,"key":"Centennial Puzzle"},{"floor":9,"key":"Orichalcum"},{"floor":11,"key":"Juzu Bracelet"},{"floor":19,"key":"Calipers"},{"floor":19,"key":"Letter Opener"},{"floor":26,"key":"Champion Belt"},{"floor":27,"key":"Darkstone Periapt"},{"floor":30,"key":"Frozen Egg 2"}],"event_choices":[{"damage_healed":0,"gold_gain":50,"player_choice":"Pray","damage_taken":0,"max_hp_gain":0,"max_hp_loss":0,"event_name":"Golden Shrine","floor":4,"gold_loss":0},{"damage_healed":0,"gold_gain":0,"player_choice":"Ignored","damage_taken":0,"max_hp_gain":0,"max_hp_loss":0,"event_name":"Liars Game","floor":7,"gold_loss":0},{"damage_healed":18,"gold_gain":0,"player_choice":"Healed and dodged fight","damage_taken":0,"max_hp_gain":0,"max_hp_loss":0,"event_name":"Mushrooms","floor":13,"gold_loss":0,"cards_obtained":["Parasite"]},{"damage_healed":0,"gold_gain":0,"player_choice":"Fight","damage_taken":0,"max_hp_gain":0,"max_hp_loss":0,"event_name":"Colosseum","floor":19,"gold_loss":0},{"damage_healed":0,"gold_gain":0,"player_choice":"Fought Nobs","damage_taken":0,"max_hp_gain":0,"max_hp_loss":0,"event_name":"Colosseum","floor":19,"gold_loss":0},{"damage_healed":0,"gold_gain":0,"player_choice":"Ignored","damage_taken":0,"max_hp_gain":0,"max_hp_loss":0,"event_name":"Ghosts","floor":20,"gold_loss":0},{"damage_healed":0,"gold_gain":0,"player_choice":"Bought 1 Potion","damage_taken":0,"max_hp_gain":0,"max_hp_loss":0,"event_name":"The Woman in Blue","floor":22,"gold_loss":0},{"damage_healed":0,"gold_gain":0,"player_choice":"Became a vampire","damage_taken":0,"max_hp_gain":0,"max_hp_loss":23,"event_name":"Vampires","floor":24,"gold_loss":0,"cards_obtained":["Bite","Bite","Bite","Bite","Bite"]},{"cards_removed":["Heavy Blade"],"damage_healed":0,"gold_gain":0,"player_choice":"Gave Gold","damage_taken":0,"max_hp_gain":0,"max_hp_loss":0,"event_name":"Beggar","floor":28,"gold_loss":75},{"damage_healed":0,"gold_gain":0,"player_choice":"Smashed Altar","damage_taken":0,"max_hp_gain":0,"max_hp_loss":0,"event_name":"Forgotten Altar","floor":29,"gold_loss":0,"cards_obtained":["Decay"]}],"is_beta":false,"boss_relics":[{"not_picked":["Black Star","White Beast Statue"],"picked":"Fusion Hammer"}],"items_purged_floors":[25],"is_endless":false,"potions_floor_spawned":[2,3,6,10,19,19,31],"killed_by":"Champ","ascension_level":17}