{"gold_per_floor":[218,218,233,245,34,61,49,82,82,82,82,32,32,44,44,44],"floor_reached":16,"playtime":462,"items_purged":[],"score":223,"play_id":"b5f94b99-0ca1-464d-ab70-871ac339f0c9","local_time":"20190309091036","is_ascension_mode":true,"campfire_choices":[{"data":"Bash","floor":11,"key":"SMITH"},{"data":"Clothesline","floor":13,"key":"SMITH"},{"floor":15,"key":"REST"}],"neow_cost":"NONE","seed_source_timestamp":151036293986911,"circlet_count":0,"master_deck":["AscendersBane","Strike_R","Strike_R","Strike_R","Strike_R","Strike_R","Defend_R","Defend_R","Defend_R","Defend_R","Bash+1","Regret","Whirlwind","Clothesline+1","Shrug It Off","Battle Trance"],"relics":["Burning Blood","Mango","Lee\u0027s Waffle","Darkstone Periapt","Charon\u0027s Ashes","Dead Branch","Bronze Scales"],"potions_floor_usage":[6,7,8],"damage_taken":[{"damage":10,"enemies":"Small Slimes","floor":1,"turns":4},{"damage":10,"enemies":"2 Louse","floor":3,"turns":2},{"damage":4,"enemies":"Cultist","floor":4,"turns":3},{"damage":47,"enemies":"3 Sentries","floor":6,"turns":8},{"damage":21,"enemies":"Exordium Thugs","floor":7,"turns":5},{"damage":43,"enemies":"Gremlin Nob","floor":8,"turns":6},{"damage":9,"enemies":"2 Fungi Beasts","floor":14,"turns":3},{"damage":17,"enemies":"Hexaghost","floor":16,"turns":7}],"seed_played":"-5259139612924630676","potions_obtained":[{"floor":3,"key":"Regen Potion"},{"floor":4,"key":"BloodPotion"},{"floor":7,"key":"Block Potion"}],"is_trial":false,"path_per_floor":["M","?","M","M","$","E","M","E","T","?","R","?","R","M","R","B"],"character_chosen":"IRONCLAD","items_purchased":["Lee\u0027s Waffle"],"campfire_rested":1,"item_purchase_floors":[5],"current_hp_per_floor":[64,78,74,76,96,64,63,26,26,26,26,26,26,23,51,34],"gold":44,"neow_bonus":"HUNDRED_GOLD","is_prod":false,"is_daily":false,"chose_seed":false,"campfire_upgraded":2,"win_rate":0,"timestamp":1552144236,"path_taken":["M","?","M","M","$","E","M","E","T","?","R","?","R","M","R","BOSS"],"build_version":"2019-01-23","purchased_purges":0,"victory":false,"max_hp_per_floor":[75,89,89,89,96,96,96,96,96,96,96,96,96,96,96,96],"card_choices":[{"not_picked":["Sword Boomerang","Body Slam","Armaments"],"picked":"SKIP","floor":1},{"not_picked":["Bloodletting","Body Slam"],"picked":"Whirlwind","floor":3},{"not_picked":["True Grit","Dual Wield"],"picked":"Clothesline","floor":4},{"not_picked":["Dark Embrace","Warcry","Headbutt"],"picked":"SKIP","floor":6},{"not_picked":["Body Slam","Flex","Fire Breathing"],"picked":"SKIP","floor":7},{"not_picked":["Second Wind","Body Slam"],"picked":"Shrug It Off","floor":8},{"not_picked":["Warcry","Thunderclap"],"picked":"Battle Trance","floor":14}],"player_experience":332846,"relics_obtained":[{"floor":6,"key":"Darkstone Periapt"},{"floor":8,"key":"Charon\u0027s Ashes"},{"floor":9,"key":"Dead Branch"}],"event_choices":[{"damage_healed":0,"gold_gain":0,"player_choice":"Box","damage_taken":0,"relics_obtained":["Mango"],"max_hp_gain":0,"max_hp_loss":0,"event_name":"Big Fish","floor":2,"gold_loss":0,"cards_obtained":["Regret"]},{"damage_healed":0,"gold_gain":0,"player_choice":"Ignored","damage_taken":0,"max_hp_gain":0,"max_hp_loss":0,"event_name":"Liars Game","floor":10,"gold_loss":0},{"damage_healed":0,"gold_gain":0,"player_choice":"Paid Gold","damage_taken":0,"relics_obtained":["Bronze Scales"],"max_hp_gain":0,"max_hp_loss":0,"event_name":"WeMeetAgain","floor":12,"gold_loss":50}],"is_beta":false,"boss_relics":[],"items_purged_floors":[],"is_endless":false,"potions_floor_spawned":[3,4,7],"killed_by":"Hexaghost","ascension_level":16}