{"path_per_floor":["M","?","M","?","M","R","M","R","T","E","R","?","$","E","R","B",null,"M","M","$","?","M","R","E","R","T","?","?"],"character_chosen":"IRONCLAD","items_purchased":["Metallicize","Centennial Puzzle","Armaments"],"gold_per_floor":[117,292,302,302,312,312,331,331,384,413,413,413,61,89,89,190,190,210,223,75,75,87,87,121,121,146,71,71],"floor_reached":29,"campfire_rested":1,"playtime":2267,"current_hp_per_floor":[80,80,80,90,80,80,73,73,73,45,45,45,45,41,68,52,90,84,75,75,75,84,84,34,34,34,34,34],"items_purged":["Regret","Doubt"],"gold":71,"play_id":"520338a8-16ed-4171-9996-548d3725f174","is_prod":false,"is_daily":false,"campfire_rituals":0,"campfire_upgraded":5,"is_hardmode":false,"path_taken":["M","?","M","?","?","R","M","R","T","E","R","?","$","E","R","BOSS","M","M","$","?","?","R","E","R","T","?","?","E"],"build_version":"2018-01-11-PROD2","purchased_purges":2,"victory":false,"master_deck":["Strike_R","Strike_R","Strike_R","Strike_R","Defend_R","Defend_R","Defend_R","Defend_R","Bash","Flex","Heavy Blade","Sword Boomerang","Pommel Strike","Pommel Strike","Metallicize","Reaper","Headbutt","Cleave","Armaments","Burning Pact"],"max_hp_per_floor":[80,80,80,90,90,90,90,90,90,90,90,90,90,90,90,90,90,90,90,90,90,90,90,90,90,90,90,90],"relics":["Burning Blood","Pear","Orichalcum","Molten Egg","Centennial Puzzle","Meat on the Bone","Runic Pyramid","Ancient Tea Set","Oddly Smooth Stone","Du-Vu Doll"],"campfire_meditates":0,"card_choices":[{"not_picked":["Bloodletting","Iron Wave"],"picked":"Flex"},{"not_picked":["Clash","Anger"],"picked":"Heavy Blade"},{"not_picked":["Shockwave","Anger"],"picked":"Sword Boomerang"},{"not_picked":["Flame Barrier","Reckless Charge"],"picked":"Pommel Strike"},{"not_picked":["True Grit","Warcry"],"picked":"Pommel Strike"},{"not_picked":["Impervious","Berserk"],"picked":"Reaper"},{"not_picked":["Anger","Body Slam"],"picked":"Headbutt"},{"not_picked":["Heavy Blade","Uppercut"],"picked":"Cleave"},{"not_picked":["Combust","Metallicize"],"picked":"Burning Pact"}],"player_experience":47060,"potions_floor_usage":[10,10,19,24,29],"damage_taken":[{"damage":4,"enemies":"Cultist","floor":1,"turns":4},{"damage":3,"enemies":"Small Slimes","floor":3,"turns":3},{"damage":16,"enemies":"Blue Slaver","floor":5,"turns":3},{"damage":13,"enemies":"Exordium Wildlife","floor":7,"turns":3},{"damage":34,"enemies":"3 Sentries","floor":10,"turns":5},{"damage":10,"enemies":"Gremlin Nob","floor":14,"turns":3},{"damage":34,"enemies":"Hexaghost","floor":16,"turns":8},{"damage":12,"enemies":"Shell Parasite","floor":18,"turns":6},{"damage":15,"enemies":"2 Thieves","floor":19,"turns":4},{"damage":3,"enemies":"Snecko","floor":22,"turns":4},{"damage":72,"enemies":"Slavers","floor":24,"turns":6},{"damage":46,"enemies":"Book of Stabbing","floor":29,"turns":8}],"event_choices":[{"event_name":"Liars Game","player_choice":"agreed","floor":2,"damage_taken":0},{"event_name":"Big Fish","player_choice":"Box","floor":4,"damage_taken":0},{"event_name":"Shining Light","player_choice":"Ignored","floor":12,"damage_taken":0},{"event_name":"Addict","player_choice":"Ignored","floor":21,"damage_taken":0},{"event_name":"Beggar","player_choice":"Gave Gold","floor":27,"damage_taken":0},{"event_name":"The Mausoleum","player_choice":"Yes","floor":28,"damage_taken":0}],"boss_relics":[{"not_picked":["Runic Dome","Ectoplasm"],"picked":"Runic Pyramid"}],"potions_floor_spawned":[3,5,10,16,22,24],"seed_played":"-7673449630843803835","killed_by":"Book of Stabbing","is_trial":false}