{"gold_per_floor":[113,132,151,3,3,3,34,34,34,53,73,73,109,130,130,219,219,234,234,253,273,273,273,307,307,337,337,262,286,47,47,47,146,146,165,165,165,498,140,140,168,178,178,178,205,8,18,18,18,18],"floor_reached":50,"playtime":2934,"items_purged":[],"score":919,"play_id":"0e6ef39d-460e-43eb-bb7e-9e8fa4cb8d19","local_time":"20190301230235","is_ascension_mode":true,"campfire_choices":[{"data":"Neutralize","floor":6,"key":"SMITH"},{"data":"Footwork","floor":8,"key":"SMITH"},{"data":"Poisoned Stab","floor":12,"key":"SMITH"},{"data":"A Thousand Cuts","floor":15,"key":"SMITH"},{"data":"Blade Dance","floor":23,"key":"SMITH"},{"data":"Predator","floor":25,"key":"SMITH"},{"floor":27,"key":"REST"},{"data":"Phantasmal Killer","floor":32,"key":"SMITH"},{"floor":40,"key":"REST"},{"floor":44,"key":"REST"},{"floor":49,"key":"REST"}],"neow_cost":"TEN_PERCENT_HP_LOSS","seed_source_timestamp":780542737784992,"circlet_count":0,"master_deck":["AscendersBane","Defend_G","Defend_G","Defend_G","Defend_G","Defend_G","Survivor","Neutralize+1","Flying Knee","Escape Plan","Poisoned Stab+1","Die Die Die","Footwork+1","Acrobatics","Blade Dance+1","Escape Plan","A Thousand Cuts+1","Die Die Die","Footwork+1","Predator+1","Bite","Bite","Bite","Bite","Backflip","Phantasmal Killer+1","Finesse","Blur","Terror","Backflip+1","Dark Shackles","Deep Breath"],"relics":["Ring of the Snake","Mango","Turnip","Sundial","Bag of Marbles","Sozu","Orichalcum","Tiny Chest","Oddly Smooth Stone","Lizard Tail","Membership Card","Bottled Tornado","Happy Flower","Ice Cream","StoneCalendar","Ginger"],"potions_floor_usage":[13,16,21],"damage_taken":[{"damage":2,"enemies":"Jaw Worm","floor":1,"turns":5},{"damage":1,"enemies":"Small Slimes","floor":2,"turns":4},{"damage":0,"enemies":"Cultist","floor":3,"turns":4},{"damage":36,"enemies":"Lagavulin","floor":7,"turns":9},{"damage":0,"enemies":"Blue Slaver","floor":10,"turns":5},{"damage":0,"enemies":"2 Fungi Beasts","floor":11,"turns":3},{"damage":8,"enemies":"3 Sentries","floor":13,"turns":8},{"damage":0,"enemies":"Exordium Thugs","floor":14,"turns":4},{"damage":18,"enemies":"The Guardian","floor":16,"turns":12},{"damage":6,"enemies":"2 Thieves","floor":18,"turns":2},{"damage":1,"enemies":"Shell Parasite","floor":20,"turns":6},{"damage":0,"enemies":"Snake Plant","floor":21,"turns":4},{"damage":34,"enemies":"Gremlin Leader","floor":24,"turns":7},{"damage":8,"enemies":"Centurion and Healer","floor":29,"turns":5},{"damage":26,"enemies":"Champ","floor":33,"turns":13},{"damage":16,"enemies":"3 Darklings","floor":35,"turns":4},{"damage":80,"enemies":"Nemesis","floor":41,"turns":9},{"damage":4,"enemies":"Orb Walker","floor":42,"turns":4},{"damage":26,"enemies":"Reptomancer","floor":45,"turns":9},{"damage":17,"enemies":"Jaw Worm Horde","floor":47,"turns":5},{"damage":51,"enemies":"Time Eater","floor":50,"turns":11}],"seed_played":"351218470831150562","potions_obtained":[{"floor":7,"key":"Fire Potion"},{"floor":10,"key":"FearPotion"},{"floor":16,"key":"GhostInAJar"}],"is_trial":false,"path_per_floor":["M","M","M","$","?","R","E","R","T","M","M","R","E","M","R","B",null,"M","?","M","M","?","R","E","R","T","R","?","M","$","?","R","B",null,"M","$","?","?","$","R","E","M","T","R","E","$","M","?","R","B"],"character_chosen":"THE_SILENT","items_purchased":["Die Die Die","Oddly Smooth Stone","Finesse","Membership Card","Bottled Tornado","Blur","Ginger","Dark Shackles"],"campfire_rested":4,"item_purchase_floors":[4,30,30,39,39,39,46,46],"current_hp_per_floor":[71,70,70,70,69,69,33,33,33,33,33,33,25,25,25,7,54,48,48,47,47,47,47,26,26,26,40,40,44,44,44,44,36,45,29,29,29,29,29,42,28,30,30,43,34,34,23,23,36,0],"gold":18,"neow_bonus":"ONE_RARE_RELIC","is_prod":false,"is_daily":false,"chose_seed":false,"campfire_upgraded":7,"win_rate":0,"timestamp":1551499355,"path_taken":["M","M","M","$","?","R","E","R","T","M","M","R","E","M","R","BOSS","M","?","M","?","?","R","E","R","T","R","?","M","$","?","R","BOSS","M","$","?","?","?","R","E","?","T","R","E","$","M","?","R","BOSS"],"build_version":"2019-01-23","purchased_purges":0,"victory":false,"max_hp_per_floor":[74,74,74,74,69,69,69,69,69,69,69,69,69,69,69,69,69,69,69,69,69,48,48,48,48,48,48,48,48,48,48,48,48,48,48,48,46,46,46,46,46,46,46,46,46,46,46,46,46,46],"card_choices":[{"not_picked":["Dodge and Roll","Finisher"],"picked":"Flying Knee","floor":1},{"not_picked":["Backflip","Accuracy"],"picked":"Escape Plan","floor":2},{"not_picked":["Deflect","Underhanded Strike"],"picked":"Poisoned Stab","floor":3},{"not_picked":["Flechettes","Storm of Steel"],"picked":"Footwork","floor":7},{"not_picked":["Poisoned Stab","Slice"],"picked":"Acrobatics","floor":10},{"not_picked":["Setup","Outmaneuver"],"picked":"Blade Dance","floor":11},{"not_picked":["Deflect","Poisoned Stab"],"picked":"Escape Plan","floor":13},{"not_picked":["Deflect","Backstab"],"picked":"A Thousand Cuts","floor":14},{"not_picked":["A Thousand Cuts","Wraith Form v2"],"picked":"Die Die Die","floor":16},{"not_picked":["Flying Knee","Flechettes"],"picked":"Footwork","floor":18},{"not_picked":["Quick Slash","Flying Knee"],"picked":"Predator","floor":20},{"not_picked":["Distraction","Acrobatics","Setup"],"picked":"SKIP","floor":21},{"not_picked":["Catalyst","Calculated Gamble"],"picked":"Backflip","floor":24},{"not_picked":["Prepared","Underhanded Strike"],"picked":"Phantasmal Killer","floor":29},{"not_picked":["Dodge and Roll","Deadly Poison","Blade Dance"],"picked":"SKIP","floor":35},{"not_picked":["Die Die Die","Underhanded Strike+1"],"picked":"Terror","floor":41},{"not_picked":["Concentrate","Flying Knee","Dagger Throw"],"picked":"SKIP","floor":42},{"not_picked":["Acrobatics","Underhanded Strike"],"picked":"Backflip+1","floor":45},{"not_picked":["Dagger Throw+1","Slice","Catalyst"],"picked":"SKIP","floor":47},{"not_picked":["Mind Blast","Dark Shackles"],"picked":"Deep Breath","floor":48}],"player_experience":764290,"relics_obtained":[{"floor":7,"key":"Turnip"},{"floor":9,"key":"Sundial"},{"floor":13,"key":"Bag of Marbles"},{"floor":24,"key":"Orichalcum"},{"floor":26,"key":"Tiny Chest"},{"floor":41,"key":"Happy Flower"},{"floor":43,"key":"Ice Cream"},{"floor":45,"key":"StoneCalendar"}],"event_choices":[{"damage_healed":0,"gold_gain":0,"player_choice":"Lose Max HP","damage_taken":0,"relics_obtained":["Golden Idol"],"max_hp_gain":0,"max_hp_loss":5,"event_name":"Golden Idol","floor":5,"gold_loss":0},{"damage_healed":0,"gold_gain":0,"player_choice":"Upgraded","damage_taken":0,"max_hp_gain":0,"max_hp_loss":0,"event_name":"Upgrade Shrine","floor":19,"gold_loss":0,"cards_upgraded":["Footwork"]},{"damage_healed":0,"gold_gain":0,"player_choice":"Became a vampire","damage_taken":0,"max_hp_gain":0,"max_hp_loss":21,"event_name":"Vampires","floor":22,"gold_loss":0,"cards_obtained":["Bite","Bite","Bite","Bite","Bite"]},{"cards_removed":["Bite"],"damage_healed":0,"gold_gain":0,"player_choice":"Gave Gold","damage_taken":0,"max_hp_gain":0,"max_hp_loss":0,"event_name":"Beggar","floor":28,"gold_loss":75},{"damage_healed":0,"gold_gain":0,"player_choice":"Ignored","damage_taken":0,"max_hp_gain":0,"max_hp_loss":0,"event_name":"Ghosts","floor":31,"gold_loss":0},{"damage_healed":0,"gold_gain":0,"player_choice":"Max HP","damage_taken":0,"max_hp_gain":0,"max_hp_loss":2,"event_name":"Winding Halls","floor":37,"gold_loss":0},{"damage_healed":0,"gold_gain":333,"player_choice":"Gave Idol","damage_taken":0,"max_hp_gain":0,"max_hp_loss":0,"event_name":"The Moai Head","floor":38,"relics_lost":["Golden Idol"],"gold_loss":0},{"damage_healed":0,"gold_gain":0,"player_choice":"Memory 1","damage_taken":0,"max_hp_gain":0,"max_hp_loss":0,"event_name":"SensoryStone","floor":48,"gold_loss":0}],"is_beta":false,"boss_relics":[{"not_picked":["Ring of the Serpent","Calling Bell"],"picked":"Sozu"},{"not_picked":["Pandora\u0027s Box","Runic Dome"],"picked":"Lizard Tail"}],"items_purged_floors":[],"is_endless":false,"potions_floor_spawned":[7,10,11,16,18,24,29,33,41,42,47],"killed_by":"Time Eater","ascension_level":14}