{"gold_per_floor":[118,118,133,144,161,161,172,184,257,286,299,299,330,346,346,449,449],"floor_reached":17,"playtime":1464,"items_purged":[],"score":196,"play_id":"090708d6-b35a-4f44-af77-9ec0dea10a0f","local_time":"20190305053518","is_ascension_mode":false,"campfire_choices":[{"data":"Zap","floor":6,"key":"SMITH"},{"data":"Coolheaded","floor":15,"key":"SMITH"}],"neow_cost":"NONE","seed_source_timestamp":70583463636503,"circlet_count":0,"master_deck":["Strike_B","Strike_B","Strike_B","Strike_B","Defend_B","Defend_B","Defend_B","Defend_B","Zap+1","Dualcast","Cold Snap","Coolheaded+1","BootSequence","Ball Lightning","Go for the Eyes+1","Ball Lightning","Darkness","Steam","Electrodynamics"],"relics":["Cracked Core","Orichalcum","Pear","Bag of Preparation","StoneCalendar","Nuclear Battery"],"potions_floor_usage":[],"damage_taken":[{"damage":1,"enemies":"2 Louse","floor":1,"turns":4},{"damage":0,"enemies":"Jaw Worm","floor":3,"turns":4},{"damage":2,"enemies":"Small Slimes","floor":4,"turns":5},{"damage":0,"enemies":"Gremlin Gang","floor":5,"turns":6},{"damage":3,"enemies":"Exordium Thugs","floor":7,"turns":5},{"damage":0,"enemies":"2 Fungi Beasts","floor":8,"turns":3},{"damage":13,"enemies":"3 Sentries","floor":10,"turns":6},{"damage":0,"enemies":"Exordium Wildlife","floor":11,"turns":2},{"damage":6,"enemies":"Lagavulin","floor":13,"turns":5},{"damage":2,"enemies":"Large Slime","floor":14,"turns":3},{"damage":20,"enemies":"Slime Boss","floor":16,"turns":7}],"seed_played":"-587967508442583474","potions_obtained":[{"floor":7,"key":"SteroidPotion"},{"floor":8,"key":"Dexterity Potion"},{"floor":10,"key":"Ancient Potion"}],"is_trial":false,"path_per_floor":["M","?","M","M","M","R","M","M","T","E","M","?","E","M","R","B",null],"character_chosen":"DEFECT","items_purchased":[],"campfire_rested":0,"item_purchase_floors":[],"current_hp_per_floor":[74,79,79,77,77,77,74,74,84,71,71,71,65,63,63,43,90],"gold":449,"neow_bonus":"RANDOM_COMMON_RELIC","is_prod":false,"is_daily":false,"chose_seed":false,"campfire_upgraded":2,"win_rate":0,"timestamp":1551756918,"path_taken":["M","?","M","M","M","R","M","M","T","E","M","?","E","M","R","BOSS"],"build_version":"2019-01-23","purchased_purges":0,"victory":false,"max_hp_per_floor":[75,80,80,80,80,80,80,80,90,90,90,90,90,90,90,90,90],"card_choices":[{"not_picked":["Steam","Streamline"],"picked":"Cold Snap","floor":1},{"not_picked":["Chaos","Hologram"],"picked":"Coolheaded","floor":3},{"not_picked":["Reprogram","Steam Power"],"picked":"BootSequence","floor":4},{"not_picked":["Heatsinks","Force Field","Capacitor"],"picked":"SKIP","floor":5},{"not_picked":["All For One","White Noise"],"picked":"Ball Lightning","floor":7},{"not_picked":["Stack","Turbo"],"picked":"Go for the Eyes","floor":8},{"not_picked":["Redo","Consume"],"picked":"Ball Lightning","floor":10},{"not_picked":["Blizzard","Turbo"],"picked":"Darkness","floor":11},{"not_picked":["Gash","Rebound","Blizzard"],"picked":"SKIP","floor":13},{"not_picked":["Conserve Battery","Gash"],"picked":"Steam","floor":14},{"not_picked":["Buffer","Core Surge"],"picked":"Electrodynamics","floor":16}],"player_experience":634420,"relics_obtained":[{"floor":9,"key":"Pear"},{"floor":10,"key":"Bag of Preparation"},{"floor":13,"key":"StoneCalendar"}],"event_choices":[{"damage_healed":0,"gold_gain":0,"player_choice":"Donut","damage_taken":0,"max_hp_gain":5,"max_hp_loss":0,"event_name":"Big Fish","floor":2,"gold_loss":0},{"damage_healed":0,"gold_gain":0,"player_choice":"Grow","damage_taken":0,"max_hp_gain":0,"max_hp_loss":0,"event_name":"Living Wall","floor":12,"gold_loss":0,"cards_upgraded":["Go for the Eyes"]}],"is_beta":false,"boss_relics":[{"not_picked":["Snecko Eye","Pandora\u0027s Box"],"picked":"Nuclear Battery"}],"items_purged_floors":[],"is_endless":false,"potions_floor_spawned":[7,8,10,11,14],"ascension_level":0}