{"gold_per_floor":[115,129,147,167,180,180,208,208,232,232,261,281,34,51,51,124,124,139,152,152,52,67,67,99,24,24,24,36,62,12,27,27,27],"floor_reached":33,"playtime":1219,"items_purged":["Strike_R"],"score":553,"play_id":"87b7f639-abf4-47f9-b9b7-994ce4b2602f","local_time":"20190308214005","is_ascension_mode":true,"campfire_choices":[{"data":"Uppercut","floor":6,"key":"SMITH"},{"data":"Immolate","floor":8,"key":"SMITH"},{"data":"Iron Wave","floor":10,"key":"SMITH"},{"floor":15,"key":"REST"},{"floor":23,"key":"REST"},{"floor":27,"key":"REST"},{"data":"1","floor":32,"key":"LIFT"}],"neow_cost":"TEN_PERCENT_HP_LOSS","seed_source_timestamp":423401959879901,"circlet_count":0,"master_deck":["AscendersBane","Strike_R","Strike_R","Defend_R","Defend_R","Defend_R","Defend_R","Bash","Immolate+1","Clothesline","Clothesline","Feel No Pain","Second Wind","Uppercut+1","Iron Wave+1","Juggernaut","Corruption","Seeing Red","Feed","Pommel Strike+1","Bandage Up","True Grit","Havoc","Shrug It Off","Dark Embrace"],"relics":["Burning Blood","Regal Pillow","Art of War","Bag of Marbles","Omamori","Mark of Pain","Smiling Mask","Prayer Wheel","Girya"],"potions_floor_usage":[2,7,14,16,16,19,24,28],"damage_taken":[{"damage":7,"enemies":"Jaw Worm","floor":1,"turns":3},{"damage":1,"enemies":"Cultist","floor":2,"turns":3},{"damage":0,"enemies":"Small Slimes","floor":3,"turns":2},{"damage":8,"enemies":"3 Louse","floor":4,"turns":2},{"damage":5,"enemies":"Exordium Wildlife","floor":5,"turns":3},{"damage":27,"enemies":"Gremlin Nob","floor":7,"turns":5},{"damage":22,"enemies":"Lagavulin","floor":11,"turns":6},{"damage":18,"enemies":"Exordium Thugs","floor":12,"turns":5},{"damage":9,"enemies":"Lots of Slimes","floor":14,"turns":3},{"damage":58,"enemies":"Slime Boss","floor":16,"turns":9},{"damage":19,"enemies":"2 Thieves","floor":18,"turns":3},{"damage":17,"enemies":"Spheric Guardian","floor":19,"turns":4},{"damage":25,"enemies":"Centurion and Healer","floor":22,"turns":7},{"damage":48,"enemies":"Gremlin Leader","floor":24,"turns":6},{"damage":14,"enemies":"Snake Plant","floor":28,"turns":4},{"damage":27,"enemies":"Book of Stabbing","floor":29,"turns":5},{"damage":10,"enemies":"Snecko","floor":31,"turns":6},{"damage":50,"enemies":"Automaton","floor":33,"turns":6}],"seed_played":"4901455235583907798","potions_obtained":[{"floor":1,"key":"EntropicBrew"},{"floor":12,"key":"BloodPotion"},{"floor":14,"key":"SkillPotion"},{"floor":16,"key":"Ancient Potion"},{"floor":19,"key":"Poison Potion"},{"floor":22,"key":"Ancient Potion"}],"is_trial":false,"path_per_floor":["M","M","M","M","M","R","E","R","T","R","E","M","$","M","R","B",null,"M","M","?","$","M","R","E","?","T","R","M","E","$","M","R","B"],"character_chosen":"IRONCLAD","items_purchased":["Corruption","Omamori","Bandage Up"],"campfire_rested":3,"item_purchase_floors":[13,13,21],"current_hp_per_floor":[67,68,68,66,67,67,52,52,52,52,36,24,24,27,62,10,54,41,30,30,30,18,54,16,16,16,52,48,31,31,34,34,0],"gold":27,"neow_bonus":"THREE_RARE_CARDS","is_prod":false,"is_daily":false,"chose_seed":false,"campfire_upgraded":3,"win_rate":0,"timestamp":1552099205,"path_taken":["M","M","M","M","M","R","E","R","T","R","E","M","$","M","R","BOSS","M","M","?","?","?","R","E","?","T","R","M","E","$","M","R","BOSS"],"build_version":"2019-01-23","purchased_purges":1,"victory":false,"max_hp_per_floor":[68,68,68,68,68,68,68,68,68,68,68,68,68,68,68,68,68,68,68,68,68,71,71,71,71,71,71,71,71,71,74,74,74],"card_choices":[{"not_picked":["Offering","Bludgeon"],"picked":"Immolate","floor":0},{"not_picked":["Evolve","Clash"],"picked":"Clothesline","floor":1},{"not_picked":["True Grit","Sword Boomerang"],"picked":"Clothesline","floor":2},{"not_picked":["Thunderclap","Heavy Blade"],"picked":"Feel No Pain","floor":3},{"not_picked":["Sword Boomerang","Anger"],"picked":"Second Wind","floor":4},{"not_picked":["Fire Breathing","Headbutt"],"picked":"Uppercut","floor":5},{"not_picked":["Body Slam","Clash"],"picked":"Iron Wave","floor":7},{"not_picked":["Armaments","Clash"],"picked":"Juggernaut","floor":11},{"not_picked":["Perfected Strike","Anger","Pummel"],"picked":"SKIP","floor":12},{"not_picked":["Body Slam","Anger"],"picked":"Seeing Red","floor":14},{"not_picked":["Exhume","Immolate"],"picked":"Feed","floor":16},{"not_picked":["Clothesline","Cleave","Sever Soul"],"picked":"SKIP","floor":18},{"not_picked":["Headbutt","Hemokinesis"],"picked":"Pommel Strike+1","floor":19},{"not_picked":["Intimidate","Sword Boomerang+1"],"picked":"True Grit","floor":22},{"not_picked":["Sword Boomerang","Corruption"],"picked":"Havoc","floor":24},{"not_picked":["Dual Wield","Warcry"],"picked":"Shrug It Off","floor":28},{"not_picked":["Heavy Blade","Combust","Sword Boomerang"],"picked":"SKIP","floor":28},{"not_picked":["Thunderclap","Rampage+1"],"picked":"Dark Embrace","floor":29},{"not_picked":["Cleave","Heavy Blade+1","Armaments"],"picked":"SKIP","floor":31},{"not_picked":["Clash","Anger","Rampage"],"picked":"SKIP","floor":31}],"player_experience":878289,"relics_obtained":[{"floor":7,"key":"Regal Pillow"},{"floor":9,"key":"Art of War"},{"floor":11,"key":"Bag of Marbles"},{"floor":24,"key":"Smiling Mask"},{"floor":26,"key":"Prayer Wheel"},{"floor":29,"key":"Girya"}],"event_choices":[{"cards_removed":["Strike_R"],"damage_healed":0,"gold_gain":0,"player_choice":"Purged","damage_taken":0,"max_hp_gain":0,"max_hp_loss":0,"event_name":"Purifier","floor":20,"gold_loss":0},{"cards_removed":["Strike_R"],"damage_healed":0,"gold_gain":0,"player_choice":"Gave Gold","damage_taken":0,"max_hp_gain":0,"max_hp_loss":0,"event_name":"Beggar","floor":25,"gold_loss":75}],"is_beta":false,"boss_relics":[{"not_picked":["Eternal Feather","White Beast Statue"],"picked":"Mark of Pain"}],"items_purged_floors":[30],"is_endless":false,"potions_floor_spawned":[1,3,5,12,14,16,19,22],"killed_by":"Automaton","ascension_level":17}