{"path_per_floor":["M","?","?","?","M","R","M","R","T","R","M","M","$","?","R","B",null,"M","$","?","?","?","M","?","R","T","M","E","R","M","E","R","B",null,"M","$","?","M","?","E","M","R","T","M","T","R","M","M","R","B"],"character_chosen":"IRONCLAD","items_purchased":["Membership Card","Finesse","Reaper","Madness"],"gold_per_floor":[117,117,67,242,253,253,266,266,292,292,307,326,0,26,26,124,124,144,3,3,3,3,17,17,17,17,33,64,64,82,117,117,215,215,233,56,0,19,19,45,64,64,64,83,83,83,95,112,112,112],"floor_reached":51,"campfire_rested":0,"playtime":6053,"current_hp_per_floor":[80,64,64,64,58,58,63,63,63,63,56,62,62,62,62,31,80,80,80,80,80,65,71,59,59,59,59,59,59,59,59,59,59,59,59,59,59,59,49,59,48,48,48,59,59,59,59,59,59,59],"items_purged":["Doubt","Strike_R","Defend_R"],"gold":112,"play_id":"8d3898ea-5b47-44ed-bd8a-4d6feebe99cd","is_prod":false,"is_daily":false,"campfire_rituals":0,"campfire_upgraded":10,"is_hardmode":false,"path_taken":["M","?","?","?","M","R","M","R","T","R","M","M","$","?","R","BOSS","M","$","?","?","?","M","?","R","T","?","E","R","M","E","R","BOSS","M","$","?","M","?","E","M","R","T","M","?","R","M","M","R","BOSS"],"build_version":"2018-01-18-PROD4","purchased_purges":3,"victory":true,"master_deck":["Defend_R","Defend_R","Defend_R","Bash","Headbutt","Shrug It Off","Power Through","Warcry","Finesse","Clothesline","Offering","True Grit","Reaper","Flash of Steel","Pommel Strike","Bite_R","Bite_R","Bite_R","Bite_R","Bite_R","Warcry","Entrench","True Grit","Demon Form","Armaments","Madness","Pommel Strike","Madness","Madness","Dual Wield","Searing Blow","Burning Pact"],"max_hp_per_floor":[80,80,80,80,80,80,80,80,80,80,80,80,80,80,80,80,80,80,80,80,80,85,85,59,59,59,59,59,59,59,59,59,59,59,59,59,59,59,59,59,59,59,59,59,59,59,59,59,59,59],"relics":["Burning Blood","Calipers","War Paint","Membership Card","Odd Mushroom","Mark of Pain","Letter Opener","Thread and Needle","Mummified Hand","Pantograph","Question Card","Red Mask","Omamori","Frozen Eye","Unceasing Top"],"campfire_meditates":0,"card_choices":[{"not_picked":["Anger","Cleave"],"picked":"Headbutt"},{"not_picked":["Power Through","Perfected Strike"],"picked":"Shrug It Off"},{"not_picked":["Twin Strike","Immolate"],"picked":"Power Through"},{"not_picked":["Headbutt","Perfected Strike"],"picked":"Warcry"},{"not_picked":["Cleave","Combust"],"picked":"Clothesline"},{"not_picked":["Berserk","Brutality"],"picked":"Offering"},{"not_picked":["Headbutt","Body Slam"],"picked":"True Grit"},{"not_picked":["Anger","Headbutt"],"picked":"Pommel Strike"},{"not_picked":["Sword Boomerang","Seeing Red"],"picked":"Warcry"},{"not_picked":["Power Through","Double Tap"],"picked":"Entrench"},{"not_picked":["Cleave","Heavy Blade"],"picked":"True Grit"},{"not_picked":["Double Tap","Berserk"],"picked":"Demon Form"},{"not_picked":["Cleave","Wild Strike","Pummel"],"picked":"Armaments"},{"not_picked":["Havoc","Sword Boomerang","Fire Breathing"],"picked":"Pommel Strike"},{"not_picked":["Whirlwind","Thunderclap","Spot Weakness"],"picked":"Dual Wield"},{"not_picked":["Seeing Red","Twin Strike","Power Through"],"picked":"Searing Blow"},{"not_picked":["Perfected Strike","Heavy Blade","Cleave"],"picked":"Burning Pact"}],"player_experience":323796,"potions_floor_usage":[50,50,50],"damage_taken":[{"damage":3,"enemies":"2 Louse","floor":1,"turns":2},{"damage":12,"enemies":"Jaw Worm","floor":5,"turns":5},{"damage":1,"enemies":"Cultist","floor":7,"turns":3},{"damage":13,"enemies":"Exordium Thugs","floor":11,"turns":10},{"damage":0,"enemies":"Gremlin Gang","floor":12,"turns":7},{"damage":6,"enemies":"The Mushroom Lair","floor":14,"turns":8},{"damage":37,"enemies":"The Guardian","floor":16,"turns":14},{"damage":5,"enemies":"Shell Parasite","floor":18,"turns":5},{"damage":4,"enemies":"2 Thieves","floor":23,"turns":5},{"damage":4,"enemies":"Snecko","floor":27,"turns":5},{"damage":15,"enemies":"Gremlin Leader","floor":28,"turns":10},{"damage":4,"enemies":"3 Cultists","floor":30,"turns":8},{"damage":4,"enemies":"Book of Stabbing","floor":31,"turns":8},{"damage":4,"enemies":"Champ","floor":33,"turns":29},{"damage":4,"enemies":"3 Darklings","floor":35,"turns":7},{"damage":6,"enemies":"3 Shapes","floor":38,"turns":5},{"damage":4,"enemies":"Giant Head","floor":40,"turns":9},{"damage":30,"enemies":"Sphere and 2 Shapes","floor":41,"turns":7},{"damage":4,"enemies":"4 Shapes","floor":44,"turns":7},{"damage":5,"enemies":"Maw","floor":47,"turns":7},{"damage":23,"enemies":"Sphere and 2 Shapes","floor":48,"turns":7},{"damage":4,"enemies":"Awakened One","floor":50,"turns":13}],"event_choices":[{"event_name":"Shining Light","player_choice":"Entered Light","floor":2,"damage_taken":0},{"event_name":"The Cleric","player_choice":"Card Removal","floor":3,"damage_taken":0},{"event_name":"Liars Game","player_choice":"agreed","floor":4,"damage_taken":0},{"event_name":"Mushrooms","player_choice":"Fought Mushrooms","floor":14,"damage_taken":0},{"event_name":"The Mausoleum","player_choice":"Yes","floor":20,"damage_taken":0},{"event_name":"Match and Keep!","player_choice":"1 cards matched","floor":21,"damage_taken":0},{"event_name":"Forgotten Altar","player_choice":"Shed Blood","floor":22,"damage_taken":0},{"event_name":"Vampires","player_choice":"Became a vampire","floor":24,"damage_taken":0},{"event_name":"Tomb of Lord Red Mask","player_choice":"Paid","floor":37,"damage_taken":0},{"event_name":"Winding Halls","player_choice":"Embrace Madness","floor":39,"damage_taken":0}],"boss_relics":[{"not_picked":["Astrolabe","Velvet Choker"],"picked":"Mark of Pain"},{"not_picked":["White Beast Statue","Pandora\u0027s Box"],"picked":"Question Card"}],"potions_floor_spawned":[5,14,16,30,31,41,44,48],"seed_played":"-3570033789876864243","is_trial":false}