{"gold_per_floor":[117,137,137,237,249,249,269,298,298,298,313,313,313,348,348,452,452,468,567,577,268,268,268,19,19,99,99,113,123,153,171,171,272,272,284,284,303,321,321,321,352,352,352,352,427,9,9,9,9,9],"floor_reached":50,"playtime":2104,"items_purged":["Writhe"],"score":675,"play_id":"7f3956f2-4eb4-497d-b789-5b79b0650521","local_time":"20190308134632","is_ascension_mode":true,"campfire_choices":[{"data":"Cold Snap","floor":6,"key":"SMITH"},{"data":"Conserve Battery","floor":10,"key":"SMITH"},{"floor":13,"key":"REST"},{"floor":15,"key":"REST"},{"data":"Electrodynamics","floor":23,"key":"SMITH"},{"data":"Biased Cognition","floor":25,"key":"SMITH"},{"data":"Sunder","floor":32,"key":"SMITH"},{"data":"Seek","floor":40,"key":"SMITH"},{"data":"Seek","floor":42,"key":"SMITH"},{"data":"White Noise","floor":47,"key":"SMITH"},{"floor":49,"key":"REST"}],"neow_cost":"NONE","seed_source_timestamp":79551335732545,"circlet_count":0,"master_deck":["Strike_B","Strike_B","Strike_B+1","Defend_B","Defend_B","Defend_B+1","Defend_B+1","Zap+1","Dualcast+1","Conserve Battery+1","Cold Snap+1","Sunder+1","Biased Cognition+1","Seek+1","Self Repair","Electrodynamics+1","Clumsy","Ball Lightning+1","White Noise+1","Coolheaded+1","Seek+1","Writhe"],"relics":["Cracked Core","Potion Belt","Matryoshka","Juzu Bracelet","Bottled Lightning","War Paint","Cursed Key","Anchor","MutagenicStrength","Runic Capacitor","Regal Pillow","Pantograph","Oddly Smooth Stone","Inserter","Happy Flower","Ginger","Cauldron","Bag of Marbles"],"potions_floor_usage":[7,16,18,30,33,33,33,39,44,50,50,50,50,50],"damage_taken":[{"damage":6,"enemies":"Cultist","floor":1,"turns":3},{"damage":1,"enemies":"Small Slimes","floor":2,"turns":4},{"damage":0,"enemies":"2 Louse","floor":5,"turns":4},{"damage":10,"enemies":"Lots of Slimes","floor":7,"turns":4},{"damage":12,"enemies":"Lagavulin","floor":8,"turns":8},{"damage":4,"enemies":"2 Fungi Beasts","floor":11,"turns":3},{"damage":27,"enemies":"3 Sentries","floor":14,"turns":6},{"damage":18,"enemies":"Slime Boss","floor":16,"turns":11},{"damage":5,"enemies":"Shell Parasite","floor":18,"turns":3},{"damage":0,"enemies":"Spheric Guardian","floor":20,"turns":3},{"damage":15,"enemies":"Snake Plant","floor":28,"turns":3},{"damage":0,"enemies":"Snecko","floor":29,"turns":4},{"damage":19,"enemies":"Gremlin Leader","floor":30,"turns":4},{"damage":10,"enemies":"3 Cultists","floor":31,"turns":4},{"damage":66,"enemies":"Champ","floor":33,"turns":8},{"damage":6,"enemies":"3 Darklings","floor":35,"turns":2},{"damage":0,"enemies":"3 Shapes","floor":37,"turns":2},{"damage":16,"enemies":"3 Darklings","floor":38,"turns":2},{"damage":0,"enemies":"Spire Growth","floor":39,"turns":2},{"damage":15,"enemies":"Nemesis","floor":41,"turns":5},{"damage":0,"enemies":"Transient","floor":44,"turns":1},{"damage":78,"enemies":"Awakened One","floor":50,"turns":8}],"seed_played":"-4485015611926840254","potions_obtained":[{"floor":2,"key":"Regen Potion"},{"floor":11,"key":"FearPotion"},{"floor":14,"key":"SmokeBomb"},{"floor":16,"key":"Block Potion"},{"floor":28,"key":"Poison Potion"},{"floor":29,"key":"FearPotion"},{"floor":31,"key":"Poison Potion"},{"floor":38,"key":"EssenceOfSteel"},{"floor":41,"key":"SmokeBomb"},{"floor":46,"key":"PowerPotion"},{"floor":46,"key":"Swift Potion"},{"floor":46,"key":"Explosive Potion"},{"floor":46,"key":"Explosive Potion"}],"is_trial":false,"path_per_floor":["M","M","?","?","M","R","M","E","T","R","M","?","R","E","R","B",null,"M","?","M","$","?","R","$","R","T","?","M","M","E","M","R","B",null,"M","?","M","M","M","R","E","R","T","M","?","$","R","?","R","B"],"character_chosen":"DEFECT","items_purchased":["Electrodynamics","Anchor","Runic Capacitor","Weak Potion","Cauldron","Bag of Marbles"],"campfire_rested":3,"item_purchase_floors":[21,21,24,24,46,46],"current_hp_per_floor":[62,61,46,46,46,46,48,36,36,36,32,32,54,27,49,31,64,59,59,66,66,66,66,66,66,66,66,58,65,53,50,50,9,59,53,72,75,59,59,59,51,51,51,51,44,44,44,44,75,0],"gold":9,"neow_bonus":"RANDOM_COMMON_RELIC","is_prod":false,"is_daily":false,"chose_seed":false,"campfire_upgraded":8,"win_rate":0,"timestamp":1552074392,"path_taken":["M","?","?","?","M","R","?","E","T","R","M","?","R","E","R","BOSS","M","?","M","$","?","R","$","R","T","?","M","M","E","M","R","BOSS","M","?","M","M","M","R","E","R","T","M","?","$","R","?","R","BOSS"],"build_version":"2019-01-23","purchased_purges":1,"victory":false,"max_hp_per_floor":[75,75,75,75,75,75,75,75,75,75,75,75,75,75,75,75,75,75,75,75,75,75,75,75,75,75,75,75,75,75,75,75,75,75,75,75,75,75,75,75,75,75,75,75,75,75,75,75,75,75],"card_choices":[{"not_picked":["Gash","Stack"],"picked":"Conserve Battery","floor":1},{"not_picked":["Doom and Gloom","Go for the Eyes","Static Discharge"],"picked":"SKIP","floor":2},{"not_picked":["Reinforced Body","Sweeping Beam"],"picked":"Cold Snap","floor":5},{"not_picked":["Heatsinks","Reinforced Body","Machine Learning"],"picked":"SKIP","floor":7},{"not_picked":["Steam","Barrage","Beam Cell"],"picked":"SKIP","floor":8},{"not_picked":["Aggregate","Reprogram"],"picked":"Sunder","floor":11},{"not_picked":["Redo","Gash","Streamline"],"picked":"SKIP","floor":14},{"not_picked":["Buffer","Core Surge"],"picked":"Seek","floor":16},{"not_picked":["Leap","Blizzard"],"picked":"Self Repair","floor":18},{"not_picked":["Beam Cell","Barrage","Fusion"],"picked":"SKIP","floor":20},{"not_picked":["Compile Driver","Undo","Beam Cell+1"],"picked":"SKIP","floor":28},{"not_picked":["Compile Driver","Leap"],"picked":"Ball Lightning+1","floor":29},{"not_picked":["Conserve Battery","Turbo"],"picked":"White Noise","floor":30},{"not_picked":["Gash+1","Go for the Eyes+1"],"picked":"Coolheaded+1","floor":31},{"not_picked":["Creative AI","Machine Learning"],"picked":"Seek","floor":33},{"not_picked":["Tempest","White Noise","Genetic Algorithm+1"],"picked":"SKIP","floor":35},{"not_picked":["Melter","Streamline","Coolheaded+1"],"picked":"SKIP","floor":37},{"not_picked":["Conserve Battery","Static Discharge+1","Hologram"],"picked":"SKIP","floor":38},{"not_picked":["Steam","Compile Driver+1","Leap+1"],"picked":"SKIP","floor":41}],"player_experience":301359,"relics_obtained":[{"floor":8,"key":"Matryoshka"},{"floor":9,"key":"Juzu Bracelet"},{"floor":9,"key":"Bottled Lightning"},{"floor":14,"key":"War Paint"},{"floor":26,"key":"Regal Pillow"},{"floor":26,"key":"Pantograph"},{"floor":30,"key":"Oddly Smooth Stone"},{"floor":41,"key":"Happy Flower"},{"floor":43,"key":"Ginger"}],"event_choices":[{"damage_healed":0,"gold_gain":0,"player_choice":"Entered Light","damage_taken":15,"max_hp_gain":0,"max_hp_loss":0,"event_name":"Shining Light","floor":3,"gold_loss":0,"cards_upgraded":["Zap","Dualcast"]},{"damage_healed":0,"gold_gain":100,"player_choice":"Pray","damage_taken":0,"max_hp_gain":0,"max_hp_loss":0,"event_name":"Golden Shrine","floor":4,"gold_loss":0},{"damage_healed":0,"gold_gain":0,"cards_transformed":["Strike_B"],"player_choice":"Transformed","damage_taken":0,"max_hp_gain":0,"max_hp_loss":0,"event_name":"Transmorgrifier","floor":12,"gold_loss":0,"cards_obtained":["Biased Cognition"]},{"damage_healed":0,"gold_gain":99,"player_choice":"Stole From Cult","damage_taken":0,"max_hp_gain":0,"max_hp_loss":0,"event_name":"Nest","floor":19,"gold_loss":0},{"damage_healed":0,"gold_gain":0,"player_choice":"Inject Mutagens","damage_taken":0,"relics_obtained":["MutagenicStrength"],"max_hp_gain":0,"max_hp_loss":0,"event_name":"Drug Dealer","floor":22,"gold_loss":0},{"damage_healed":0,"gold_gain":0,"player_choice":"Ignored","damage_taken":0,"max_hp_gain":0,"max_hp_loss":0,"event_name":"Ghosts","floor":27,"gold_loss":0},{"damage_healed":19,"gold_gain":0,"player_choice":"Writhe","damage_taken":0,"max_hp_gain":0,"max_hp_loss":0,"event_name":"Winding Halls","floor":36,"gold_loss":0,"cards_obtained":["Writhe"]},{"damage_healed":0,"gold_gain":75,"player_choice":"Touch","damage_taken":7,"max_hp_gain":0,"max_hp_loss":0,"event_name":"FaceTrader","floor":45,"gold_loss":0},{"damage_healed":0,"gold_gain":0,"player_choice":"Upgraded","damage_taken":0,"max_hp_gain":0,"max_hp_loss":0,"event_name":"Upgrade Shrine","floor":48,"gold_loss":0,"cards_upgraded":["Strike_B"]}],"is_beta":false,"boss_relics":[{"not_picked":["Eternal Feather","Astrolabe"],"picked":"Cursed Key"},{"not_picked":["Velvet Choker","Empty Cage"],"picked":"Inserter"}],"items_purged_floors":[46],"is_endless":false,"potions_floor_spawned":[2,11,14,16,28,29,31,38,39,41,44],"killed_by":"Awakened One","ascension_level":7}