{"path_per_floor":["M","?","$","M","M","R","M","R","T","?","$","?","R","M","R","B",null,"M","?","M"],"character_chosen":"IRONCLAD","items_purchased":["Shrug It Off"],"gold_per_floor":[114,114,39,58,73,73,93,93,119,119,68,68,68,87,87,162,162,178,378,390,390],"floor_reached":21,"campfire_rested":0,"playtime":970,"item_purchase_floors":[11],"current_hp_per_floor":[68,68,68,56,60,60,39,39,39,44,44,48,48,45,45,10,63,69,69,50,0],"items_purged":["Strike_R"],"gold":390,"score":287,"play_id":"9f08e1ce-a7ff-4bbb-a747-49a10e413556","local_time":"20180520024201","is_prod":false,"is_daily":false,"chose_seed":false,"is_ascension_mode":true,"campfire_upgraded":4,"timestamp":1526798521,"campfire_choices":[{"data":"Barricade","floor":6,"key":"SMITH"},{"data":"Clothesline","floor":8,"key":"SMITH"},{"data":"Shrug It Off","floor":13,"key":"SMITH"},{"data":"Warcry","floor":15,"key":"SMITH"}],"path_taken":["M","?","$","M","M","R","M","R","T","?","$","?","R","?","R","BOSS","M","?","?","?"],"build_version":"2018-05-18","seed_source_timestamp":940847774399299,"purchased_purges":1,"victory":false,"master_deck":["Strike_R","Strike_R","Strike_R","Defend_R","Defend_R","Defend_R+1","Defend_R","Bash","AscendersBane","Barricade+1","Headbutt","Double Tap+1","Carnage","Clothesline+1","Shrug It Off+1","Warcry+1","Fiend Fire","Iron Wave","True Grit"],"max_hp_per_floor":[68,68,68,68,68,68,68,68,68,73,73,80,80,80,80,80,80,80,80,80,80],"relics":["Burning Blood","War Paint","Strawberry","Cursed Key"],"card_choices":[{"not_picked":["Limit Break","Impervious"],"picked":"Barricade","floor":0},{"not_picked":["Warcry","Power Through"],"picked":"Headbutt","floor":1},{"not_picked":["Headbutt","Sever Soul"],"picked":"Carnage","floor":4},{"not_picked":["Headbutt","Fire Breathing"],"picked":"Clothesline","floor":5},{"not_picked":["Twin Strike","Body Slam","Anger"],"picked":"SKIP","floor":7},{"not_picked":["Havoc","Pummel"],"picked":"Warcry","floor":14},{"not_picked":["Dark Embrace","Juggernaut"],"picked":"Fiend Fire","floor":16},{"not_picked":["Flex","Fire Breathing"],"picked":"Iron Wave","floor":18},{"not_picked":["Dual Wield+1","Headbutt"],"picked":"True Grit","floor":20}],"player_experience":223584,"potions_floor_usage":[16,21],"damage_taken":[{"damage":6,"enemies":"Cultist","floor":1,"turns":4},{"damage":18,"enemies":"Jaw Worm","floor":4,"turns":4},{"damage":2,"enemies":"2 Louse","floor":5,"turns":3},{"damage":27,"enemies":"Large Slime","floor":7,"turns":7},{"damage":9,"enemies":"Looter","floor":14,"turns":4},{"damage":41,"enemies":"The Guardian","floor":16,"turns":11},{"damage":0,"enemies":"Spheric Guardian","floor":18,"turns":3},{"damage":25,"enemies":"Chosen","floor":20,"turns":5},{"damage":50,"enemies":"Masked Bandits","floor":21,"turns":4}],"relics_obtained":[{"floor":9,"key":"War Paint"}],"event_choices":[{"event_name":"Transmorgrifier","player_choice":"Transform","floor":2,"damage_taken":0},{"event_name":"Big Fish","player_choice":"Donut","floor":10,"damage_taken":0},{"event_name":"Scrap Ooze","player_choice":"success","floor":12,"damage_taken":3},{"event_name":"The Joust","player_choice":"Bet on Owner","floor":19,"damage_taken":0},{"event_name":"Masked Bandits","player_choice":"Fought over 390 gold","floor":21,"damage_taken":0}],"boss_relics":[{"not_picked":["Black Star","White Beast Statue"],"picked":"Cursed Key"}],"items_purged_floors":[3],"potions_floor_spawned":[4,16],"seed_played":"5857781146907879079","killed_by":"Masked Bandits","ascension_level":14,"potions_obtained":[{"floor":4,"key":"PowerPotion"},{"floor":16,"key":"GamblersBrew"}],"is_trial":false}