{"gold_per_floor":[114,114,79,94,94,94,104,123,123,158,158,170,170,190,190,267,267,280,297,187,199,211,211,240,240,290,300,9,29,45,59,59,135,135,146,146,163,263,263,263,280,290,313,313,313,182,182,199,199,199],"floor_reached":51,"playtime":2645,"items_purged":["Strike_B"],"score":1295,"play_id":"ba7d9ec5-2d2d-4095-83aa-64e3e5d8d75b","local_time":"20190214185108","is_ascension_mode":true,"campfire_choices":[{"data":"Zap","floor":6,"key":"SMITH"},{"data":"Doom and Gloom","floor":11,"key":"SMITH"},{"data":"Biased Cognition","floor":13,"key":"SMITH"},{"data":"Dualcast","floor":15,"key":"SMITH"},{"data":"Ball Lightning","floor":23,"key":"SMITH"},{"floor":25,"key":"REST"},{"data":"Mayhem","floor":32,"key":"SMITH"},{"floor":40,"key":"REST"},{"floor":44,"key":"REST"},{"data":"Barrage","floor":47,"key":"SMITH"},{"floor":49,"key":"REST"}],"neow_cost":"PERCENT_DAMAGE","seed_source_timestamp":1931596069770634,"circlet_count":0,"master_deck":["AscendersBane","Defend_B","Defend_B","Defend_B","Zap+1","Dualcast+1","Biased Cognition+1","Doom and Gloom+1","FTL+1","Hologram+1","Auto Shields+1","Leap+1","Glacier+1","Seek+1","Conserve Battery+1","Ball Lightning+1","Chaos+1","Glacier+1","Double Energy+1","Bandage Up+1","Mayhem+1","Fission+1","Barrage+1","Rainbow+1"],"relics":["Cracked Core","Toxic Egg 2","Kunai","Lantern","Empty Cage","Ornamental Fan","Vajra","Inserter","Incense Burner","Bag of Preparation"],"potions_floor_usage":[16,16,33,33,50,50],"damage_taken":[{"damage":1,"enemies":"Cultist","floor":1,"turns":3},{"damage":0,"enemies":"2 Louse","floor":4,"turns":2},{"damage":0,"enemies":"Small Slimes","floor":7,"turns":2},{"damage":8,"enemies":"Blue Slaver","floor":8,"turns":2},{"damage":18,"enemies":"Lagavulin","floor":10,"turns":4},{"damage":6,"enemies":"Looter","floor":12,"turns":2},{"damage":12,"enemies":"Exordium Thugs","floor":14,"turns":4},{"damage":7,"enemies":"The Guardian","floor":16,"turns":9},{"damage":0,"enemies":"2 Thieves","floor":18,"turns":5},{"damage":0,"enemies":"3 Byrds","floor":19,"turns":4},{"damage":0,"enemies":"3 Cultists","floor":21,"turns":4},{"damage":0,"enemies":"Chosen and Byrds","floor":22,"turns":3},{"damage":25,"enemies":"Book of Stabbing","floor":24,"turns":5},{"damage":24,"enemies":"Shelled Parasite and Fungi","floor":27,"turns":4},{"damage":0,"enemies":"Snecko","floor":29,"turns":5},{"damage":0,"enemies":"3 Cultists","floor":30,"turns":4},{"damage":3,"enemies":"Centurion and Healer","floor":31,"turns":6},{"damage":0,"enemies":"Automaton","floor":33,"turns":7},{"damage":4,"enemies":"3 Shapes","floor":35,"turns":4},{"damage":47,"enemies":"3 Darklings","floor":37,"turns":6},{"damage":3,"enemies":"Mind Bloom Boss Battle","floor":38,"turns":8},{"damage":18,"enemies":"4 Shapes","floor":41,"turns":7},{"damage":8,"enemies":"Spire Growth","floor":42,"turns":6},{"damage":0,"enemies":"Maw","floor":48,"turns":6},{"damage":1,"enemies":"Awakened One","floor":50,"turns":14}],"seed_played":"-1238112381172427622","potions_obtained":[{"floor":1,"key":"Weak Potion"},{"floor":4,"key":"FocusPotion"},{"floor":12,"key":"Regen Potion"},{"floor":14,"key":"Ancient Potion"},{"floor":21,"key":"Dexterity Potion"},{"floor":24,"key":"FocusPotion"},{"floor":27,"key":"Ancient Potion"},{"floor":35,"key":"Ancient Potion"},{"floor":38,"key":"FearPotion"}],"is_trial":false,"path_per_floor":["M","T","?","M","?","R","M","M","T","E","R","M","R","M","R","B",null,"M","M","?","M","M","R","E","R","T","M","$","M","M","M","R","B",null,"M","?","M","?","?","R","M","M","T","R","?","$","R","M","R","B",null],"character_chosen":"DEFECT","items_purchased":["Bandage Up+1","Mayhem","Explosive Potion"],"campfire_rested":4,"item_purchase_floors":[28,28,46],"current_hp_per_floor":[45,45,62,62,62,62,62,54,54,36,36,30,30,18,18,26,60,60,60,60,60,60,60,35,56,56,32,32,38,44,47,47,53,67,69,69,28,31,31,52,40,38,38,59,59,59,59,65,71,71],"gold":199,"neow_bonus":"THREE_RARE_CARDS","is_prod":false,"is_daily":false,"chose_seed":false,"campfire_upgraded":7,"win_rate":0,"timestamp":1550137868,"path_taken":["M","?","?","M","?","R","M","?","T","E","R","?","R","M","R","BOSS","M","M","?","?","M","R","E","R","T","M","$","M","M","M","R","BOSS","M","?","M","?","?","R","?","M","T","R","?","$","R","M","R","BOSS"],"build_version":"2019-01-23","purchased_purges":1,"victory":true,"max_hp_per_floor":[71,71,71,71,71,71,71,71,71,71,71,71,71,71,71,71,71,71,71,71,71,71,71,71,71,71,71,71,71,71,71,71,71,71,71,71,71,71,71,71,71,71,71,71,71,71,71,71,71,71],"card_choices":[{"not_picked":["Hyperbeam","Core Surge"],"picked":"Biased Cognition","floor":0},{"not_picked":["Defragment","Turbo"],"picked":"Doom and Gloom","floor":1},{"not_picked":["Recycle+1","Self Repair"],"picked":"FTL","floor":4},{"not_picked":["Double Energy+1","Coolheaded+1"],"picked":"Hologram+1","floor":7},{"not_picked":["Rebound","Storm"],"picked":"FTL","floor":8},{"not_picked":["Aggregate+1","Stack+1"],"picked":"Auto Shields+1","floor":10},{"not_picked":["Cold Snap","Melter"],"picked":"Leap+1","floor":12},{"not_picked":["Beam Cell","Go for the Eyes"],"picked":"Glacier+1","floor":14},{"not_picked":["Buffer","Fission+1"],"picked":"Seek+1","floor":16},{"not_picked":["Rebound","Coolheaded+1"],"picked":"Conserve Battery+1","floor":18},{"not_picked":["Conserve Battery+1","Go for the Eyes+1"],"picked":"Ball Lightning","floor":19},{"not_picked":["Steam+1","Storm"],"picked":"Chaos+1","floor":21},{"not_picked":["Force Field+1","Steam+1","Redo+1"],"picked":"SKIP","floor":22},{"not_picked":["Turbo+1","Streamline"],"picked":"Glacier+1","floor":24},{"not_picked":["Hologram+1","Amplify+1"],"picked":"Double Energy+1","floor":27},{"not_picked":["Conserve Battery+1","Rebound","Melter"],"picked":"SKIP","floor":29},{"not_picked":["Hologram+1","Scrape","Lockon"],"picked":"SKIP","floor":30},{"not_picked":["Steam+1","Go for the Eyes","Genetic Algorithm+1"],"picked":"SKIP","floor":31},{"not_picked":["Meteor Strike","Hyperbeam"],"picked":"Fission+1","floor":33},{"not_picked":["Streamline","Genetic Algorithm+1"],"picked":"Barrage","floor":35},{"not_picked":["Gash","Stack+1","Beam Cell"],"picked":"SKIP","floor":37},{"not_picked":["Steam+1","Recycle+1","Sweeping Beam"],"picked":"SKIP","floor":41},{"not_picked":["Beam Cell","Go for the Eyes","Gash+1"],"picked":"SKIP","floor":42},{"not_picked":["Hologram+1","Beam Cell"],"picked":"Rainbow+1","floor":48}],"player_experience":536008,"relics_obtained":[{"floor":2,"key":"Toxic Egg 2"},{"floor":9,"key":"Kunai"},{"floor":10,"key":"Lantern"},{"floor":24,"key":"Ornamental Fan"},{"floor":26,"key":"Vajra"},{"floor":38,"key":"Incense Burner"},{"floor":43,"key":"Bag of Preparation"}],"event_choices":[{"damage_healed":17,"gold_gain":0,"player_choice":"Healed","damage_taken":0,"max_hp_gain":0,"max_hp_loss":0,"event_name":"The Cleric","floor":3,"gold_loss":35},{"cards_removed":["Strike_B"],"damage_healed":0,"gold_gain":0,"player_choice":"Offered Basic","damage_taken":0,"max_hp_gain":0,"max_hp_loss":0,"event_name":"Bonfire Elementals","floor":5,"gold_loss":0},{"cards_removed":["Strike_B"],"damage_healed":0,"gold_gain":0,"player_choice":"Upgrade and Remove","damage_taken":0,"max_hp_gain":0,"max_hp_loss":0,"event_name":"Designer","floor":20,"gold_loss":110,"cards_upgraded":["FTL"]},{"cards_removed":["FTL"],"damage_healed":0,"gold_gain":0,"player_choice":"Removed Attack","damage_taken":0,"max_hp_gain":0,"max_hp_loss":0,"event_name":"Falling","floor":36,"gold_loss":0},{"damage_healed":0,"gold_gain":0,"player_choice":"Fight","damage_taken":0,"max_hp_gain":0,"max_hp_loss":0,"event_name":"MindBloom","floor":38,"gold_loss":0},{"damage_healed":0,"gold_gain":0,"player_choice":"Ignored","damage_taken":0,"max_hp_gain":0,"max_hp_loss":0,"event_name":"Tomb of Lord Red Mask","floor":39,"gold_loss":0},{"damage_healed":0,"gold_gain":0,"player_choice":"Ignored","damage_taken":0,"max_hp_gain":0,"max_hp_loss":0,"event_name":"Mysterious Sphere","floor":45,"gold_loss":0}],"is_beta":false,"boss_relics":[{"not_picked":["Astrolabe","Snecko Eye"],"picked":"Empty Cage"},{"not_picked":["Coffee Dripper","White Beast Statue"],"picked":"Inserter"}],"items_purged_floors":[46],"is_endless":false,"potions_floor_spawned":[1,4,12,14,21,24,27,29,35,38,48],"ascension_level":17}