{"gold_per_floor":[111,121,139,139,158,189,209,209,232,232,232,232,243,261,261,363,363,373,298,312,62,62],"floor_reached":22,"playtime":1212,"items_purged":["Strike_B"],"score":235,"play_id":"fbbcd548-015f-48d7-8f53-eecf1cf0f306","local_time":"20190223002519","is_ascension_mode":true,"campfire_choices":[{"data":"Go for the Eyes","floor":8,"key":"SMITH"},{"floor":10,"key":"RECALL"},{"data":"Coolheaded","floor":15,"key":"SMITH"}],"neow_cost":"TEN_PERCENT_HP_LOSS","seed_source_timestamp":182401797789709,"circlet_count":0,"master_deck":["Strike_B","Strike_B","Strike_B","Defend_B","Defend_B","Defend_B","Defend_B","Zap","Dualcast","Echo Form","Streamline+1","Leap","Steam Power","Go for the Eyes+1","Self Repair","Coolheaded+1","Seek","Hyperbeam","Coolheaded+1","Conserve Battery"],"relics":["Cracked Core","Centennial Puzzle","Blood Vial","Inserter","Toxic Egg 2"],"potions_floor_usage":[6,16],"damage_taken":[{"damage":0,"enemies":"Cultist","floor":1,"turns":3},{"damage":10,"enemies":"Small Slimes","floor":2,"turns":3},{"damage":0,"enemies":"2 Louse","floor":3,"turns":2},{"damage":16,"enemies":"Lots of Slimes","floor":5,"turns":4},{"damage":21,"enemies":"Gremlin Nob","floor":6,"turns":4},{"damage":6,"enemies":"Looter","floor":7,"turns":4},{"damage":7,"enemies":"Blue Slaver","floor":13,"turns":2},{"damage":13,"enemies":"3 Louse","floor":14,"turns":4},{"damage":40,"enemies":"Slime Boss","floor":16,"turns":14},{"damage":13,"enemies":"Shell Parasite","floor":18,"turns":11},{"damage":21,"enemies":"2 Thieves","floor":20,"turns":3},{"damage":16,"enemies":"Snecko","floor":22,"turns":5}],"seed_played":"-5924916826442004590","potions_obtained":[{"floor":1,"key":"FearPotion"},{"floor":3,"key":"SteroidPotion"},{"floor":13,"key":"Regen Potion"},{"floor":16,"key":"Ancient Potion"}],"is_trial":false,"path_per_floor":["M","M","M","?","M","E","M","R","T","R","?","?","M","M","R","B",null,"M","$","M","$","M"],"character_chosen":"DEFECT","items_purchased":["Toxic Egg 2"],"campfire_rested":0,"item_purchase_floors":[21],"current_hp_per_floor":[68,58,58,58,42,21,22,22,22,22,44,44,39,35,35,19,56,52,52,33,33,19],"gold":62,"neow_bonus":"THREE_RARE_CARDS","is_prod":false,"is_daily":false,"chose_seed":false,"campfire_upgraded":2,"win_rate":0,"timestamp":1550899519,"path_taken":["M","M","M","?","M","E","M","R","T","R","?","?","M","M","R","BOSS","M","$","?","$","M"],"build_version":"2019-01-23","purchased_purges":1,"victory":false,"max_hp_per_floor":[68,68,68,68,68,68,68,68,68,68,68,68,68,68,68,68,68,68,68,68,68,68],"card_choices":[{"not_picked":["Biased Cognition","Machine Learning"],"picked":"Echo Form","floor":0},{"not_picked":["Storm","Cold Snap"],"picked":"Streamline","floor":1},{"not_picked":["Rip and Tear","Beam Cell"],"picked":"Leap","floor":2},{"not_picked":["Ball Lightning","Undo"],"picked":"Steam Power","floor":3},{"not_picked":["Storm","Hologram"],"picked":"Go for the Eyes","floor":5},{"not_picked":["Reprogram","Streamline"],"picked":"Self Repair","floor":6},{"not_picked":["Barrage","Go for the Eyes"],"picked":"Coolheaded","floor":7},{"not_picked":["Steam","Coolheaded"],"picked":"Seek","floor":13},{"not_picked":["Reprogram","Blizzard","Barrage"],"picked":"SKIP","floor":14},{"not_picked":["Thunder Strike","All For One"],"picked":"Hyperbeam","floor":16},{"not_picked":["Steam","Gash"],"picked":"Coolheaded+1","floor":18},{"not_picked":["Capacitor","Heatsinks"],"picked":"Conserve Battery","floor":20}],"player_experience":681220,"relics_obtained":[{"floor":6,"key":"Centennial Puzzle"}],"event_choices":[{"damage_healed":0,"gold_gain":0,"player_choice":"Grow","damage_taken":0,"max_hp_gain":0,"max_hp_loss":0,"event_name":"Living Wall","floor":4,"gold_loss":0,"cards_upgraded":["Streamline"]},{"damage_healed":22,"gold_gain":0,"player_choice":"Banana","damage_taken":0,"max_hp_gain":0,"max_hp_loss":0,"event_name":"Big Fish","floor":11,"gold_loss":0},{"damage_healed":0,"gold_gain":0,"player_choice":"Gave Potion","damage_taken":0,"relics_obtained":["Blood Vial"],"max_hp_gain":0,"max_hp_loss":0,"event_name":"WeMeetAgain","floor":12,"gold_loss":0}],"is_beta":false,"boss_relics":[{"not_picked":["Runic Pyramid","Astrolabe"],"picked":"Inserter"}],"items_purged_floors":[19],"is_endless":false,"potions_floor_spawned":[1,3,13,16],"killed_by":"Snecko","ascension_level":5}