{"gold_per_floor":[111,186,38,38,52,78,78,88,88,88,118,118,131,148,148,224,224,237,237,256,282,298,332,332],"floor_reached":24,"playtime":1144,"items_purged":[],"score":427,"play_id":"57eb3f3c-38e7-48ad-b737-9a1fd561d4d2","local_time":"20190302203349","is_ascension_mode":true,"campfire_choices":[{"data":"Sweeping Beam","floor":7,"key":"SMITH"},{"data":"Defragment","floor":10,"key":"SMITH"},{"data":"Beam Cell","floor":12,"key":"SMITH"},{"data":"Go for the Eyes","floor":15,"key":"SMITH"}],"neow_cost":"NONE","seed_source_timestamp":3816117585034,"circlet_count":0,"master_deck":["AscendersBane","Strike_B+1","Defend_B","Defend_B","Defend_B","Defend_B","Zap","Dualcast+1","Sweeping Beam+1","Defragment+1","FTL","Beam Cell+1","Go for the Eyes+1","Steam","Creative AI","Gash","Turbo","Steam Power","Chill","Gash","Core Surge"],"relics":["Cracked Core","NeowsBlessing","Pen Nib","Mercury Hourglass","Art of War","Pocketwatch","Empty Cage","Red Mask","Meat on the Bone"],"potions_floor_usage":[11,20,21,23,24],"damage_taken":[{"damage":0,"enemies":"Jaw Worm","floor":1,"turns":1},{"damage":0,"enemies":"Small Slimes","floor":5,"turns":1},{"damage":0,"enemies":"3 Sentries","floor":6,"turns":1},{"damage":0,"enemies":"Cultist","floor":8,"turns":2},{"damage":8,"enemies":"Gremlin Nob","floor":11,"turns":3},{"damage":0,"enemies":"2 Fungi Beasts","floor":13,"turns":2},{"damage":4,"enemies":"Looter","floor":14,"turns":3},{"damage":20,"enemies":"The Guardian","floor":16,"turns":9},{"damage":10,"enemies":"Shell Parasite","floor":18,"turns":4},{"damage":0,"enemies":"Spheric Guardian","floor":20,"turns":3},{"damage":0,"enemies":"Masked Bandits","floor":21,"turns":2},{"damage":15,"enemies":"Snecko","floor":22,"turns":7},{"damage":27,"enemies":"Slavers","floor":23,"turns":5},{"damage":5,"enemies":"Snake Plant","floor":24,"turns":1}],"seed_played":"7536184800529505637","potions_obtained":[{"floor":5,"key":"Regen Potion"},{"floor":11,"key":"Energy Potion"},{"floor":13,"key":"Ancient Potion"},{"floor":14,"key":"Fire Potion"},{"floor":22,"key":"Weak Potion"},{"floor":23,"key":"SkillPotion"}],"is_trial":false,"path_per_floor":["M","?","$","?","M","E","R","M","T","R","E","R","M","M","R","B",null,"M","?","M","?","M","E","M"],"character_chosen":"DEFECT","items_purchased":["Pen Nib"],"campfire_rested":0,"item_purchase_floors":[3],"current_hp_per_floor":[64,53,53,39,39,39,39,39,39,39,40,40,40,36,36,16,57,47,47,47,47,32,5,0],"gold":332,"neow_bonus":"THREE_ENEMY_KILL","is_prod":false,"is_daily":false,"chose_seed":false,"campfire_upgraded":4,"win_rate":0,"timestamp":1551576829,"path_taken":["M","?","$","?","M","E","R","M","T","R","E","R","M","M","R","BOSS","M","?","?","?","M","E","M"],"build_version":"2019-01-23","purchased_purges":0,"victory":false,"max_hp_per_floor":[71,71,71,71,71,71,71,71,71,71,71,71,71,71,71,71,71,71,71,71,71,71,71,71],"card_choices":[{"not_picked":["Turbo","Rebound","Rip and Tear"],"picked":"SKIP","floor":1},{"not_picked":["Rebound","Stack"],"picked":"Sweeping Beam","floor":5},{"not_picked":["Rebound","Stack"],"picked":"Defragment","floor":6},{"not_picked":["Double Energy","Meteor Strike"],"picked":"FTL","floor":8},{"not_picked":["White Noise","Compile Driver"],"picked":"Beam Cell","floor":11},{"not_picked":["Darkness","Leap"],"picked":"Go for the Eyes","floor":13},{"not_picked":["Redo","Ball Lightning"],"picked":"Steam","floor":14},{"not_picked":["Thunder Strike","Rainbow"],"picked":"Creative AI","floor":16},{"not_picked":["Go for the Eyes","Storm"],"picked":"Gash","floor":18},{"not_picked":["Ball Lightning","Reprogram"],"picked":"Steam Power","floor":20},{"not_picked":["Sweeping Beam","Turbo"],"picked":"Chill","floor":21},{"not_picked":["Turbo+1","Doom and Gloom"],"picked":"Gash","floor":22},{"not_picked":["Leap","BootSequence"],"picked":"Core Surge","floor":23}],"player_experience":775215,"relics_obtained":[{"floor":6,"key":"Mercury Hourglass"},{"floor":9,"key":"Art of War"},{"floor":11,"key":"Pocketwatch"},{"floor":21,"key":"Red Mask"},{"floor":23,"key":"Meat on the Bone"}],"event_choices":[{"damage_healed":0,"gold_gain":75,"player_choice":"Gather Gold","damage_taken":11,"max_hp_gain":0,"max_hp_loss":0,"event_name":"World of Goop","floor":2,"gold_loss":0},{"damage_healed":0,"gold_gain":0,"player_choice":"Entered Light","damage_taken":14,"max_hp_gain":0,"max_hp_loss":0,"event_name":"Shining Light","floor":4,"gold_loss":0,"cards_upgraded":["Strike_B","Dualcast"]},{"damage_healed":0,"gold_gain":0,"cards_transformed":["Strike_B"],"player_choice":"Transformed","damage_taken":0,"max_hp_gain":0,"max_hp_loss":0,"event_name":"Transmorgrifier","floor":19,"gold_loss":0,"cards_obtained":["Turbo"]},{"damage_healed":0,"gold_gain":0,"player_choice":"Fought Bandits","damage_taken":0,"max_hp_gain":0,"max_hp_loss":0,"event_name":"Masked Bandits","floor":21,"gold_loss":0}],"is_beta":false,"boss_relics":[{"not_picked":["Calling Bell","Tiny House"],"picked":"Empty Cage"}],"items_purged_floors":[],"is_endless":false,"potions_floor_spawned":[5,11,13,14,22,23],"killed_by":"Snake Plant","ascension_level":14}