{"gold_per_floor":[109,59,134,145,157,157,192,206,206,206,186,186,200,220,220,294,294,311,311],"floor_reached":19,"playtime":701,"items_purged":[],"score":372,"play_id":"09b84291-3bef-4422-b67e-74a009e0b107","local_time":"20190220222738","is_ascension_mode":true,"campfire_choices":[{"data":"Bash","floor":6.0,"key":"SMITH"},{"floor":10.0,"key":"REST"},{"data":"Hemokinesis","floor":12.0,"key":"SMITH"},{"data":"Uppercut","floor":15.0,"key":"SMITH"}],"neow_cost":"NONE","seed_source_timestamp":0,"circlet_count":0,"master_deck":["AscendersBane","Strike_R","Strike_R","Strike_R","Defend_R","Defend_R","Defend_R","Defend_R","Bash+1","Inflame","Sword Boomerang","Corruption","Hemokinesis+1","Shrug It Off","Shrug It Off","Burning Pact","Uppercut+1","Barricade+1","Inflame+1"],"special_seed":0,"relics":["Burning Blood","Frozen Egg 2","Gremlin Horn","Coffee Dripper"],"potions_floor_usage":[19],"damage_taken":[{"damage":1.0,"enemies":"Cultist","floor":1.0,"turns":4.0},{"damage":3.0,"enemies":"Jaw Worm","floor":4.0,"turns":4.0},{"damage":17.0,"enemies":"2 Louse","floor":5.0,"turns":3.0},{"damage":44.0,"enemies":"3 Sentries","floor":7.0,"turns":10.0},{"damage":14.0,"enemies":"Red Slaver","floor":8.0,"turns":7.0},{"damage":5.0,"enemies":"Blue Slaver","floor":13.0,"turns":3.0},{"damage":4.0,"enemies":"2 Fungi Beasts","floor":14.0,"turns":3.0},{"damage":4.0,"enemies":"Slime Boss","floor":16.0,"turns":6.0},{"damage":36,"enemies":"Spheric Guardian","floor":18,"turns":6},{"damage":40,"enemies":"Masked Bandits","floor":19,"turns":3}],"seed_played":"-7231612749206189948","potions_obtained":[{"floor":4.0,"key":"LiquidBronze"},{"floor":7.0,"key":"Strength Potion"}],"is_trial":false,"path_per_floor":["M","?","?","M","M","R","E","M","T","R","?","R","M","M","R","B",null,"M","?"],"character_chosen":"IRONCLAD","items_purchased":[],"campfire_rested":1,"item_purchase_floors":[],"current_hp_per_floor":[73,73,62,65,54,54,16,8,8,30,30,30,31,33,33,35,65,35,0],"gold":311,"neow_bonus":"TRANSFORM_CARD","is_prod":false,"is_daily":false,"chose_seed":false,"campfire_upgraded":3,"win_rate":0,"timestamp":1550723258,"path_taken":["M","?","?","M","M","R","E","M","T","R","?","R","?","M","R","BOSS","M","?"],"build_version":"2019-01-23","purchased_purges":0,"victory":false,"max_hp_per_floor":[75,75,75,75,75,75,75,75,75,75,75,75,75,75,75,75,75,75,75],"card_choices":[{"not_picked":["Perfected Strike","Seeing Red"],"picked":"Sword Boomerang","floor":1.0},{"not_picked":["Thunderclap","Flex"],"picked":"Corruption","floor":4.0},{"not_picked":["Body Slam","Sword Boomerang"],"picked":"Hemokinesis","floor":5.0},{"not_picked":["Body Slam","Second Wind"],"picked":"Shrug It Off","floor":7.0},{"not_picked":["Hemokinesis","Reckless Charge"],"picked":"Shrug It Off","floor":8.0},{"not_picked":["Warcry","Searing Blow"],"picked":"Burning Pact","floor":13.0},{"not_picked":["Perfected Strike","Body Slam"],"picked":"Uppercut","floor":14.0},{"not_picked":["Exhume","Limit Break"],"picked":"Barricade+1","floor":16.0},{"not_picked":["Clash+1","Heavy Blade"],"picked":"Inflame+1","floor":18}],"player_experience":517146,"relics_obtained":[{"floor":7.0,"key":"Frozen Egg 2"},{"floor":9.0,"key":"Gremlin Horn"}],"event_choices":[{"cards_removed":["Strike_R"],"damage_healed":0.0,"max_hp_gain":0.0,"max_hp_loss":0.0,"gold_gain":0.0,"event_name":"The Cleric","player_choice":"Card Removal","floor":2.0,"gold_loss":50.0,"damage_taken":0.0},{"damage_healed":0.0,"max_hp_gain":0.0,"max_hp_loss":0.0,"gold_gain":75.0,"event_name":"World of Goop","player_choice":"Gather Gold","floor":3.0,"gold_loss":0.0,"damage_taken":11.0},{"damage_healed":0.0,"max_hp_gain":0.0,"max_hp_loss":0.0,"gold_gain":0.0,"event_name":"The Woman in Blue","player_choice":"Bought 1 Potion","floor":11.0,"gold_loss":0.0,"damage_taken":0.0},{"damage_healed":0,"gold_gain":0,"player_choice":"Fought Bandits","damage_taken":0,"max_hp_gain":0,"max_hp_loss":0,"event_name":"Masked Bandits","floor":19,"gold_loss":0}],"is_beta":false,"boss_relics":[{"not_picked":["Pandora\u0027s Box","Fusion Hammer"],"picked":"Coffee Dripper"}],"items_purged_floors":[],"is_endless":false,"potions_floor_spawned":[4,7,13,14],"killed_by":"Masked Bandits","ascension_level":14}