{"gold_per_floor":[118,138,63,163,67,67,81,91,91,102,117,117,128,138,138,239,239,257,268,285,285,299,299,299,299],"floor_reached":25,"playtime":2236,"items_purged":["Strike_B"],"score":199,"play_id":"20b58df6-52bd-4da9-8ad4-26f8379cb7c1","local_time":"20180923064644","is_ascension_mode":false,"campfire_choices":[{"data":"Consume","floor":6,"key":"SMITH"},{"floor":15,"key":"REST"},{"floor":23,"key":"REST"}],"neow_cost":"NONE","seed_source_timestamp":50426253130205,"circlet_count":0,"master_deck":["Strike_B","Strike_B","Defend_B","Defend_B","Defend_B","Defend_B","Zap","Dualcast","Defragment","Consume+1","Defragment","Redo","Capacitor","Conserve Battery","Rainbow","Steam","Ball Lightning","Conserve Battery","Static Discharge+1","Thunder Strike","White Noise+1","Barrage","Decay"],"relics":["Cracked Core","Frozen Egg 2","Inserter"],"potions_floor_usage":[14],"damage_taken":[{"damage":5,"enemies":"Jaw Worm","floor":1,"turns":4},{"damage":6,"enemies":"Cultist","floor":2,"turns":4},{"damage":3,"enemies":"Small Slimes","floor":7,"turns":4},{"damage":28,"enemies":"Gremlin Gang","floor":8,"turns":7},{"damage":9,"enemies":"2 Fungi Beasts","floor":10,"turns":4},{"damage":10,"enemies":"Lots of Slimes","floor":11,"turns":5},{"damage":3,"enemies":"Red Slaver","floor":13,"turns":3},{"damage":5,"enemies":"3 Louse","floor":14,"turns":3},{"damage":14,"enemies":"Hexaghost","floor":16,"turns":5},{"damage":15,"enemies":"3 Byrds","floor":18,"turns":4},{"damage":21,"enemies":"Spheric Guardian","floor":19,"turns":4},{"damage":10,"enemies":"Snecko","floor":20,"turns":4},{"damage":26,"enemies":"Cultist and Chosen","floor":22,"turns":6},{"damage":28,"enemies":"Snake Plant","floor":25,"turns":3}],"seed_played":"-9196166412566028541","potions_obtained":[{"floor":1,"key":"Energy Potion"},{"floor":8,"key":"AttackPotion"},{"floor":14,"key":"EssenceOfSteel"},{"floor":19,"key":"LiquidBronze"}],"is_trial":false,"path_per_floor":["M","M","$","?","$","R","M","M","T","M","M","?","M","M","R","B",null,"M","M","M","?","M","R","?"],"character_chosen":"DEFECT","items_purchased":["Redo","Capacitor"],"campfire_rested":2,"item_purchase_floors":[5,5],"current_hp_per_floor":[70,64,64,64,64,64,61,33,33,24,14,14,11,6,28,14,75,60,39,29,29,3,25,25,0],"gold":299,"neow_bonus":"THREE_CARDS","is_prod":false,"is_daily":false,"chose_seed":false,"campfire_upgraded":1,"win_rate":0.0,"timestamp":1537674404,"path_taken":["M","M","$","?","$","R","M","M","T","M","M","?","?","M","R","BOSS","M","M","M","?","M","R","?","M"],"build_version":"2018-09-20","purchased_purges":1,"victory":false,"max_hp_per_floor":[75,75,75,75,75,75,75,75,75,75,75,75,75,75,75,75,75,75,75,75,75,75,75,75,75],"card_choices":[{"not_picked":["Cold Snap","Beam Cell"],"picked":"Defragment","floor":0},{"not_picked":["Glacier","Rebound"],"picked":"Consume","floor":1},{"not_picked":["Sweeping Beam","Force Field"],"picked":"Defragment","floor":2},{"not_picked":["Sweeping Beam","Redo"],"picked":"Conserve Battery","floor":7},{"not_picked":["Conserve Battery","Cold Snap"],"picked":"Rainbow","floor":8},{"not_picked":["Gash","Undo"],"picked":"Steam","floor":10},{"not_picked":["Hologram","Defragment+1"],"picked":"Ball Lightning","floor":11},{"not_picked":["Steam","Rip and Tear"],"picked":"Conserve Battery","floor":13},{"not_picked":["Leap","BootSequence"],"picked":"Static Discharge+1","floor":14},{"not_picked":["Rainbow","Machine Learning+1"],"picked":"Thunder Strike","floor":16},{"not_picked":["Redo","Stack","Steam+1"],"picked":"SKIP","floor":18},{"not_picked":["Reinforced Body+1","Beam Cell","Go for the Eyes"],"picked":"SKIP","floor":19},{"not_picked":["Hologram","Coolheaded"],"picked":"White Noise+1","floor":20},{"not_picked":["Steam","Defragment+1"],"picked":"Barrage","floor":22}],"player_experience":53791,"relics_obtained":[{"floor":9,"key":"Frozen Egg 2"}],"event_choices":[{"event_name":"Golden Shrine","player_choice":"Pray","floor":4,"damage_taken":0},{"event_name":"Scrap Ooze","player_choice":"unsuccessful","floor":12,"damage_taken":0},{"event_name":"Purifier","player_choice":"One Purge","floor":21,"damage_taken":0},{"event_name":"Wheel of Change","player_choice":"Curse","floor":24,"damage_taken":0}],"is_beta":false,"boss_relics":[{"not_picked":["Orrery","Lizard Tail"],"picked":"Inserter"}],"items_purged_floors":[3],"is_endless":false,"potions_floor_spawned":[1,8,14,19,22],"killed_by":"Snake Plant","ascension_level":0}