{"gold_per_floor":[111,129,149,22,34,60,78,107,156,156,9,27,42,100,100,195,195,211,0,0,0,0,0,27,27,52,52,67,67,77,103,103,203,203,217,235,235,252,252,252,19,31,55,68,68],"floor_reached":45,"playtime":4500,"items_purged":["Strike_G"],"score":643,"play_id":"19b26ba8-5aed-40ac-82bd-753f2b1fe186","local_time":"20190126111247","is_ascension_mode":true,"campfire_choices":[{"floor":10,"key":"REST"},{"floor":15,"key":"REST"},{"data":"After Image","floor":23,"key":"SMITH"},{"data":"Skewer","floor":25,"key":"SMITH"},{"data":"Neutralize","floor":27,"key":"SMITH"},{"data":"Caltrops","floor":29,"key":"SMITH"},{"data":"Choke","floor":32,"key":"SMITH"},{"floor":40,"key":"REST"}],"neow_cost":"NONE","seed_source_timestamp":281714815807405,"circlet_count":0,"master_deck":["Defend_G","Defend_G","Defend_G","Strike_G+1","Strike_G","Strike_G","Survivor","Neutralize+1","Backflip","Quick Slash","Flying Knee+1","Caltrops+1","Endless Agony","Dagger Throw","Malaise+1","Skewer+1","Sucker Punch","Calculated Gamble+1","After Image+1","Heel Hook+1","Masterful Stab+1","Expertise+1","All Out Attack","Endless Agony","Cloak And Dagger+1","Necronomicurse","Backstab","Calculated Gamble+1","Choke+1","Cloak And Dagger+1","Burst+1","Finisher","Acrobatics+1","A Thousand Cuts","Escape Plan+1","Dodge and Roll+1","Infinite Blades","Crippling Poison+1","Outmaneuver+1","Flechettes"],"relics":["Ring of the Snake","PreservedInsect","Toxic Egg 2","Regal Pillow","Anchor","Sundial","Astrolabe","Bronze Scales","Oddly Smooth Stone","Necronomicon","Pantograph","Lantern","Whetstone","White Beast Statue","Ancient Tea Set"],"potions_floor_usage":[6,6,16,16,31,36,38,38,44,45],"damage_taken":[{"damage":0,"enemies":"Cultist","floor":1,"turns":4},{"damage":1,"enemies":"Small Slimes","floor":2,"turns":5},{"damage":0,"enemies":"2 Louse","floor":3,"turns":2},{"damage":3,"enemies":"Exordium Wildlife","floor":5,"turns":4},{"damage":23,"enemies":"Lagavulin","floor":6,"turns":10},{"damage":18,"enemies":"Lots of Slimes","floor":7,"turns":5},{"damage":10,"enemies":"3 Sentries","floor":8,"turns":8},{"damage":8,"enemies":"Exordium Thugs","floor":12,"turns":6},{"damage":0,"enemies":"Blue Slaver","floor":13,"turns":5},{"damage":18,"enemies":"Gremlin Nob","floor":14,"turns":4},{"damage":25,"enemies":"Hexaghost","floor":16,"turns":10},{"damage":3,"enemies":"2 Thieves","floor":18,"turns":4},{"damage":0,"enemies":"Gremlin Leader","floor":24,"turns":5},{"damage":0,"enemies":"3 Byrds","floor":28,"turns":4},{"damage":2,"enemies":"Centurion and Healer","floor":30,"turns":7},{"damage":0,"enemies":"Book of Stabbing","floor":31,"turns":3},{"damage":51,"enemies":"Collector","floor":33,"turns":10},{"damage":15,"enemies":"3 Darklings","floor":35,"turns":3},{"damage":0,"enemies":"3 Shapes","floor":36,"turns":5},{"damage":55,"enemies":"Transient","floor":38,"turns":5},{"damage":24,"enemies":"Maw","floor":42,"turns":7},{"damage":10,"enemies":"4 Shapes","floor":44,"turns":4},{"damage":24,"enemies":"Spire Growth","floor":45,"turns":4}],"seed_played":"5639327393031419850","potions_obtained":[{"floor":5,"key":"Swift Potion"},{"floor":6,"key":"Dexterity Potion"},{"floor":13,"key":"GamblersBrew"},{"floor":16,"key":"GhostInAJar"},{"floor":28,"key":"FearPotion"},{"floor":33,"key":"GamblersBrew"},{"floor":35,"key":"Poison Potion"},{"floor":36,"key":"FearPotion"},{"floor":38,"key":"LiquidBronze"},{"floor":42,"key":"Strength Potion"},{"floor":44,"key":"Swift Potion"}],"is_trial":false,"path_per_floor":["M","M","M","$","M","E","M","E","T","R","$","M","M","?","R","B",null,"M","$","?","?","?","R","E","R","T","R","M","R","M","E","R","B",null,"M","M","?","M","T","R","$","M","T","M","M"],"character_chosen":"THE_SILENT","items_purchased":["Caltrops","PowerPotion","Anchor","Endless Agony","Bronze Scales","Infinite Blades","Crippling Poison+1","Outmaneuver+1"],"campfire_rested":3,"item_purchase_floors":[4,4,11,19,19,41,41,41],"current_hp_per_floor":[77,76,76,76,73,50,32,22,22,60,60,52,52,34,72,47,77,74,74,74,74,58,58,58,58,58,58,58,58,56,56,56,26,77,62,62,62,7,7,45,45,21,21,11,0],"gold":68,"neow_bonus":"TEN_PERCENT_HP_BONUS","is_prod":false,"is_daily":false,"chose_seed":false,"campfire_upgraded":5,"win_rate":0,"timestamp":1548519167,"path_taken":["M","M","M","$","?","E","M","E","T","R","$","M","M","?","R","BOSS","M","$","?","?","?","R","E","R","T","R","M","R","M","E","R","BOSS","M","M","?","?","?","R","?","M","T","M","M"],"build_version":"2019-01-23","purchased_purges":1,"victory":false,"max_hp_per_floor":[77,77,77,77,77,77,77,77,77,77,77,77,77,77,77,77,77,77,77,77,77,77,77,77,77,77,77,77,77,77,77,77,77,77,77,77,77,77,77,77,77,77,77,77,77],"card_choices":[{"not_picked":["Outmaneuver","Slice"],"picked":"Backflip","floor":1},{"not_picked":["Caltrops","Flying Knee"],"picked":"Quick Slash","floor":2},{"not_picked":["Prepared","Outmaneuver"],"picked":"Flying Knee","floor":3},{"not_picked":["Acrobatics","A Thousand Cuts","Underhanded Strike"],"picked":"SKIP","floor":5},{"not_picked":["Bane","Caltrops"],"picked":"Endless Agony","floor":6},{"not_picked":["Acrobatics","Prepared"],"picked":"Dagger Throw","floor":7},{"not_picked":["Heel Hook","All Out Attack"],"picked":"Malaise","floor":8},{"not_picked":["Bane","Prepared+1"],"picked":"Skewer","floor":12},{"not_picked":["Dagger Spray","Eviscerate"],"picked":"Sucker Punch","floor":13},{"not_picked":["Catalyst+1","Prepared+1"],"picked":"Calculated Gamble+1","floor":14},{"not_picked":["Tools of the Trade","Die Die Die"],"picked":"After Image","floor":16},{"not_picked":["Underhanded Strike","Masterful Stab"],"picked":"All Out Attack","floor":18},{"not_picked":["Leg Sweep+1","Underhanded Strike"],"picked":"Backstab","floor":24},{"not_picked":["Deadly Poison+1","Concentrate+1"],"picked":"Calculated Gamble+1","floor":28},{"not_picked":["Riddle With Holes","Underhanded Strike"],"picked":"Choke","floor":30},{"not_picked":["Finisher","Masterful Stab"],"picked":"Cloak And Dagger+1","floor":31},{"not_picked":["Wraith Form v2","Bullet Time+1"],"picked":"Burst+1","floor":33},{"not_picked":["Quick Slash+1","Backflip+1"],"picked":"Finisher","floor":35},{"not_picked":["Dodge and Roll+1","Poisoned Stab+1"],"picked":"Acrobatics+1","floor":36},{"not_picked":["Expertise+1","Sucker Punch+1"],"picked":"Dodge and Roll+1","floor":38},{"not_picked":["Prepared+1","Catalyst+1","Poisoned Stab+1"],"picked":"SKIP","floor":42},{"not_picked":["Catalyst+1","Acrobatics+1"],"picked":"Flechettes","floor":44}],"player_experience":1413184,"relics_obtained":[{"floor":6,"key":"PreservedInsect"},{"floor":8,"key":"Toxic Egg 2"},{"floor":9,"key":"Regal Pillow"},{"floor":22,"key":"Necronomicon"},{"floor":24,"key":"Pantograph"},{"floor":26,"key":"Lantern"},{"floor":31,"key":"Whetstone"},{"floor":43,"key":"Ancient Tea Set"}],"event_choices":[{"damage_healed":0,"gold_gain":30,"player_choice":"Searched \u00273\u0027 times","damage_taken":0,"relics_obtained":["Sundial"],"max_hp_gain":0,"max_hp_loss":0,"event_name":"Dead Adventurer","floor":14,"gold_loss":0},{"damage_healed":0,"gold_gain":0,"player_choice":"Opened","damage_taken":0,"relics_obtained":["Oddly Smooth Stone"],"max_hp_gain":0,"max_hp_loss":0,"event_name":"The Mausoleum","floor":20,"gold_loss":0},{"damage_healed":0,"gold_gain":0,"player_choice":"Read","damage_taken":0,"max_hp_gain":0,"max_hp_loss":0,"event_name":"The Library","floor":21,"gold_loss":0,"cards_obtained":["Cloak And Dagger"]},{"damage_healed":0,"gold_gain":0,"player_choice":"Obtained Book","damage_taken":16,"max_hp_gain":0,"max_hp_loss":0,"event_name":"Cursed Tome","floor":22,"gold_loss":0},{"damage_healed":0,"gold_gain":0,"player_choice":"2 cards matched","damage_taken":0,"max_hp_gain":0,"max_hp_loss":0,"event_name":"Match and Keep!","floor":37,"gold_loss":0,"cards_obtained":["A Thousand Cuts","Escape Plan"]}],"is_beta":false,"boss_relics":[{"not_picked":["WristBlade","Philosopher\u0027s Stone"],"picked":"Astrolabe"},{"not_picked":["HoveringKite","Black Star"],"picked":"White Beast Statue"}],"items_purged_floors":[41],"is_endless":false,"potions_floor_spawned":[5,6,13,16,28,33,35,36,38,42,44],"killed_by":"Spire Growth","ascension_level":4}