{"gold_per_floor":[116,41,57,71,51,79,79,111,111,111],"floor_reached":10,"playtime":428,"items_purged":["Normality"],"score":144,"play_id":"a1151d8b-cc85-450f-ab8f-c01105fddb84","local_time":"20190309170054","is_ascension_mode":true,"campfire_choices":[{"data":"Armaments","floor":7,"key":"SMITH"}],"neow_cost":"CURSE","seed_source_timestamp":548616835458580,"circlet_count":0,"master_deck":["AscendersBane","Strike_R","Strike_R","Strike_R","Strike_R","Strike_R","Defend_R","Defend_R","Defend_R","Defend_R","Bash","Sword Boomerang","Armaments+1","Shrug It Off","Heavy Blade"],"relics":["Burning Blood","Torii","Lantern","Blood Vial","Sundial"],"potions_floor_usage":[5,8,10],"damage_taken":[{"damage":6,"enemies":"Cultist","floor":1,"turns":3},{"damage":8,"enemies":"Small Slimes","floor":3,"turns":3},{"damage":9,"enemies":"Jaw Worm","floor":4,"turns":5},{"damage":6,"enemies":"Exordium Thugs","floor":5,"turns":2},{"damage":26,"enemies":"3 Sentries","floor":6,"turns":11},{"damage":40,"enemies":"Lagavulin","floor":8,"turns":10},{"damage":23,"enemies":"Gremlin Nob","floor":10,"turns":3}],"seed_played":"5369668792611208262","potions_obtained":[{"floor":4,"key":"SmokeBomb"},{"floor":6,"key":"EssenceOfSteel"},{"floor":8,"key":"EssenceOfSteel"}],"is_trial":false,"path_per_floor":["M","$","M","M","M","E","R","E","T","E"],"character_chosen":"IRONCLAD","items_purchased":[],"campfire_rested":0,"item_purchase_floors":[],"current_hp_per_floor":[68,68,66,63,63,43,43,9,9,0],"gold":111,"neow_bonus":"ONE_RARE_RELIC","is_prod":false,"is_daily":false,"chose_seed":false,"campfire_upgraded":1,"win_rate":0,"timestamp":1552147254,"path_taken":["M","$","M","M","?","E","R","E","T","E"],"build_version":"2019-01-23","purchased_purges":1,"victory":false,"max_hp_per_floor":[75,75,75,75,75,75,75,75,75,75],"card_choices":[{"not_picked":["Warcry","Second Wind"],"picked":"Sword Boomerang","floor":1},{"not_picked":["Havoc","Cleave"],"picked":"Armaments","floor":3},{"not_picked":["Ghostly Armor","Reckless Charge"],"picked":"Shrug It Off","floor":4},{"not_picked":["Brutality","Havoc"],"picked":"Heavy Blade","floor":6},{"not_picked":["Seeing Red","Corruption","Cleave"],"picked":"SKIP","floor":8}],"player_experience":1100266,"relics_obtained":[{"floor":6,"key":"Lantern"},{"floor":8,"key":"Blood Vial"},{"floor":9,"key":"Sundial"}],"event_choices":[],"is_beta":false,"boss_relics":[],"items_purged_floors":[2],"is_endless":false,"potions_floor_spawned":[4,5,6,8],"killed_by":"Gremlin Nob","ascension_level":17}