{"gold_per_floor":[109,122,72,83,98,131,131,158,184,184,198,218,237,267,267,372,372,384,395,310,310,310,340,340,355,355,355,20,51,51,66,66,66],"floor_reached":33,"playtime":2949,"items_purged":["Strike_R"],"score":332,"play_id":"f6c06445-b86d-4a50-ab55-284eb7da4389","local_time":"20180712235401","is_ascension_mode":false,"campfire_choices":[{"floor":7,"key":"REST"},{"floor":10,"key":"REST"},{"data":"Armaments","floor":15,"key":"SMITH"},{"data":"Searing Blow","floor":24,"key":"SMITH"},{"floor":27,"key":"REST"},{"floor":32,"key":"REST"}],"neow_cost":"","seed_source_timestamp":13443534668235,"circlet_count":0,"master_deck":["Strike_R","Strike_R","Defend_R","Defend_R","Defend_R","Defend_R","Bash","Searing Blow+1","Dropkick","Shrug It Off","Armaments+1"],"relics":["Burning Blood","Pear","Happy Flower","Vajra","Juzu Bracelet","Lizard Tail","Mango","Boot","Letter Opener","Mercury Hourglass","Molten Egg 2"],"potions_floor_usage":[8,11,16,23,25,29,29,33],"damage_taken":[{"damage":6,"enemies":"Small Slimes","floor":1,"turns":3},{"damage":3,"enemies":"Jaw Worm","floor":2,"turns":4},{"damage":5,"enemies":"Cultist","floor":4,"turns":4},{"damage":18,"enemies":"Gremlin Gang","floor":5,"turns":7},{"damage":57,"enemies":"Gremlin Nob","floor":6,"turns":6},{"damage":29,"enemies":"3 Sentries","floor":8,"turns":16},{"damage":6,"enemies":"Red Slaver","floor":11,"turns":6},{"damage":4,"enemies":"Large Slime","floor":12,"turns":9},{"damage":7,"enemies":"3 Louse","floor":13,"turns":5},{"damage":24,"enemies":"Lagavulin","floor":14,"turns":10},{"damage":26,"enemies":"The Guardian","floor":16,"turns":15},{"damage":23,"enemies":"Chosen","floor":18,"turns":7},{"damage":8,"enemies":"Shell Parasite","floor":19,"turns":11},{"damage":70,"enemies":"Slavers","floor":23,"turns":10},{"damage":30,"enemies":"Snake Plant","floor":25,"turns":8},{"damage":88,"enemies":"Book of Stabbing","floor":29,"turns":9},{"damage":0,"enemies":"Snecko","floor":31,"turns":4},{"damage":66,"enemies":"Champ","floor":33,"turns":14}],"seed_played":"7923660277124043461","potions_obtained":[{"floor":1,"key":"SpeedPotion"},{"floor":4,"key":"EssenceOfSteel"},{"floor":8,"key":"Regen Potion"},{"floor":11,"key":"BloodPotion"},{"floor":13,"key":"FearPotion"},{"floor":18,"key":"BloodPotion"},{"floor":23,"key":"Poison Potion"},{"floor":29,"key":"AttackPotion"}],"is_trial":false,"path_per_floor":["M","M","?","M","M","E","R","E","T","R","M","M","M","E","R","B",null,"M","M","?","?","?","E","R","M","T","R","$","E","?","M","R"],"character_chosen":"IRONCLAD","items_purchased":["Mercury Hourglass"],"campfire_rested":4,"item_purchase_floors":[28],"current_hp_per_floor":[80,80,80,80,68,27,54,31,31,58,73,75,74,56,56,36,90,73,71,85,85,85,21,21,7,7,38,38,18,18,24,55,0],"gold":66,"neow_bonus":"","is_prod":false,"is_daily":false,"chose_seed":false,"campfire_upgraded":2,"win_rate":0,"timestamp":1531428841,"path_taken":["M","M","?","?","?","E","R","E","T","R","M","?","M","E","R","BOSS","M","M","?","?","?","E","R","M","T","R","$","E","?","M","R","BOSS"],"build_version":"2018-07-05","purchased_purges":1,"victory":false,"max_hp_per_floor":[80,80,80,80,80,90,90,90,90,90,90,90,90,90,90,90,90,90,90,104,104,104,104,104,104,104,104,104,104,104,104,104,104],"card_choices":[{"not_picked":["Disarm","Armaments"],"picked":"Searing Blow","floor":1},{"not_picked":["Hemokinesis","Cleave"],"picked":"Dropkick","floor":2},{"not_picked":["Iron Wave","Fire Breathing","Clothesline"],"picked":"SKIP","floor":4},{"not_picked":["True Grit","Warcry"],"picked":"Shrug It Off","floor":5},{"not_picked":["Demon Form","Pommel Strike"],"picked":"Armaments","floor":6},{"not_picked":["Rupture","True Grit","Clash"],"picked":"SKIP","floor":8},{"not_picked":["Twin Strike","True Grit","Shrug It Off"],"picked":"SKIP","floor":11},{"not_picked":["Rampage","Cleave","Evolve"],"picked":"SKIP","floor":12},{"not_picked":["Pommel Strike","Armaments","Evolve"],"picked":"SKIP","floor":13},{"not_picked":["Bloodletting","Warcry","Limit Break"],"picked":"SKIP","floor":14},{"not_picked":["Warcry+1","Shockwave","Body Slam"],"picked":"SKIP","floor":18},{"not_picked":["Wild Strike","Body Slam","Warcry"],"picked":"SKIP","floor":19},{"not_picked":["Iron Wave","Evolve","Bludgeon"],"picked":"SKIP","floor":23},{"not_picked":["Shrug It Off+1","Thunderclap","Iron Wave"],"picked":"SKIP","floor":25},{"not_picked":["Infernal Blade","Hemokinesis","Brutality"],"picked":"SKIP","floor":29},{"not_picked":["Thunderclap+1","Twin Strike+1","Anger+1"],"picked":"SKIP","floor":31}],"player_experience":85998,"relics_obtained":[{"floor":6,"key":"Pear"},{"floor":8,"key":"Happy Flower"},{"floor":9,"key":"Vajra"},{"floor":14,"key":"Juzu Bracelet"},{"floor":23,"key":"Boot"},{"floor":26,"key":"Letter Opener"},{"floor":29,"key":"Molten Egg 2"}],"event_choices":[{"event_name":"The Cleric","player_choice":"Card Removal","floor":3,"damage_taken":0},{"event_name":"Addict","player_choice":"Obtained Relic","floor":20,"damage_taken":0},{"event_name":"The Mausoleum","player_choice":"No","floor":21,"damage_taken":0},{"event_name":"Back to Basics","player_choice":"Elegance","floor":22,"damage_taken":0},{"event_name":"Vampires","player_choice":"Ignored","floor":30,"damage_taken":0}],"boss_relics":[{"not_picked":["Orrery","Astrolabe"],"picked":"Lizard Tail"}],"items_purged_floors":[28],"is_endless":false,"potions_floor_spawned":[1,4,8,11,13,18,23,29],"killed_by":"Champ","ascension_level":0}