{"gold_per_floor":[117,62,76,76,92,118,118,43,43,74,74,87,98,110,110,110],"floor_reached":16,"playtime":646,"items_purged":[],"score":218,"play_id":"80c38e22-d62e-4004-85b4-652a2ee47864","local_time":"20190307190723","is_ascension_mode":true,"campfire_choices":[{"data":"Zap","floor":7,"key":"SMITH"},{"floor":15,"key":"REST"}],"neow_cost":"NONE","seed_source_timestamp":1799178138570813,"circlet_count":0,"master_deck":["AscendersBane","Strike_B","Strike_B","Strike_B","Defend_B","Defend_B","Defend_B","Defend_B","Zap+1","Dualcast","Ball Lightning","Coolheaded","Cold Snap","Ball Lightning","Go for the Eyes","Buffer+1","Steam","Genetic Algorithm","Conserve Battery"],"relics":["Cracked Core","Bottled Flame","Frozen Egg 2","FossilizedHelix"],"potions_floor_usage":[13,16],"damage_taken":[{"damage":3,"enemies":"2 Louse","floor":1,"turns":2},{"damage":2,"enemies":"Small Slimes","floor":3,"turns":3},{"damage":0,"enemies":"Cultist","floor":5,"turns":3},{"damage":21,"enemies":"Gremlin Nob","floor":6,"turns":4},{"damage":16,"enemies":"Lagavulin","floor":10,"turns":5},{"damage":0,"enemies":"Blue Slaver","floor":12,"turns":4},{"damage":0,"enemies":"Lots of Slimes","floor":13,"turns":2},{"damage":0,"enemies":"Exordium Wildlife","floor":14,"turns":5},{"damage":76,"enemies":"Hexaghost","floor":16,"turns":14}],"seed_played":"-5469149532958661107","potions_obtained":[{"floor":5,"key":"GamblersBrew"},{"floor":6,"key":"Explosive Potion"},{"floor":12,"key":"Regen Potion"}],"is_trial":false,"path_per_floor":["M","$","M","?","M","E","R","?","T","E","?","M","M","M","R","B"],"character_chosen":"DEFECT","items_purchased":["Coolheaded"],"campfire_rested":1,"item_purchase_floors":[2],"current_hp_per_floor":[68,68,66,66,66,45,45,45,45,29,29,29,29,29,52,0],"gold":110,"neow_bonus":"TEN_PERCENT_HP_BONUS","is_prod":false,"is_daily":false,"chose_seed":false,"campfire_upgraded":1,"win_rate":0,"timestamp":1552007243,"path_taken":["M","$","M","?","M","E","R","?","T","E","?","M","?","M","R","BOSS"],"build_version":"2019-01-23","purchased_purges":0,"victory":false,"max_hp_per_floor":[78,78,78,78,78,78,78,78,78,78,78,78,78,78,78,78],"card_choices":[{"not_picked":["Leap","Force Field"],"picked":"Ball Lightning","floor":1},{"not_picked":["Doom and Gloom","Skim"],"picked":"Cold Snap","floor":3},{"not_picked":["Fusion","Stack"],"picked":"Ball Lightning","floor":5},{"not_picked":["Streamline","Conserve Battery"],"picked":"Go for the Eyes","floor":6},{"not_picked":["Stack","White Noise","Lockon"],"picked":"SKIP","floor":10},{"not_picked":["Stack","White Noise","Lockon"],"picked":"SKIP","floor":10},{"not_picked":["Turbo","Static Discharge+1"],"picked":"Genetic Algorithm","floor":12},{"not_picked":["Hologram","Consume"],"picked":"Conserve Battery","floor":13},{"not_picked":["Steam","Beam Cell","Barrage"],"picked":"SKIP","floor":14}],"player_experience":572061,"relics_obtained":[{"floor":6,"key":"Bottled Flame"},{"floor":9,"key":"Frozen Egg 2"},{"floor":10,"key":"FossilizedHelix"}],"event_choices":[{"damage_healed":0,"gold_gain":0,"player_choice":"Ignored","damage_taken":0,"max_hp_gain":0,"max_hp_loss":0,"event_name":"Liars Game","floor":4,"gold_loss":0},{"cards_removed":["Strike_B"],"damage_healed":0,"gold_gain":0,"player_choice":"Card Removal","damage_taken":0,"max_hp_gain":0,"max_hp_loss":0,"event_name":"The Cleric","floor":8,"gold_loss":75},{"damage_healed":0,"gold_gain":0,"player_choice":"2 cards matched","damage_taken":0,"max_hp_gain":0,"max_hp_loss":0,"event_name":"Match and Keep!","floor":11,"gold_loss":0,"cards_obtained":["Buffer","Steam"]}],"is_beta":false,"boss_relics":[],"items_purged_floors":[],"is_endless":false,"potions_floor_spawned":[5,6,12],"killed_by":"Hexaghost","ascension_level":19}