{"gold_per_floor":[111,111,126,149,162,201,201,242,242,286,304,229,229,253,253,253],"floor_reached":16,"playtime":1516,"items_purged":["Normality"],"score":128,"play_id":"01da851c-b73e-4b49-a325-ea4312939805","local_time":"20180712213328","is_ascension_mode":true,"campfire_choices":[{"floor":7,"key":"REST"},{"floor":15,"key":"REST"}],"neow_cost":"CURSE","seed_source_timestamp":0,"circlet_count":0,"master_deck":["Strike_R","Strike_R","Strike_R","Strike_R","Defend_R","Defend_R","Defend_R","Defend_R","Bash","Impervious","Flex","Iron Wave","Heavy Blade","Dual Wield","Body Slam","Clash","Whirlwind","Brutality"],"special_seed":17725,"relics":["Burning Blood","Golden Idol","Pen Nib","Oddly Smooth Stone","Mummified Hand","Meat on the Bone"],"potions_floor_usage":[6,6,16,16],"damage_taken":[{"damage":0,"enemies":"2 Louse","floor":1,"turns":3},{"damage":5,"enemies":"Jaw Worm","floor":3,"turns":6},{"damage":1,"enemies":"Cultist","floor":4,"turns":5},{"damage":16,"enemies":"Large Slime","floor":5,"turns":7},{"damage":31,"enemies":"Lagavulin","floor":6,"turns":7},{"damage":26,"enemies":"Gremlin Nob","floor":8,"turns":5},{"damage":20,"enemies":"3 Sentries","floor":10,"turns":8},{"damage":3,"enemies":"2 Fungi Beasts","floor":11,"turns":3},{"damage":4,"enemies":"Looter","floor":14,"turns":2},{"damage":70,"enemies":"Hexaghost","floor":16,"turns":10}],"seed_played":"5986081896675769642","potions_obtained":[{"floor":1,"key":"Ancient Potion"},{"floor":3,"key":"Weak Potion"},{"floor":10,"key":"SpeedPotion"},{"floor":11,"key":"Ancient Potion"}],"is_trial":false,"path_per_floor":["M","?","M","M","M","E","R","E","T","E","M","$","?","M","R"],"character_chosen":"IRONCLAD","items_purchased":[],"campfire_rested":2,"item_purchase_floors":[],"current_hp_per_floor":[80,60,61,66,56,31,55,35,35,21,36,36,29,43,67,0],"gold":253,"neow_bonus":"THREE_RARE_CARDS","is_prod":false,"is_daily":false,"chose_seed":false,"campfire_upgraded":0,"win_rate":0,"timestamp":1531456408,"path_taken":["M","?","M","?","M","E","R","E","T","E","M","$","?","?","R","BOSS"],"build_version":"2018-07-12","purchased_purges":1,"victory":false,"max_hp_per_floor":[80,80,80,80,80,80,80,80,80,80,80,80,80,80,80,80],"card_choices":[{"not_picked":["Bludgeon","Fiend Fire"],"picked":"Impervious","floor":0},{"not_picked":["Infernal Blade","Bloodletting"],"picked":"Flex","floor":1},{"not_picked":["Ghostly Armor","Perfected Strike"],"picked":"Iron Wave","floor":3},{"not_picked":["Dropkick","Flex"],"picked":"Heavy Blade","floor":4},{"not_picked":["Blood for Blood","Combust"],"picked":"Dual Wield","floor":5},{"not_picked":["Armaments","Perfected Strike"],"picked":"Body Slam","floor":6},{"not_picked":["Bludgeon","Pommel Strike"],"picked":"Clash","floor":8},{"not_picked":["Combust","Perfected Strike","Bloodletting"],"picked":"SKIP","floor":10},{"not_picked":["Rampage","Thunderclap"],"picked":"Whirlwind","floor":11},{"not_picked":["Armaments","Dual Wield"],"picked":"Brutality","floor":14}],"player_experience":29585,"relics_obtained":[{"floor":6,"key":"Pen Nib"},{"floor":8,"key":"Oddly Smooth Stone"},{"floor":9,"key":"Mummified Hand"},{"floor":10,"key":"Meat on the Bone"}],"event_choices":[{"event_name":"Golden Idol","player_choice":"Take Damage","floor":2,"damage_taken":0},{"event_name":"Golden Wing","player_choice":"Card Removal","floor":13,"damage_taken":0}],"boss_relics":[],"items_purged_floors":[12],"is_endless":false,"potions_floor_spawned":[1,3,10,11],"killed_by":"Hexaghost","ascension_level":1}