{"gold_per_floor":[114,133,152,152,152,152,166,198,233,277,308,50,64,96,96,191,191,208,224,20,37,54,54,71,71],"floor_reached":25,"playtime":2134,"items_purged":["Defend_R"],"score":284,"play_id":"63f061ea-80ac-4caf-b2a1-92f2e0da5184","local_time":"20190203204408","is_ascension_mode":true,"campfire_choices":[{"data":"Perfected Strike","floor":6,"key":"SMITH"},{"data":"Flame Barrier","floor":15,"key":"SMITH"},{"data":"True Grit","floor":23,"key":"SMITH"}],"neow_cost":"NONE","seed_source_timestamp":1009560423127645,"circlet_count":0,"master_deck":["Strike_R","Strike_R","Strike_R","Strike_R","Strike_R+1","Defend_R","Defend_R","Bash","Ghostly Armor","Perfected Strike+1","Twin Strike","Flash of Steel","Rampage+1","Flame Barrier+1","Headbutt","True Grit+1","Dark Embrace","Double Tap","Metallicize","Sentinel"],"relics":["Burning Blood","MawBank","Smiling Mask","Whetstone","Membership Card","Bag of Preparation","Philosopher\u0027s Stone","ClockworkSouvenir","PreservedInsect"],"potions_floor_usage":[2,8,10,10,10,14,14,16,25,25],"damage_taken":[{"damage":7,"enemies":"Jaw Worm","floor":1,"turns":3},{"damage":7,"enemies":"Small Slimes","floor":2,"turns":4},{"damage":0,"enemies":"Cultist","floor":3,"turns":4},{"damage":8,"enemies":"Blue Slaver","floor":7,"turns":3},{"damage":10,"enemies":"3 Sentries","floor":8,"turns":6},{"damage":25,"enemies":"Lagavulin","floor":10,"turns":6},{"damage":1,"enemies":"Looter","floor":11,"turns":3},{"damage":5,"enemies":"Exordium Wildlife","floor":13,"turns":3},{"damage":16,"enemies":"Gremlin Nob","floor":14,"turns":3},{"damage":46,"enemies":"The Guardian","floor":16,"turns":11},{"damage":0,"enemies":"Chosen","floor":18,"turns":3},{"damage":2,"enemies":"2 Thieves","floor":19,"turns":3},{"damage":22,"enemies":"Cultist and Chosen","floor":21,"turns":5},{"damage":7,"enemies":"Snecko","floor":22,"turns":4},{"damage":31,"enemies":"Shelled Parasite and Fungi","floor":24,"turns":6},{"damage":46,"enemies":"Gremlin Leader","floor":25,"turns":8}],"seed_played":"-7265150453826323173","potions_obtained":[{"floor":0,"key":"GamblersBrew"},{"floor":0,"key":"EntropicBrew"},{"floor":0,"key":"Block Potion"},{"floor":3,"key":"Poison Potion"},{"floor":10,"key":"Swift Potion"},{"floor":11,"key":"SkillPotion"},{"floor":18,"key":"SpeedPotion"},{"floor":24,"key":"Regen Potion"}],"is_trial":false,"path_per_floor":["M","M","M","?","?","R","M","E","T","E","M","$","M","E","R","B",null,"M","M","$","M","M","R","M","E"],"character_chosen":"IRONCLAD","items_purchased":["Membership Card","True Grit","ClockworkSouvenir","PreservedInsect","Dexterity Potion"],"campfire_rested":0,"item_purchase_floors":[12,12,20,20,20],"current_hp_per_floor":[79,78,80,73,73,73,71,67,67,48,53,53,54,52,52,12,63,69,73,73,57,56,56,31,0],"gold":71,"neow_bonus":"THREE_SMALL_POTIONS","is_prod":false,"is_daily":false,"chose_seed":false,"campfire_upgraded":3,"win_rate":0,"timestamp":1549244648,"path_taken":["M","M","M","?","?","R","M","E","T","E","M","$","M","E","R","BOSS","M","M","$","?","M","R","M","E"],"build_version":"2019-01-23","purchased_purges":1,"victory":false,"max_hp_per_floor":[80,80,80,80,80,80,80,80,80,80,80,80,80,80,80,80,80,80,80,80,80,80,80,80,80],"card_choices":[{"not_picked":["Warcry","Flex"],"picked":"Ghostly Armor","floor":1},{"not_picked":["Body Slam","Burning Pact"],"picked":"Perfected Strike","floor":2},{"not_picked":["Thunderclap","Dark Embrace"],"picked":"Twin Strike","floor":3},{"not_picked":["Warcry","Seeing Red","Burning Pact"],"picked":"SKIP","floor":7},{"not_picked":["Sever Soul","Body Slam"],"picked":"Rampage","floor":8},{"not_picked":["Wild Strike","Blood for Blood"],"picked":"Flame Barrier","floor":10},{"not_picked":["Power Through","Armaments"],"picked":"Headbutt","floor":11},{"not_picked":["Sword Boomerang","Searing Blow","Anger"],"picked":"SKIP","floor":13},{"not_picked":["Sword Boomerang","Shockwave"],"picked":"Dark Embrace","floor":14},{"not_picked":["Exhume","Berserk"],"picked":"Double Tap","floor":16},{"not_picked":["Iron Wave","Shrug It Off","Havoc+1"],"picked":"SKIP","floor":18},{"not_picked":["Sword Boomerang","Pommel Strike"],"picked":"Metallicize","floor":19},{"not_picked":["Twin Strike","Immolate","Power Through"],"picked":"SKIP","floor":21},{"not_picked":["Hemokinesis","Thunderclap"],"picked":"Sentinel","floor":22},{"not_picked":["Twin Strike+1","Shrug It Off","Pommel Strike"],"picked":"SKIP","floor":24}],"player_experience":1456879,"relics_obtained":[{"floor":8,"key":"MawBank"},{"floor":9,"key":"Smiling Mask"},{"floor":10,"key":"Whetstone"},{"floor":14,"key":"Bag of Preparation"}],"event_choices":[{"cards_removed":["Defend_R"],"damage_healed":0,"gold_gain":0,"player_choice":"Card Removal","damage_taken":7,"max_hp_gain":0,"max_hp_loss":0,"event_name":"Golden Wing","floor":4,"gold_loss":0},{"damage_healed":0,"gold_gain":0,"player_choice":"1 cards matched","damage_taken":0,"max_hp_gain":0,"max_hp_loss":0,"event_name":"Match and Keep!","floor":5,"gold_loss":0,"cards_obtained":["Flash of Steel"]}],"is_beta":false,"boss_relics":[{"not_picked":["Orrery","Astrolabe"],"picked":"Philosopher\u0027s Stone"}],"items_purged_floors":[12],"is_endless":false,"potions_floor_spawned":[3,10,11,13,18,24],"killed_by":"Gremlin Leader","ascension_level":5}