{"gold_per_floor":[117,129,149,149,163,193,208,180,206,240,240,240,240,261,261,391,391,410,434,434,454,454],"floor_reached":22,"playtime":2451,"items_purged":[],"score":248,"play_id":"3944a596-2c64-49dd-b236-7b50dac85709","local_time":"20190210094226","is_ascension_mode":false,"campfire_choices":[{"floor":11,"key":"REST"},{"floor":13,"key":"REST"},{"floor":15,"key":"REST"}],"neow_cost":"NONE","seed_source_timestamp":2037392221883507,"circlet_count":0,"master_deck":["Strike_R","Strike_R","Strike_R","Strike_R","Strike_R","Defend_R","Defend_R","Defend_R","Defend_R","Bash","Cleave","Pommel Strike","Disarm","Inflame","Combust","Rupture","Shockwave","Metallicize","Demon Form","Shockwave","Body Slam+1","Anger"],"relics":["Burning Blood","Omamori","Red Skull","Juzu Bracelet","Anchor","Pen Nib","Golden Idol","Philosopher\u0027s Stone"],"potions_floor_usage":[6,6,16,19,22],"damage_taken":[{"damage":6,"enemies":"Cultist","floor":1,"turns":3},{"damage":0,"enemies":"2 Louse","floor":2,"turns":3},{"damage":6,"enemies":"Jaw Worm","floor":3,"turns":4},{"damage":10,"enemies":"Looter","floor":5,"turns":3},{"damage":17,"enemies":"3 Sentries","floor":6,"turns":7},{"damage":16,"enemies":"3 Louse","floor":7,"turns":2},{"damage":30,"enemies":"Lagavulin","floor":10,"turns":5},{"damage":19,"enemies":"Exordium Wildlife","floor":14,"turns":5},{"damage":4,"enemies":"Slime Boss","floor":16,"turns":5},{"damage":23,"enemies":"Spheric Guardian","floor":18,"turns":5},{"damage":15,"enemies":"3 Byrds","floor":19,"turns":4},{"damage":33,"enemies":"Colosseum Slavers","floor":20,"turns":5},{"damage":24,"enemies":"Snake Plant","floor":21,"turns":4},{"damage":9,"enemies":"Chosen and Byrds","floor":22,"turns":4}],"seed_played":"-6889283136221342894","potions_obtained":[{"floor":2,"key":"Energy Potion"},{"floor":3,"key":"SkillPotion"},{"floor":14,"key":"AttackPotion"},{"floor":16,"key":"Swift Potion"},{"floor":21,"key":"LiquidBronze"}],"is_trial":false,"path_per_floor":["M","M","M","?","M","E","M","?","T","E","R","?","R","M","R","B",null,"M","M","?","M","M"],"character_chosen":"IRONCLAD","items_purchased":[],"campfire_rested":3,"item_purchase_floors":[],"current_hp_per_floor":[80,80,80,80,76,65,55,55,55,31,55,35,59,46,70,72,80,63,54,27,9,0],"gold":454,"neow_bonus":"RANDOM_COMMON_RELIC","is_prod":false,"is_daily":false,"chose_seed":false,"campfire_upgraded":0,"win_rate":0,"timestamp":1549820546,"path_taken":["M","M","M","?","M","E","M","?","T","E","R","?","R","M","R","BOSS","M","M","?","M","M"],"build_version":"2019-01-23","purchased_purges":0,"victory":false,"max_hp_per_floor":[80,80,80,80,80,80,80,80,80,80,80,80,80,80,80,80,80,80,80,80,80,80],"card_choices":[{"not_picked":["Fire Breathing","Reckless Charge"],"picked":"Cleave","floor":1},{"not_picked":["Body Slam","Wild Strike"],"picked":"Pommel Strike","floor":2},{"not_picked":["Sword Boomerang","Searing Blow"],"picked":"Disarm","floor":3},{"not_picked":["Perfected Strike","Sword Boomerang"],"picked":"Inflame","floor":5},{"not_picked":["Pommel Strike","Battle Trance"],"picked":"Combust","floor":6},{"not_picked":["True Grit","Dropkick"],"picked":"Rupture","floor":7},{"not_picked":["Iron Wave","Whirlwind"],"picked":"Shockwave","floor":10},{"not_picked":["Flex","Sword Boomerang"],"picked":"Metallicize","floor":14},{"not_picked":["Offering","Double Tap"],"picked":"Demon Form","floor":16},{"not_picked":["Headbutt","Flex"],"picked":"Shockwave","floor":18},{"not_picked":["Heavy Blade","Havoc"],"picked":"Body Slam+1","floor":19},{"not_picked":["Pommel Strike","Iron Wave"],"picked":"Anger","floor":21}],"player_experience":153904,"relics_obtained":[{"floor":6,"key":"Juzu Bracelet"},{"floor":9,"key":"Anchor"},{"floor":10,"key":"Pen Nib"}],"event_choices":[{"damage_healed":0,"gold_gain":0,"player_choice":"Box","damage_taken":0,"relics_obtained":["Red Skull"],"max_hp_gain":0,"max_hp_loss":0,"event_name":"Big Fish","floor":4,"gold_loss":0,"cards_obtained":["Regret"]},{"damage_healed":0,"gold_gain":0,"player_choice":"Left Gold","damage_taken":0,"max_hp_gain":0,"max_hp_loss":0,"event_name":"World of Goop","floor":8,"gold_loss":28},{"damage_healed":0,"gold_gain":0,"player_choice":"Take Damage","damage_taken":20,"relics_obtained":["Golden Idol"],"max_hp_gain":0,"max_hp_loss":0,"event_name":"Golden Idol","floor":12,"gold_loss":0},{"damage_healed":0,"gold_gain":0,"player_choice":"Fight","damage_taken":0,"max_hp_gain":0,"max_hp_loss":0,"event_name":"Colosseum","floor":20,"gold_loss":0},{"damage_healed":0,"gold_gain":0,"player_choice":"Fled From Nobs","damage_taken":0,"max_hp_gain":0,"max_hp_loss":0,"event_name":"Colosseum","floor":20,"gold_loss":0}],"is_beta":false,"boss_relics":[{"not_picked":["Runic Pyramid","Fusion Hammer"],"picked":"Philosopher\u0027s Stone"}],"items_purged_floors":[],"is_endless":false,"potions_floor_spawned":[2,3,14,16,20,21],"killed_by":"Chosen and Byrds","ascension_level":0}