{"gold_per_floor":[15,31,31,50,67,101,101,111,134,157,179,12,12,26,26,129,129,54,68,68],"floor_reached":20,"playtime":3985,"items_purged":[],"score":178,"play_id":"11e55863-1eef-4e25-a7c0-6d295aec60f5","local_time":"20190113112241","is_ascension_mode":false,"campfire_choices":[{"data":"Brutality","floor":7,"key":"SMITH"},{"floor":13,"key":"REST"},{"data":"Bloodletting","floor":15,"key":"SMITH"}],"neow_cost":"NO_GOLD","seed_source_timestamp":385717060600998,"circlet_count":0,"master_deck":["Strike_R","Strike_R","Strike_R","Strike_R","Strike_R","Defend_R","Defend_R","Defend_R","Defend_R","Bash","Reaper","Bloodletting+1","Rupture","Inflame","Ghostly Armor","Brutality+1","Headbutt","Flame Barrier","Pummel","Reaper","Shrug It Off","Headbutt","Barricade","Seeing Red","Thunderclap+1"],"relics":["Burning Blood","Centennial Puzzle","MawBank","Black Star"],"potions_floor_usage":[6,11,14,16],"damage_taken":[{"damage":11,"enemies":"2 Louse","floor":1,"turns":3},{"damage":7,"enemies":"Cultist","floor":2,"turns":3},{"damage":7,"enemies":"Small Slimes","floor":4,"turns":5},{"damage":16,"enemies":"Exordium Wildlife","floor":5,"turns":5},{"damage":73,"enemies":"3 Sentries","floor":6,"turns":13},{"damage":11,"enemies":"3 Louse","floor":8,"turns":5},{"damage":13,"enemies":"Looter","floor":10,"turns":5},{"damage":22,"enemies":"Blue Slaver","floor":11,"turns":6},{"damage":14,"enemies":"Exordium Thugs","floor":14,"turns":5},{"damage":24,"enemies":"Slime Boss","floor":16,"turns":12},{"damage":25,"enemies":"2 Thieves","floor":18,"turns":5},{"damage":46,"enemies":"Spheric Guardian","floor":19,"turns":8},{"damage":46,"enemies":"Cultist and Chosen","floor":20,"turns":8}],"seed_played":"-8269057696214233218","potions_obtained":[{"floor":1,"key":"Dexterity Potion"},{"floor":5,"key":"SpeedPotion"},{"floor":8,"key":"BloodPotion"},{"floor":11,"key":"Energy Potion"}],"is_trial":false,"path_per_floor":["M","M","?","M","M","E","R","M","T","M","M","$","R","M","R","B",null,"M","M","M"],"character_chosen":"IRONCLAD","items_purchased":["Reaper","Shrug It Off"],"campfire_rested":1,"item_purchase_floors":[12,12],"current_hp_per_floor":[79,80,85,84,81,32,32,37,37,36,37,37,62,64,64,63,85,71,31,0],"gold":68,"neow_bonus":"THREE_RARE_CARDS","is_prod":false,"is_daily":false,"chose_seed":false,"campfire_upgraded":2,"win_rate":0.0,"timestamp":1547407361,"path_taken":["M","M","?","M","M","E","R","M","T","M","M","$","R","M","R","BOSS","M","M","M"],"build_version":"2019-01-10","purchased_purges":0,"victory":false,"max_hp_per_floor":[80,80,85,85,85,85,85,85,85,85,85,85,85,85,85,85,85,85,85,85],"card_choices":[{"not_picked":["Impervious","Juggernaut"],"picked":"Reaper","floor":0},{"not_picked":["Warcry","Iron Wave"],"picked":"Bloodletting","floor":1},{"not_picked":["Pommel Strike","Dual Wield"],"picked":"Rupture","floor":2},{"not_picked":["Pommel Strike","Spot Weakness"],"picked":"Inflame","floor":4},{"not_picked":["Warcry","Cleave"],"picked":"Ghostly Armor","floor":5},{"not_picked":["Perfected Strike","Headbutt"],"picked":"Brutality","floor":6},{"not_picked":["Power Through","Corruption"],"picked":"Headbutt","floor":8},{"not_picked":["Cleave","Twin Strike"],"picked":"Flame Barrier","floor":10},{"not_picked":["Ghostly Armor","Sword Boomerang"],"picked":"Pummel","floor":11},{"not_picked":["Battle Trance","True Grit"],"picked":"Headbutt","floor":14},{"not_picked":["Juggernaut","Offering"],"picked":"Barricade","floor":16},{"not_picked":["Sword Boomerang","Armaments+1"],"picked":"Seeing Red","floor":18},{"not_picked":["Anger","Clash"],"picked":"Thunderclap+1","floor":19}],"player_experience":5827,"relics_obtained":[{"floor":6,"key":"Centennial Puzzle"},{"floor":9,"key":"MawBank"}],"event_choices":[{"damage_healed":0,"gold_gain":0,"player_choice":"Donut","damage_taken":0,"max_hp_gain":5,"max_hp_loss":0,"event_name":"Big Fish","floor":3,"gold_loss":0}],"is_beta":false,"boss_relics":[{"not_picked":["White Beast Statue","Busted Crown"],"picked":"Black Star"}],"items_purged_floors":[],"is_endless":false,"potions_floor_spawned":[1,5,8,11],"killed_by":"Cultist and Chosen","ascension_level":0}