{"gold_per_floor":[115,135,154,171,182,209,209,225,225,250,1,1,16,16,16,94,94,105,105,66,84,84,84],"floor_reached":23,"playtime":1039,"items_purged":[],"score":376,"play_id":"8e9686a5-b6bf-437d-8cf2-92cc09352e8b","local_time":"20190308220710","is_ascension_mode":true,"campfire_choices":[{"data":"Barricade","floor":7,"key":"SMITH"},{"floor":12,"key":"REST"},{"data":"Disarm","floor":15,"key":"SMITH"}],"neow_cost":"NONE","seed_source_timestamp":425207070176395,"circlet_count":0,"master_deck":["AscendersBane","Strike_R","Strike_R","Strike_R","Strike_R+1","Strike_R","Defend_R","Defend_R","Defend_R","Defend_R","Bash+1","Clash","Infernal Blade","Feel No Pain","Wild Strike","Disarm+1","Barricade+1","Uppercut","Sever Soul","Clothesline","Reckless Charge+1","Corruption","Feed","Thunderclap+1","Pain","Entrench"],"relics":["Burning Blood","Pen Nib","Sundial","Mercury Hourglass","Whetstone","Mark of Pain","WarpedTongs","Bottled Lightning"],"potions_floor_usage":[5,6,16,21,23,23],"damage_taken":[{"damage":7,"enemies":"Cultist","floor":1,"turns":5},{"damage":3,"enemies":"2 Louse","floor":2,"turns":3},{"damage":4,"enemies":"Jaw Worm","floor":3,"turns":3},{"damage":22,"enemies":"Lots of Slimes","floor":4,"turns":5},{"damage":28,"enemies":"Exordium Thugs","floor":5,"turns":6},{"damage":1,"enemies":"Lagavulin","floor":6,"turns":6},{"damage":3,"enemies":"3 Louse","floor":8,"turns":4},{"damage":29,"enemies":"3 Sentries","floor":10,"turns":11},{"damage":9,"enemies":"Large Slime","floor":13,"turns":4},{"damage":19,"enemies":"The Guardian","floor":16,"turns":13},{"damage":7,"enemies":"Chosen","floor":18,"turns":3},{"damage":29,"enemies":"2 Thieves","floor":21,"turns":4},{"damage":43,"enemies":"Slavers","floor":23,"turns":5}],"seed_played":"1325777685320674130","potions_obtained":[{"floor":1,"key":"GamblersBrew"},{"floor":3,"key":"Weak Potion"},{"floor":5,"key":"EssenceOfSteel"},{"floor":13,"key":"Energy Potion"},{"floor":18,"key":"Dexterity Potion"},{"floor":21,"key":"GamblersBrew"}],"is_trial":false,"path_per_floor":["M","M","M","M","M","E","R","M","T","E","$","R","M","?","R","B",null,"M","?","$","M","T","E"],"character_chosen":"IRONCLAD","items_purchased":["Reckless Charge","Whetstone","Entrench"],"campfire_rested":1,"item_purchase_floors":[11,11,20],"current_hp_per_floor":[67,70,72,56,34,39,39,42,42,19,19,41,38,38,38,25,63,62,62,62,42,42,0],"gold":84,"neow_bonus":"THREE_CARDS","is_prod":false,"is_daily":false,"chose_seed":false,"campfire_upgraded":2,"win_rate":0,"timestamp":1552100830,"path_taken":["M","M","M","M","M","E","R","M","T","E","?","R","M","?","R","BOSS","M","?","$","?","?","E"],"build_version":"2019-01-23","purchased_purges":0,"victory":false,"max_hp_per_floor":[75,75,75,75,75,75,75,75,75,75,75,75,75,75,75,75,75,75,75,75,78,78,78],"card_choices":[{"not_picked":["Flex","Headbutt"],"picked":"Clash","floor":0},{"not_picked":["Combust","True Grit"],"picked":"Infernal Blade","floor":1},{"not_picked":["Headbutt","Whirlwind"],"picked":"Feel No Pain","floor":2},{"not_picked":["Sword Boomerang","Pommel Strike"],"picked":"Wild Strike","floor":3},{"not_picked":["Inflame","Perfected Strike"],"picked":"Disarm","floor":4},{"not_picked":["Pommel Strike","Sentinel"],"picked":"Barricade","floor":5},{"not_picked":["True Grit","Armaments"],"picked":"Uppercut","floor":6},{"not_picked":["Cleave","Infernal Blade"],"picked":"Sever Soul","floor":8},{"not_picked":["True Grit","Wild Strike"],"picked":"Clothesline","floor":10},{"not_picked":["Warcry","Clash"],"picked":"Corruption","floor":13},{"not_picked":["Bludgeon","Dark Embrace"],"picked":"Feed","floor":16},{"not_picked":["Rampage","Uppercut"],"picked":"Thunderclap+1","floor":18},{"not_picked":["Sword Boomerang","Uppercut","Dual Wield"],"picked":"SKIP","floor":21}],"player_experience":880071,"relics_obtained":[{"floor":6,"key":"Pen Nib"},{"floor":9,"key":"Sundial"},{"floor":10,"key":"Mercury Hourglass"},{"floor":22,"key":"Bottled Lightning"}],"event_choices":[{"damage_healed":0,"gold_gain":0,"player_choice":"Grow","damage_taken":0,"max_hp_gain":0,"max_hp_loss":0,"event_name":"Living Wall","floor":14,"gold_loss":0,"cards_upgraded":["Reckless Charge"]},{"damage_healed":0,"gold_gain":0,"player_choice":"Rummage","damage_taken":0,"relics_obtained":["WarpedTongs"],"max_hp_gain":0,"max_hp_loss":0,"event_name":"Accursed Blacksmith","floor":19,"gold_loss":0,"cards_obtained":["Pain"]}],"is_beta":false,"boss_relics":[{"not_picked":["Ectoplasm","Sozu"],"picked":"Mark of Pain"}],"items_purged_floors":[],"is_endless":false,"potions_floor_spawned":[1,3,5,13,18,21],"killed_by":"Slavers","ascension_level":17}