{"path_per_floor":["M","M","M","?","?","R","E","R","T","M","?","R","E","M","R","B",null,"M","?","?","?","?","R","E","M","T","M","$","M","?","M","R","B",null,"M","?","?","?","?","E","R","M","T","E","M","R","$","M","R","B"],"character_chosen":"DEFECT","items_purchased":["Pen Nib","Hologram","Electrodynamics","Bag of Preparation","Orichalcum"],"gold_per_floor":[118,129,140,140,140,140,172,172,197,207,282,282,307,324,324,428,428,448,448,448,448,448,448,479,489,542,552,276,296,296,311,311,409,409,419,419,419,419,519,552,552,570,570,599,613,613,80,96,96,96],"floor_reached":51,"campfire_rested":1,"playtime":3191,"current_hp_per_floor":[64,64,64,64,57,57,54,54,54,49,38,38,38,38,38,42,68,68,68,68,68,56,56,44,43,43,50,50,38,38,38,59,54,73,73,73,73,73,73,73,73,73,73,69,69,69,69,69,69,52],"items_purged":["Strike_B","Finesse"],"gold":96,"score":831,"play_id":"49eb56ff-4958-4903-b4a0-42aa57d40931","local_time":"20180517201527","is_prod":false,"is_daily":false,"chose_seed":false,"is_ascension_mode":true,"campfire_upgraded":8,"timestamp":1526602527,"campfire_choices":[{"data":"Defragment","floor":6,"key":"SMITH"},{"data":"Zap","floor":8,"key":"SMITH"},{"data":"Buffer","floor":12,"key":"SMITH"},{"data":"Reinforced Body","floor":15,"key":"SMITH"},{"data":"White Noise","floor":23,"key":"SMITH"},{"floor":32,"key":"REST"},{"data":"Rainbow","floor":41,"key":"SMITH"},{"data":"Echo Form","floor":46,"key":"SMITH"},{"data":"Electrodynamics","floor":49,"key":"SMITH"}],"path_taken":["M","M","M","?","?","R","E","R","T","M","?","R","E","M","R","BOSS","M","?","?","?","?","R","E","M","T","M","$","M","?","M","R","BOSS","M","?","?","?","?","E","R","M","T","E","M","R","$","M","R","BOSS"],"build_version":"2018-05-17","seed_source_timestamp":742610412898207,"purchased_purges":2,"victory":true,"master_deck":["Defend_B","Defend_B","Defend_B","Defend_B","Zap+1","Dualcast+1","BootSequence+1","Defragment+1","Reinforced Body+1","Buffer+1","Seek","White Noise+1","Echo Form+1","Hyperbeam+1","Auto Shields+1","Rebound+1","Skim","Ball Lightning","Axe Kick+1","White Noise+1","Leap","Hologram","Steam+1","Hologram","Rainbow+1","Redo+1","Nova","Go for the Eyes+1","Cold Snap+1","White Noise+1","Streamline+1","Electrodynamics+1","Stack+1"],"max_hp_per_floor":[68,68,68,68,68,68,68,68,68,68,68,68,68,68,68,68,68,68,68,68,68,73,73,73,73,73,73,73,73,73,73,73,73,73,73,73,73,73,73,73,73,73,73,73,73,73,73,73,73,73],"relics":["Cracked Core","Emotion Chip","Lantern","Meat on the Bone","War Paint","Juzu Bracelet","Astrolabe","Gambling Chip","Happy Flower","Pen Nib","Velvet Choker","Bottled Flame","Kunai","Ginger","Bag of Preparation","Orichalcum"],"card_choices":[{"not_picked":["Coolheaded","Static Discharge"],"picked":"BootSequence","floor":1},{"not_picked":["Leap","Hologram"],"picked":"Defragment","floor":2},{"not_picked":["Axe Kick","Tempest"],"picked":"Reinforced Body","floor":3},{"not_picked":["Blizzard","Recycle"],"picked":"Sweeping Beam","floor":7},{"not_picked":["Steam Power","Cold Snap"],"picked":"Buffer","floor":10},{"not_picked":["Defragment","Coolheaded"],"picked":"Seek","floor":13},{"not_picked":["Cold Snap","Force Field"],"picked":"White Noise","floor":14},{"not_picked":["Machine Learning","Fission"],"picked":"Echo Form","floor":16},{"not_picked":["Streamline","Storm"],"picked":"Skim","floor":18},{"not_picked":["BootSequence","Scrape"],"picked":"Axe Kick+1","floor":24},{"not_picked":["Double Energy","Axe Kick"],"picked":"White Noise+1","floor":25},{"not_picked":["Beam Cell","Storm"],"picked":"Leap","floor":27},{"not_picked":["Streamline","Doom and Gloom"],"picked":"Steam+1","floor":29},{"not_picked":["Reinforced Body+1","Blizzard+1"],"picked":"Hologram","floor":31},{"not_picked":["Nova","Seek"],"picked":"Rainbow","floor":33},{"not_picked":["Skim","Stack+1"],"picked":"Redo+1","floor":35},{"not_picked":["Rebound","Force Field"],"picked":"Go for the Eyes+1","floor":40},{"not_picked":["Steam+1","Skim"],"picked":"Cold Snap+1","floor":42},{"not_picked":["Blizzard","Sweeping Beam"],"picked":"White Noise+1","floor":44},{"not_picked":["Steam Power+1","Turbo"],"picked":"Streamline+1","floor":45},{"not_picked":["Aggregate","Axe Kick"],"picked":"Stack+1","floor":48}],"player_experience":171543,"potions_floor_usage":[16,29,33,50,50,50],"damage_taken":[{"damage":4,"enemies":"Small Slimes","floor":1,"turns":3},{"damage":0,"enemies":"Cultist","floor":2,"turns":3},{"damage":0,"enemies":"Jaw Worm","floor":3,"turns":3},{"damage":3,"enemies":"3 Sentries","floor":7,"turns":7},{"damage":5,"enemies":"Large Slime","floor":10,"turns":5},{"damage":0,"enemies":"Lagavulin","floor":13,"turns":7},{"damage":0,"enemies":"Blue Slaver","floor":14,"turns":4},{"damage":8,"enemies":"The Guardian","floor":16,"turns":13},{"damage":0,"enemies":"Chosen","floor":18,"turns":5},{"damage":24,"enemies":"Slavers","floor":24,"turns":4},{"damage":1,"enemies":"2 Thieves","floor":25,"turns":3},{"damage":0,"enemies":"Centurion and Healer","floor":27,"turns":5},{"damage":24,"enemies":"Slaver and Parasite","floor":29,"turns":4},{"damage":0,"enemies":"3 Cultists","floor":31,"turns":3},{"damage":12,"enemies":"Champ","floor":33,"turns":10},{"damage":0,"enemies":"3 Darklings","floor":35,"turns":2},{"damage":0,"enemies":"2 Orb Walkers","floor":40,"turns":2},{"damage":0,"enemies":"Flame Bruiser 1 Orb","floor":42,"turns":8},{"damage":4,"enemies":"Nemesis","floor":44,"turns":9},{"damage":0,"enemies":"Maw","floor":45,"turns":6},{"damage":0,"enemies":"Sphere and 2 Shapes","floor":48,"turns":1},{"damage":24,"enemies":"Time Eater","floor":50,"turns":8}],"relics_obtained":[{"floor":7,"key":"Meat on the Bone"},{"floor":9,"key":"War Paint"},{"floor":13,"key":"Juzu Bracelet"},{"floor":24,"key":"Gambling Chip"},{"floor":26,"key":"Happy Flower"},{"floor":40,"key":"Bottled Flame"},{"floor":43,"key":"Kunai"},{"floor":44,"key":"Ginger"}],"event_choices":[{"event_name":"Match and Keep!","player_choice":"1 cards matched","floor":4,"damage_taken":0},{"event_name":"Scrap Ooze","player_choice":"success","floor":5,"damage_taken":7},{"event_name":"World of Goop","player_choice":"Gather Gold","floor":11,"damage_taken":0},{"event_name":"Vampires","player_choice":"Ignored","floor":19,"damage_taken":0},{"event_name":"The Library","player_choice":"Read","floor":20,"damage_taken":0},{"event_name":"Drug Dealer","player_choice":"Ignored","floor":21,"damage_taken":0},{"event_name":"Forgotten Altar","player_choice":"Shed Blood","floor":22,"damage_taken":0},{"event_name":"N\u0027loth","player_choice":"Ignored","floor":30,"damage_taken":0},{"event_name":"The Woman in Blue","player_choice":"Bought 0 Potions","floor":36,"damage_taken":0},{"event_name":"Transmorgrifier","player_choice":"Transform","floor":37,"damage_taken":0},{"event_name":"The Lab","player_choice":"Got Potions","floor":38,"damage_taken":0},{"event_name":"Golden Shrine","player_choice":"Pray","floor":39,"damage_taken":0}],"boss_relics":[{"not_picked":["Runic Pyramid","Snecko Eye"],"picked":"Astrolabe"},{"not_picked":["Tiny House","Calling Bell"],"picked":"Velvet Choker"}],"potions_floor_spawned":[2,3,16,18,24,27,33,35,40,48],"seed_played":"8778011282487159712","ascension_level":2,"potions_obtained":[{"floor":2,"key":"Strength Potion"},{"floor":3,"key":"FearPotion"},{"floor":16,"key":"Dexterity Potion"},{"floor":18,"key":"SpeedPotion"},{"floor":24,"key":"Regen Potion"},{"floor":33,"key":"Weak Potion"},{"floor":35,"key":"SpeedPotion"},{"floor":38,"key":"FocusPotion"},{"floor":38,"key":"PowerPotion"},{"floor":48,"key":"PowerPotion"}],"is_trial":false}