{"gold_per_floor":[114,114,130,146,221,221,70,70,138,173,189,189,208,239,239,343,343,356,356,371,385,48,60,91,91,91,102,102,102,15,33,33,135,135,147,161,179,179,199,199],"floor_reached":40,"playtime":4254,"items_purged":["Strike_B","Strike_B"],"score":470,"play_id":"e10f29e1-a872-4042-844b-8e7e1a923b5c","local_time":"20190305151335","is_ascension_mode":false,"campfire_choices":[{"data":"Zap","floor":6,"key":"SMITH"},{"data":"Beam Cell","floor":8,"key":"SMITH"},{"data":"Fission","floor":15,"key":"SMITH"},{"data":"Defragment","floor":25,"key":"SMITH"},{"data":"Defragment","floor":28,"key":"SMITH"},{"floor":32,"key":"REST"}],"neow_cost":"NONE","seed_source_timestamp":14501818336869,"circlet_count":0,"master_deck":["Strike_B","Strike_B","Defend_B","Defend_B","Defend_B","Defend_B","Zap+1","Dualcast","Defragment+1","Beam Cell+1","Ball Lightning","FTL","Fusion+1","Cold Snap","Compile Driver","Fission+1","Reboot","Steam","Conserve Battery","Defragment+1","Coolheaded","Loop","Stack","Rainbow","Echo Form","Sweeping Beam+1","Tempest+1","Defragment+1","Thinking Ahead"],"relics":["FrozenCore","NeowsBlessing","Matryoshka","Lantern","StoneCalendar","Membership Card","Smiling Mask","Shuriken","Dream Catcher","Philosopher\u0027s Stone"],"potions_floor_usage":[13,16,21,21,33,37],"damage_taken":[{"damage":0,"enemies":"2 Louse","floor":1,"turns":1},{"damage":0,"enemies":"Cultist","floor":3,"turns":1},{"damage":0,"enemies":"Jaw Worm","floor":4,"turns":1},{"damage":14,"enemies":"Gremlin Nob","floor":10,"turns":3},{"damage":0,"enemies":"2 Fungi Beasts","floor":11,"turns":3},{"damage":5,"enemies":"Lots of Slimes","floor":13,"turns":3},{"damage":15,"enemies":"Lagavulin","floor":14,"turns":4},{"damage":28,"enemies":"The Guardian","floor":16,"turns":8},{"damage":11,"enemies":"Spheric Guardian","floor":18,"turns":4},{"damage":7,"enemies":"2 Thieves","floor":20,"turns":4},{"damage":11,"enemies":"3 Cultists","floor":21,"turns":6},{"damage":5,"enemies":"Sentry and Sphere","floor":23,"turns":7},{"damage":20,"enemies":"Book of Stabbing","floor":24,"turns":7},{"damage":0,"enemies":"Snake Plant","floor":27,"turns":4},{"damage":7,"enemies":"Colosseum Slavers","floor":29,"turns":3},{"damage":0,"enemies":"Cultist and Chosen","floor":31,"turns":4},{"damage":0,"enemies":"Champ","floor":33,"turns":13},{"damage":2,"enemies":"3 Darklings","floor":35,"turns":7},{"damage":10,"enemies":"3 Shapes","floor":36,"turns":5},{"damage":20,"enemies":"Transient","floor":37,"turns":5},{"damage":30,"enemies":"Maw","floor":39,"turns":7},{"damage":31,"enemies":"Nemesis","floor":40,"turns":6}],"seed_played":"9080346905293414087","potions_obtained":[{"floor":1,"key":"AttackPotion"},{"floor":4,"key":"SpeedPotion"},{"floor":13,"key":"Ancient Potion"},{"floor":18,"key":"EssenceOfSteel"},{"floor":21,"key":"Fruit Juice"},{"floor":24,"key":"PowerPotion"},{"floor":31,"key":"EntropicBrew"},{"floor":37,"key":"Explosive Potion"}],"is_trial":false,"path_per_floor":["M","?","M","M","?","R","$","R","T","E","M","?","M","E","R","B",null,"M","?","M","M","$","M","E","R","T","M","R","?","$","M","R","B",null,"M","M","M","?","M","E"],"character_chosen":"DEFECT","items_purchased":["FTL","Conserve Battery","Defragment","Membership Card","Loop"],"campfire_rested":1,"item_purchase_floors":[7,22,22,22,30],"current_hp_per_floor":[75,75,75,75,64,64,64,64,64,50,50,50,45,30,30,2,75,64,64,57,51,51,46,26,26,26,26,26,19,19,19,43,43,80,78,68,48,48,18,0],"gold":199,"neow_bonus":"THREE_ENEMY_KILL","is_prod":false,"is_daily":false,"chose_seed":false,"campfire_upgraded":5,"win_rate":0,"timestamp":1551791615,"path_taken":["M","?","M","?","?","R","$","R","T","E","M","?","M","E","R","BOSS","M","?","M","M","$","M","E","R","T","?","R","?","$","M","R","BOSS","M","M","M","?","M","E"],"build_version":"2019-01-23","purchased_purges":2,"victory":false,"max_hp_per_floor":[75,75,75,75,75,75,75,75,75,75,75,75,75,75,75,75,75,75,75,75,80,80,80,80,80,80,80,80,80,80,80,80,80,80,80,80,80,80,80,80],"card_choices":[{"not_picked":["Force Field","Storm"],"picked":"Defragment","floor":1},{"not_picked":["Storm","Sweeping Beam"],"picked":"Beam Cell","floor":3},{"not_picked":["Stack","Chaos"],"picked":"Ball Lightning","floor":4},{"not_picked":["Barrage","Double Energy"],"picked":"Fusion","floor":10},{"not_picked":["Stack","Buffer"],"picked":"Cold Snap","floor":11},{"not_picked":["Melter","Steam"],"picked":"Compile Driver","floor":13},{"not_picked":["Streamline","Seek"],"picked":"Fission","floor":14},{"not_picked":["All For One","Amplify"],"picked":"Reboot","floor":16},{"not_picked":["Ball Lightning","Genetic Algorithm"],"picked":"Steam","floor":18},{"not_picked":["Ball Lightning+1","Beam Cell+1","Scrape"],"picked":"SKIP","floor":20},{"not_picked":["Double Energy+1","Redo+1","Tempest"],"picked":"SKIP","floor":21},{"not_picked":["Heatsinks","Undo"],"picked":"Coolheaded","floor":23},{"not_picked":["Steam+1","Beam Cell","Aggregate"],"picked":"SKIP","floor":24},{"not_picked":["Sunder+1","Reprogram","Consume+1"],"picked":"SKIP","floor":27},{"not_picked":["Sweeping Beam","Barrage"],"picked":"Stack","floor":31},{"not_picked":["Steam","Reinforced Body"],"picked":"Rainbow","floor":32},{"not_picked":["Electrodynamics","Seek"],"picked":"Echo Form","floor":33},{"not_picked":["Stack","Go for the Eyes"],"picked":"Sweeping Beam+1","floor":35},{"not_picked":["Cold Snap","Steam"],"picked":"Tempest+1","floor":36},{"not_picked":["Loop+1","White Noise"],"picked":"Defragment+1","floor":37},{"not_picked":["Discovery","Chrysalis"],"picked":"Thinking Ahead","floor":38},{"not_picked":["Rebound+1","Beam Cell","Turbo"],"picked":"SKIP","floor":39}],"player_experience":638372,"relics_obtained":[{"floor":9,"key":"Matryoshka"},{"floor":10,"key":"Lantern"},{"floor":14,"key":"StoneCalendar"},{"floor":24,"key":"Smiling Mask"},{"floor":26,"key":"Shuriken"},{"floor":26,"key":"Dream Catcher"}],"event_choices":[{"damage_healed":0,"gold_gain":0,"player_choice":"Bought 0 Potions","damage_taken":0,"max_hp_gain":0,"max_hp_loss":0,"event_name":"The Woman in Blue","floor":2,"gold_loss":0},{"damage_healed":0,"gold_gain":75,"player_choice":"Gather Gold","damage_taken":11,"max_hp_gain":0,"max_hp_loss":0,"event_name":"World of Goop","floor":5,"gold_loss":0},{"damage_healed":0,"gold_gain":0,"player_choice":"Grow","damage_taken":0,"max_hp_gain":0,"max_hp_loss":0,"event_name":"Living Wall","floor":12,"gold_loss":0,"cards_upgraded":["Fusion"]},{"damage_healed":0,"gold_gain":0,"player_choice":"Ignored","damage_taken":0,"max_hp_gain":0,"max_hp_loss":0,"event_name":"NoteForYourself","floor":19,"gold_loss":0},{"damage_healed":0,"gold_gain":0,"player_choice":"Fight","damage_taken":0,"max_hp_gain":0,"max_hp_loss":0,"event_name":"Colosseum","floor":29,"gold_loss":0},{"damage_healed":0,"gold_gain":0,"player_choice":"Fled From Nobs","damage_taken":0,"max_hp_gain":0,"max_hp_loss":0,"event_name":"Colosseum","floor":29,"gold_loss":0},{"damage_healed":0,"gold_gain":0,"player_choice":"Memory 1","damage_taken":0,"max_hp_gain":0,"max_hp_loss":0,"event_name":"SensoryStone","floor":38,"gold_loss":0}],"is_beta":false,"boss_relics":[{"not_picked":["Runic Dome","Velvet Choker"],"picked":"FrozenCore"},{"not_picked":["Astrolabe","Eternal Feather"],"picked":"Philosopher\u0027s Stone"}],"items_purged_floors":[7,30],"is_endless":false,"potions_floor_spawned":[1,4,13,18,21,24,29,31,37,39],"killed_by":"Nemesis","ascension_level":0}