{"path_per_floor":["M","M","M","$","M","R","M","E","T","R","M","M","R","E","R","B",null,"M","M","M","M","$","E","R","?","T","M","$","E","?","M","R"],"character_chosen":"THE_SILENT","items_purchased":["Bottled Lightning","Bag of Preparation"],"gold_per_floor":[11,30,40,40,55,55,72,102,102,102,119,132,132,166,166,270,270,287,307,318,337,16,350,350,350,375,387,137,167,167,183,183,183],"floor_reached":33,"campfire_rested":0,"playtime":3290,"current_hp_per_floor":[70,70,70,70,70,70,70,65,65,65,65,65,65,65,65,46,64,64,64,64,54,54,37,37,37,37,37,37,37,35,35,35,0],"items_purged":["Strike_G","Survivor"],"gold":183,"score":464,"play_id":"e693f698-dccd-4896-8f13-9181e4f02587","local_time":"20180413212812","is_prod":false,"is_daily":false,"chose_seed":false,"is_ascension_mode":true,"campfire_upgraded":6,"timestamp":1523647692,"path_taken":["M","M","M","$","M","R","M","E","T","R","M","M","R","E","R","BOSS","M","M","M","M","$","E","R","?","T","M","$","E","?","M","R","BOSS"],"build_version":"2018-04-12","seed_source_timestamp":133106838656200,"purchased_purges":2,"victory":false,"master_deck":["Defend_G+1","Defend_G+1","Defend_G+1","Defend_G+1","Defend_G+1","Strike_G+1","Strike_G+1","Strike_G+1","Strike_G+1","Neutralize+1","Slice","Backstab","Sucker Punch+1","Predator+1","Infinite Blades","Backflip","Finisher+1","Adrenaline+1","Malaise+1","Dodge and Roll+1","Well Laid Plans+1","Cloak And Dagger+1","PiercingWail","Dash+1","Ghostly","Ghostly","Ghostly","Ghostly","Ghostly"],"max_hp_per_floor":[70,70,70,70,70,70,70,70,70,70,70,70,70,70,70,70,70,70,70,70,70,70,70,70,70,70,70,70,70,35,35,35,35],"relics":["Ring of the Snake","Thread and Needle","Oddly Smooth Stone","Gremlin Horn","Regal Pillow","Runic Pyramid","Bottled Lightning","Old Coin","Dream Catcher","Bag of Preparation","Darkstone Periapt"],"card_choices":[{"not_picked":["Acrobatics","Skewer"],"picked":"Slice","floor":1},{"not_picked":["Endless Agony","Poisoned Stab"],"picked":"Backstab","floor":2},{"not_picked":["Setup","Slice"],"picked":"Sucker Punch","floor":3},{"not_picked":["Dagger Throw","Flying Knee"],"picked":"Predator","floor":5},{"not_picked":["Underhanded Strike","Choke"],"picked":"Infinite Blades","floor":11},{"not_picked":["Outmaneuver","Deadly Poison"],"picked":"Backflip","floor":12},{"not_picked":["Well Laid Plans","Slice"],"picked":"Finisher","floor":14},{"not_picked":["Doppelganger","Envenom"],"picked":"Adrenaline","floor":16},{"not_picked":["Dodge and Roll","Cloak And Dagger"],"picked":"Malaise","floor":18},{"not_picked":["Blade Dance","Slice"],"picked":"Dodge and Roll","floor":19},{"not_picked":["Skewer","Deflect"],"picked":"Well Laid Plans","floor":20},{"not_picked":["Predator","Setup"],"picked":"Cloak And Dagger","floor":21},{"not_picked":["Predator","Sucker Punch"],"picked":"PiercingWail","floor":23},{"not_picked":["Escape Plan","Cloak And Dagger"],"picked":"Dash","floor":27}],"player_experience":235437,"potions_floor_usage":[8,16,23,33,33],"damage_taken":[{"damage":0,"enemies":"Jaw Worm","floor":1,"turns":4},{"damage":0,"enemies":"Small Slimes","floor":2,"turns":4},{"damage":0,"enemies":"Cultist","floor":3,"turns":3},{"damage":0,"enemies":"2 Fungi Beasts","floor":5,"turns":3},{"damage":0,"enemies":"Exordium Wildlife","floor":7,"turns":3},{"damage":5,"enemies":"Lagavulin","floor":8,"turns":6},{"damage":0,"enemies":"Exordium Thugs","floor":11,"turns":3},{"damage":0,"enemies":"Gremlin Gang","floor":12,"turns":3},{"damage":0,"enemies":"3 Sentries","floor":14,"turns":6},{"damage":19,"enemies":"Hexaghost","floor":16,"turns":9},{"damage":0,"enemies":"Spheric Guardian","floor":18,"turns":1},{"damage":0,"enemies":"Chosen","floor":19,"turns":5},{"damage":0,"enemies":"Snecko","floor":20,"turns":7},{"damage":10,"enemies":"Chosen and Byrds","floor":21,"turns":7},{"damage":17,"enemies":"Gremlin Leader","floor":23,"turns":9},{"damage":0,"enemies":"3 Cultists","floor":27,"turns":6},{"damage":0,"enemies":"Book of Stabbing","floor":29,"turns":7},{"damage":0,"enemies":"Centurion and Healer","floor":31,"turns":7},{"damage":45,"enemies":"Automaton","floor":33,"turns":16}],"event_choices":[{"event_name":"Back to Basics","player_choice":"Simplicity","floor":25,"damage_taken":0},{"event_name":"Ghosts","player_choice":"Became a Ghost","floor":30,"damage_taken":0}],"boss_relics":[{"not_picked":["Orrery","Tiny House"],"picked":"Runic Pyramid"}],"potions_floor_spawned":[3,7,11,12,14,20,21,29],"seed_played":"4528295714413430910","killed_by":"Automaton","ascension_level":5,"is_trial":false}