{"path_per_floor":["M","?","$","M","M","E","R","?","T","M","M","R","M","E","R","B",null,"M","$","M","M","M","R","?","R","T","R","?","M","E","?","R","B",null,"M","$","M","M","?","R","M","?","T","?","M","M","T","?","R","B"],"character_chosen":"IRONCLAD","items_purchased":["Regen Potion","Regen Potion","Charon\u0027s Ashes"],"gold_per_floor":[115,115,115,131,146,180,180,180,234,246,264,264,279,309,309,410,410,427,301,315,327,341,341,341,341,368,368,368,386,421,321,321,422,422,433,79,99,109,109,109,121,0,0,0,17,33,33,33,33,33],"floor_reached":51,"campfire_rested":4,"playtime":3295,"current_hp_per_floor":[75,68,68,73,79,66,66,66,66,58,58,58,54,35,35,32,80,80,80,52,29,22,22,22,22,22,46,46,42,8,8,32,20,80,59,59,49,36,36,60,54,54,54,54,49,45,45,65,80,61],"items_purged":["Strike_R"],"gold":33,"play_id":"15e99b27-b6e0-4d2a-81ac-1d4b508274ab","is_prod":false,"is_daily":false,"campfire_rituals":0,"campfire_upgraded":3,"is_hardmode":false,"path_taken":["M","?","?","M","M","E","R","?","T","M","M","R","?","E","R","BOSS","M","$","M","M","M","R","?","R","T","R","?","M","E","?","R","BOSS","M","$","M","M","?","R","M","?","T","?","M","?","?","?","R","BOSS"],"build_version":"2018-01-18-PROD4","purchased_purges":2,"victory":true,"master_deck":["Strike_R","Defend_R","Defend_R","Defend_R","Defend_R","Bash","Inflame","Heavy Blade","Pommel Strike","Regret","Burning Pact","Immolate","Uppercut","Double Tap","Rampage","Warcry","Spot Weakness","Flex","Wild Strike","Shrug It Off","J.A.X.","Offering","Warcry","Seeing Red","Warcry","True Grit","Sentinel","Dual Wield"],"max_hp_per_floor":[80,80,80,80,80,80,80,80,80,80,80,80,80,80,80,80,80,80,80,80,80,80,80,80,80,80,80,80,80,80,80,80,80,80,80,80,80,80,80,80,80,80,80,80,80,80,80,80,80,80],"relics":["Burning Blood","Ice Cream","Mercury Hourglass","Whetstone","Peace Pipe","Philosopher\u0027s Stone","Ancient Tea Set","Omamori","Thread and Needle","Runic Dome","Charon\u0027s Ashes","Red Mask","Pen Nib","Calipers"],"campfire_meditates":0,"card_choices":[{"not_picked":["Thunderclap","Clash"],"picked":"Inflame"},{"not_picked":["Armaments","Flex"],"picked":"Heavy Blade"},{"not_picked":["Thunderclap","Headbutt"],"picked":"Pommel Strike"},{"not_picked":["Sword Boomerang","Headbutt"],"picked":"Burning Pact"},{"not_picked":["Seeing Red","Havoc"],"picked":"Immolate"},{"not_picked":["Rupture","Fire Breathing"],"picked":"Uppercut"},{"not_picked":["Impervious","Immolate"],"picked":"Double Tap"},{"not_picked":["Clothesline","Shrug It Off"],"picked":"Rampage"},{"not_picked":["Shrug It Off","Corruption"],"picked":"Warcry"},{"not_picked":["Shrug It Off","Clash"],"picked":"Spot Weakness"},{"not_picked":["Anger","Shrug It Off"],"picked":"Flex"},{"not_picked":["Searing Blow","Flex"],"picked":"Wild Strike"},{"not_picked":["Twin Strike","Impervious"],"picked":"Shrug It Off"},{"not_picked":["Barricade","Brutality"],"picked":"Offering"},{"not_picked":["Cleave","Flex"],"picked":"Warcry"},{"not_picked":["Evolve","Clothesline"],"picked":"Seeing Red"},{"not_picked":["Corruption","Infernal Blade"],"picked":"True Grit"},{"not_picked":["Disarm","Warcry"],"picked":"Sentinel"},{"not_picked":["Iron Wave","Anger"],"picked":"Dual Wield"}],"player_experience":319056,"potions_floor_usage":[6,14,22,29,29,30,38,45,50,50],"damage_taken":[{"damage":11,"enemies":"Blue Slaver","floor":1,"turns":5},{"damage":1,"enemies":"Cultist","floor":4,"turns":3},{"damage":0,"enemies":"Small Slimes","floor":5,"turns":3},{"damage":19,"enemies":"Lagavulin","floor":6,"turns":6},{"damage":14,"enemies":"Exordium Thugs","floor":10,"turns":3},{"damage":6,"enemies":"2 Fungi Beasts","floor":11,"turns":3},{"damage":10,"enemies":"Looter","floor":13,"turns":2},{"damage":25,"enemies":"3 Sentries","floor":14,"turns":5},{"damage":9,"enemies":"Slime Boss","floor":16,"turns":6},{"damage":0,"enemies":"Chosen","floor":18,"turns":2},{"damage":34,"enemies":"Shell Parasite","floor":20,"turns":5},{"damage":29,"enemies":"3 Cultists","floor":21,"turns":5},{"damage":13,"enemies":"Centurion and Healer","floor":22,"turns":5},{"damage":13,"enemies":"Snake Plant","floor":29,"turns":2},{"damage":40,"enemies":"Slavers","floor":30,"turns":4},{"damage":18,"enemies":"Collector","floor":33,"turns":8},{"damage":27,"enemies":"3 Darklings","floor":35,"turns":3},{"damage":16,"enemies":"3 Shapes","floor":37,"turns":3},{"damage":19,"enemies":"Maw","floor":38,"turns":6},{"damage":12,"enemies":"4 Shapes","floor":41,"turns":2},{"damage":11,"enemies":"Sphere and 2 Shapes","floor":45,"turns":4},{"damage":10,"enemies":"3 Darklings","floor":46,"turns":4},{"damage":40,"enemies":"Awakened One","floor":50,"turns":7}],"event_choices":[{"event_name":"Golden Wing","player_choice":"Card Removal","floor":2,"damage_taken":0},{"event_name":"Big Fish","player_choice":"Box","floor":8,"damage_taken":0},{"event_name":"The Mausoleum","player_choice":"Yes","floor":24,"damage_taken":0},{"event_name":"Back to Basics","player_choice":"Elegance","floor":28,"damage_taken":0},{"event_name":"Drug Dealer","player_choice":"Got JAXXED","floor":31,"damage_taken":0},{"event_name":"Duplicator","player_choice":"One dupe","floor":39,"damage_taken":0},{"event_name":"Tomb of Lord Red Mask","player_choice":"Paid","floor":42,"damage_taken":0},{"event_name":"Mysterious Sphere","player_choice":"Ignore","floor":44,"damage_taken":0},{"event_name":"Winding Halls","player_choice":"Writhe","floor":48,"damage_taken":0}],"boss_relics":[{"not_picked":["Black Blood","Ectoplasm"],"picked":"Philosopher\u0027s Stone"},{"not_picked":["Tiny House","Pandora\u0027s Box"],"picked":"Runic Dome"}],"potions_floor_spawned":[4,10,13,14,20,22,33,35,41],"seed_played":"-7912409407015123560","is_trial":false}