{"gold_per_floor":[116,126,136,86,103,103,121,150,219,232,257,39,50,83,83,154,154,164,177,177,187,187,187,220,220,220,21,34,67,95,95,95,169,169,185,185,185,185,185,210,226,226,226,226,226,241,241,241,241,241],"floor_reached":51,"playtime":3608,"items_purged":["Setup"],"score":1320,"play_id":"06b60c00-79d7-4a0c-8342-f6dd72f3b842","local_time":"20190301194345","is_ascension_mode":true,"campfire_choices":[{"data":"Cloak And Dagger","floor":6,"key":"SMITH"},{"data":"Malaise","floor":15,"key":"SMITH"},{"data":"Blade Dance","floor":23,"key":"SMITH"},{"data":"Neutralize","floor":32,"key":"SMITH"},{"data":"Finisher","floor":42,"key":"SMITH"},{"data":"Footwork","floor":47,"key":"SMITH"},{"data":"Sucker Punch","floor":49,"key":"SMITH"}],"neow_cost":"NONE","seed_source_timestamp":767931866831064,"circlet_count":0,"master_deck":["AscendersBane","Survivor","Neutralize+1","Dagger Spray","Malaise+1","Venomology","Backflip","Slice","Heel Hook","Blur","Quick Slash","Cloak And Dagger+1","Acrobatics","PiercingWail","Blade Dance+1","Dagger Throw","Blur","Quick Slash","Footwork","Corpse Explosion","Escape Plan+1","Calculated Gamble","Dagger Throw+1","Finisher+1","Footwork+1","Outmaneuver","Tools of the Trade","After Image","Blade Dance","Dash","Sucker Punch+1"],"relics":["Pandora\u0027s Box","Mercury Hourglass","Ornamental Fan","Mango","Vajra","Strawberry","Runic Pyramid","Meat on the Bone","Mummified Hand","Chemical X","Red Mask","Juzu Bracelet","Coffee Dripper","Gremlin Horn","Smiling Mask"],"potions_floor_usage":[2,3,7,8,10,13,14,16,18,19,21,24,29,30,33,41,48,50],"damage_taken":[{"damage":8,"enemies":"Small Slimes","floor":1,"turns":5},{"damage":6,"enemies":"2 Louse","floor":2,"turns":2},{"damage":0,"enemies":"Jaw Worm","floor":3,"turns":3},{"damage":9,"enemies":"Blue Slaver","floor":5,"turns":4},{"damage":0,"enemies":"3 Louse","floor":7,"turns":3},{"damage":2,"enemies":"Lagavulin","floor":8,"turns":5},{"damage":0,"enemies":"Exordium Wildlife","floor":10,"turns":3},{"damage":8,"enemies":"Gremlin Nob","floor":11,"turns":4},{"damage":0,"enemies":"2 Fungi Beasts","floor":13,"turns":2},{"damage":0,"enemies":"Lagavulin","floor":14,"turns":7},{"damage":3,"enemies":"Slime Boss","floor":16,"turns":7},{"damage":0,"enemies":"3 Byrds","floor":18,"turns":4},{"damage":0,"enemies":"Spheric Guardian","floor":19,"turns":3},{"damage":2,"enemies":"3 Cultists","floor":21,"turns":4},{"damage":23,"enemies":"Slavers","floor":24,"turns":4},{"damage":0,"enemies":"Snecko","floor":28,"turns":4},{"damage":4,"enemies":"Masked Bandits","floor":29,"turns":4},{"damage":0,"enemies":"Gremlin Leader","floor":30,"turns":5},{"damage":4,"enemies":"Champ","floor":33,"turns":18},{"damage":0,"enemies":"3 Darklings","floor":35,"turns":3},{"damage":0,"enemies":"Giant Head","floor":40,"turns":9},{"damage":0,"enemies":"3 Shapes","floor":41,"turns":5},{"damage":0,"enemies":"Maw","floor":46,"turns":7},{"damage":0,"enemies":"Sphere and 2 Shapes","floor":48,"turns":1},{"damage":24,"enemies":"Donu and Deca","floor":50,"turns":8}],"seed_played":"-1033822390048364043","potions_obtained":[{"floor":5,"key":"FearPotion"},{"floor":8,"key":"Strength Potion"},{"floor":11,"key":"GhostInAJar"},{"floor":19,"key":"Poison Potion"},{"floor":21,"key":"FearPotion"},{"floor":40,"key":"FearPotion"},{"floor":41,"key":"Strength Potion"}],"is_trial":false,"path_per_floor":["M","M","M","?","M","R","M","E","T","M","E","$","M","E","R","B",null,"M","M","$","M","$","R","E","?","T","$","M","?","E","?","R","B",null,"M","$","?","?","$","E","M","R","T","?","?","M","R","M","R","B",null],"character_chosen":"THE_SILENT","items_purchased":["Vajra","Chemical X"],"campfire_rested":0,"item_purchase_floors":[12,27],"current_hp_per_floor":[55,49,58,58,49,49,49,47,47,47,53,53,53,60,60,57,83,83,83,83,81,81,81,58,40,40,40,52,60,60,60,60,56,86,86,86,86,86,86,86,86,86,86,91,91,91,91,91,91,67],"gold":241,"neow_bonus":"BOSS_RELIC","is_prod":false,"is_daily":false,"chose_seed":false,"campfire_upgraded":7,"win_rate":0,"timestamp":1551487425,"path_taken":["M","M","M","?","M","R","M","E","T","M","E","$","M","E","R","BOSS","M","M","$","M","$","R","E","?","T","?","M","?","E","?","R","BOSS","M","$","?","?","$","E","M","R","T","?","?","M","R","M","R","BOSS"],"build_version":"2019-01-23","purchased_purges":1,"victory":true,"max_hp_per_floor":[70,70,70,70,70,70,70,70,70,70,84,84,84,91,91,91,91,91,91,91,91,91,91,91,96,96,96,96,96,96,96,96,96,96,96,96,91,91,91,91,91,91,91,91,91,91,91,91,91,91],"card_choices":[{"not_picked":["Acrobatics","Expertise"],"picked":"Blur","floor":1},{"not_picked":["Skewer","Sucker Punch"],"picked":"Quick Slash","floor":2},{"not_picked":["Backflip","Dodge and Roll"],"picked":"Cloak And Dagger","floor":3},{"not_picked":["Deflect","Infinite Blades"],"picked":"Acrobatics","floor":5},{"not_picked":["Slice","Prepared"],"picked":"PiercingWail","floor":7},{"not_picked":["Malaise","Concentrate"],"picked":"Blade Dance","floor":8},{"not_picked":["Outmaneuver","Flying Knee"],"picked":"Dagger Throw","floor":10},{"not_picked":["Well Laid Plans","Dodge and Roll"],"picked":"Blur","floor":11},{"not_picked":["Prepared","Bouncing Flask"],"picked":"Quick Slash","floor":13},{"not_picked":["Calculated Gamble","Dagger Throw"],"picked":"Footwork","floor":14},{"not_picked":["Grand Finale","Storm of Steel"],"picked":"Corpse Explosion","floor":16},{"not_picked":["Bouncing Flask","Expertise","Poisoned Stab"],"picked":"SKIP","floor":18},{"not_picked":["Eviscerate","PiercingWail"],"picked":"Escape Plan+1","floor":19},{"not_picked":["Backflip","Dash"],"picked":"Calculated Gamble","floor":21},{"not_picked":["Catalyst","Poisoned Stab"],"picked":"Dagger Throw+1","floor":24},{"not_picked":["Prepared+1","Acrobatics"],"picked":"Finisher","floor":28},{"not_picked":["Escape Plan","Expertise+1"],"picked":"Footwork","floor":29},{"not_picked":["Distraction","Quick Slash"],"picked":"Outmaneuver","floor":30},{"not_picked":["Storm of Steel","Envenom"],"picked":"After Image","floor":33},{"not_picked":["Deflect+1","Sucker Punch","Flying Knee"],"picked":"SKIP","floor":35},{"not_picked":["Outmaneuver","Well Laid Plans"],"picked":"Blade Dance","floor":40},{"not_picked":["Outmaneuver","Skewer","PiercingWail"],"picked":"SKIP","floor":41},{"not_picked":["Prepared","Slice"],"picked":"Sucker Punch","floor":46}],"player_experience":754493,"relics_obtained":[{"floor":8,"key":"Mercury Hourglass"},{"floor":9,"key":"Ornamental Fan"},{"floor":11,"key":"Mango"},{"floor":14,"key":"Strawberry"},{"floor":24,"key":"Meat on the Bone"},{"floor":26,"key":"Mummified Hand"},{"floor":29,"key":"Red Mask"},{"floor":30,"key":"Juzu Bracelet"},{"floor":40,"key":"Gremlin Horn"},{"floor":43,"key":"Smiling Mask"}],"event_choices":[{"cards_removed":["Accuracy"],"damage_healed":0,"gold_gain":0,"player_choice":"Card Removal","damage_taken":0,"max_hp_gain":0,"max_hp_loss":0,"event_name":"The Cleric","floor":4,"gold_loss":50},{"damage_healed":0,"gold_gain":0,"player_choice":"Shed Blood","damage_taken":23,"max_hp_gain":5,"max_hp_loss":0,"event_name":"Forgotten Altar","floor":25,"gold_loss":0},{"damage_healed":0,"gold_gain":0,"player_choice":"Fought Bandits","damage_taken":0,"max_hp_gain":0,"max_hp_loss":0,"event_name":"Masked Bandits","floor":29,"gold_loss":0},{"damage_healed":0,"gold_gain":0,"player_choice":"Read","damage_taken":0,"max_hp_gain":0,"max_hp_loss":0,"event_name":"The Library","floor":31,"gold_loss":0,"cards_obtained":["Tools of the Trade"]},{"damage_healed":0,"gold_gain":0,"player_choice":"Max HP","damage_taken":0,"max_hp_gain":0,"max_hp_loss":5,"event_name":"Winding Halls","floor":37,"gold_loss":0},{"cards_removed":["Well Laid Plans"],"damage_healed":0,"gold_gain":0,"player_choice":"Purged","damage_taken":0,"max_hp_gain":0,"max_hp_loss":0,"event_name":"Purifier","floor":38,"gold_loss":0},{"cards_removed":["Backstab"],"damage_healed":5,"gold_gain":0,"player_choice":"Offered Uncommon","damage_taken":0,"max_hp_gain":0,"max_hp_loss":0,"event_name":"Bonfire Elementals","floor":44,"gold_loss":0},{"damage_healed":0,"gold_gain":0,"player_choice":"1 cards matched","damage_taken":0,"max_hp_gain":0,"max_hp_loss":0,"event_name":"Match and Keep!","floor":45,"gold_loss":0,"cards_obtained":["Dash"]}],"is_beta":false,"boss_relics":[{"not_picked":["Tiny House","Empty Cage"],"picked":"Runic Pyramid"},{"not_picked":["White Beast Statue","Lizard Tail"],"picked":"Coffee Dripper"}],"items_purged_floors":[12],"is_endless":false,"potions_floor_spawned":[5,7,8,11,13,19,21,28,29,40,41,48],"ascension_level":13}