{"gold_per_floor":[115,133,150,6,6,6,39,52,52,32,50,50,2,28,28,127,127,139,153,172,187,187,187,198,198,198,198,212,212,224,259,271,283],"floor_reached":33,"playtime":2765,"items_purged":["Strike_B"],"score":390,"play_id":"49ed9850-3678-46b0-ad30-25223e01b3cc","local_time":"20190306140154","is_ascension_mode":true,"campfire_choices":[{"data":"Coolheaded","floor":6,"key":"SMITH"},{"data":"Zap","floor":12,"key":"SMITH"},{"data":"Capacitor","floor":15,"key":"SMITH"},{"data":"Fission","floor":23,"key":"SMITH"},{"floor":25,"key":"REST"},{"floor":27,"key":"REST"},{"floor":32,"key":"REST"}],"neow_cost":"NONE","seed_source_timestamp":40583657582845,"circlet_count":0,"master_deck":["Strike_B","Strike_B","Strike_B","Defend_B","Defend_B","Defend_B","Defend_B","Zap+1","Dualcast","Static Discharge","Melter","Fission+1","Coolheaded+1","Tempest","Ball Lightning","Capacitor+1","Coolheaded","Fission+1","Writhe","Necronomicurse"],"relics":["Cracked Core","Dead Branch","Ice Cream","Calipers","Busted Crown","Art of War","Pear","Necronomicon","MawBank"],"potions_floor_usage":[10,11,14,20,21,21,31,33],"damage_taken":[{"damage":5,"enemies":"Small Slimes","floor":1,"turns":3},{"damage":1,"enemies":"2 Louse","floor":2,"turns":2},{"damage":1,"enemies":"Cultist","floor":3,"turns":3},{"damage":18,"enemies":"3 Sentries","floor":7,"turns":6},{"damage":4,"enemies":"Red Slaver","floor":8,"turns":2},{"damage":0,"enemies":"Gremlin Gang","floor":11,"turns":3},{"damage":0,"enemies":"Lagavulin","floor":14,"turns":3},{"damage":6,"enemies":"Slime Boss","floor":16,"turns":6},{"damage":0,"enemies":"Spheric Guardian","floor":18,"turns":3},{"damage":17,"enemies":"3 Byrds","floor":19,"turns":4},{"damage":14,"enemies":"Snake Plant","floor":20,"turns":3},{"damage":33,"enemies":"Centurion and Healer","floor":21,"turns":4},{"damage":3,"enemies":"Cultist and Chosen","floor":24,"turns":4},{"damage":10,"enemies":"3 Cultists","floor":28,"turns":5},{"damage":0,"enemies":"Snake Plant","floor":30,"turns":2},{"damage":16,"enemies":"Gremlin Leader","floor":31,"turns":4},{"damage":47,"enemies":"Champ","floor":33,"turns":14}],"seed_played":"5447762591823646376","potions_obtained":[{"floor":2,"key":"Fire Potion"},{"floor":7,"key":"Swift Potion"},{"floor":10,"key":"Fruit Juice"},{"floor":16,"key":"SkillPotion"},{"floor":20,"key":"Energy Potion"},{"floor":21,"key":"Dexterity Potion"},{"floor":31,"key":"Swift Potion"}],"is_trial":false,"path_per_floor":["M","M","M","$","?","R","E","M","T","?","M","R","$","E","R","B",null,"M","M","M","M","?","R","M","R","T","R","M","?","M","E","R","B"],"character_chosen":"DEFECT","items_purchased":["Tempest","PowerPotion"],"campfire_rested":3,"item_purchase_floors":[4,13],"current_hp_per_floor":[70,69,68,68,68,68,50,46,46,51,51,51,51,51,51,45,80,80,63,49,16,16,16,13,37,47,74,64,48,48,32,59,12],"gold":283,"neow_bonus":"THREE_CARDS","is_prod":false,"is_daily":false,"chose_seed":false,"campfire_upgraded":4,"win_rate":0,"timestamp":1551902514,"path_taken":["M","M","M","$","?","R","E","M","T","?","?","R","?","E","R","BOSS","M","M","M","?","?","R","M","R","T","R","M","?","M","E","R","BOSS"],"build_version":"2019-01-23","purchased_purges":1,"victory":false,"max_hp_per_floor":[75,75,75,75,75,75,75,75,75,80,80,80,80,80,80,80,80,80,80,80,80,80,80,80,80,90,90,90,90,90,90,90,90],"card_choices":[{"not_picked":["Beam Cell","Stack"],"picked":"Static Discharge","floor":0},{"not_picked":["Barrage","Redo"],"picked":"Melter","floor":1},{"not_picked":["Consume","Barrage"],"picked":"Fission","floor":2},{"not_picked":["Barrage","Heatsinks"],"picked":"Coolheaded","floor":3},{"not_picked":["Force Field","Go for the Eyes"],"picked":"Ball Lightning","floor":7},{"not_picked":["Compile Driver","Sweeping Beam"],"picked":"Capacitor","floor":8},{"not_picked":["Streamline","Darkness","Reprogram"],"picked":"SKIP","floor":11},{"not_picked":["Beam Cell","Ball Lightning"],"picked":"Coolheaded","floor":14},{"not_picked":["Machine Learning","Rainbow"],"picked":"Fission","floor":16},{"not_picked":["Redo"],"picked":"SKIP","floor":19},{"not_picked":["Streamline"],"picked":"SKIP","floor":20},{"not_picked":["Rip and Tear+1"],"picked":"SKIP","floor":21},{"not_picked":["Conserve Battery"],"picked":"SKIP","floor":24},{"not_picked":["Coolheaded"],"picked":"SKIP","floor":28},{"not_picked":["Rebound"],"picked":"SKIP","floor":30},{"not_picked":["Auto Shields"],"picked":"SKIP","floor":31}],"player_experience":227729,"relics_obtained":[{"floor":7,"key":"Dead Branch"},{"floor":9,"key":"Ice Cream"},{"floor":14,"key":"Calipers"},{"floor":26,"key":"Pear"},{"floor":29,"key":"Necronomicon"},{"floor":31,"key":"MawBank"}],"event_choices":[{"damage_healed":0,"gold_gain":0,"player_choice":"Grow","damage_taken":0,"max_hp_gain":0,"max_hp_loss":0,"event_name":"Living Wall","floor":5,"gold_loss":0,"cards_upgraded":["Fission"]},{"damage_healed":0,"gold_gain":0,"player_choice":"Bought 1 Potion","damage_taken":0,"max_hp_gain":0,"max_hp_loss":0,"event_name":"The Woman in Blue","floor":10,"gold_loss":0},{"damage_healed":0,"gold_gain":0,"player_choice":"Opened","damage_taken":0,"relics_obtained":["Art of War"],"max_hp_gain":0,"max_hp_loss":0,"event_name":"The Mausoleum","floor":22,"gold_loss":0,"cards_obtained":["Writhe"]},{"damage_healed":0,"gold_gain":0,"player_choice":"Obtained Book","damage_taken":16,"max_hp_gain":0,"max_hp_loss":0,"event_name":"Cursed Tome","floor":29,"gold_loss":0}],"is_beta":false,"boss_relics":[{"not_picked":["Lizard Tail","Philosopher\u0027s Stone"],"picked":"Busted Crown"}],"items_purged_floors":[4],"is_endless":false,"potions_floor_spawned":[2,7,16,20,21,31],"killed_by":"Champ","ascension_level":4}