{"gold_per_floor":[109,129,144,144,69,69,69,69,92,92,125,125,144,172,172,249,249,259,274,364,48,65,65],"floor_reached":23,"playtime":748,"items_purged":[],"score":368,"play_id":"2d2b319b-5f3f-43d4-9415-d7021072a80f","local_time":"20190308205855","is_ascension_mode":true,"campfire_choices":[{"data":"Body Slam","floor":6,"key":"SMITH"},{"data":"Thunderclap","floor":8,"key":"SMITH"},{"data":"Bash","floor":10,"key":"SMITH"},{"data":"Clothesline","floor":15,"key":"SMITH"}],"neow_cost":"NONE","seed_source_timestamp":421403186012839,"circlet_count":0,"master_deck":["AscendersBane","Bash+1","Feel No Pain","Headbutt","Heavy Blade","Juggernaut","Shrug It Off","Body Slam+1","Reaper","Thunderclap+1","Disarm","Shrug It Off","Bludgeon+1","Inflame","Clothesline+1","Immolate","Reaper","Corruption"],"relics":["Pandora\u0027s Box","Blood Vial","Art of War","Bird Faced Urn","Mark of Pain","Incense Burner"],"potions_floor_usage":[11,16,23],"damage_taken":[{"damage":9,"enemies":"Small Slimes","floor":1,"turns":5},{"damage":3,"enemies":"2 Louse","floor":2,"turns":2},{"damage":3,"enemies":"Cultist","floor":3,"turns":4},{"damage":3,"enemies":"Gremlin Nob","floor":11,"turns":4},{"damage":6,"enemies":"Lots of Slimes","floor":13,"turns":2},{"damage":14,"enemies":"3 Sentries","floor":14,"turns":6},{"damage":32,"enemies":"Slime Boss","floor":16,"turns":6},{"damage":20,"enemies":"3 Byrds","floor":18,"turns":5},{"damage":11,"enemies":"Spheric Guardian","floor":19,"turns":3},{"damage":36,"enemies":"Shelled Parasite and Fungi","floor":22,"turns":5},{"damage":26,"enemies":"Slavers","floor":23,"turns":3}],"seed_played":"348474451727960870","potions_obtained":[{"floor":2,"key":"SkillPotion"},{"floor":3,"key":"Block Potion"},{"floor":22,"key":"PowerPotion"}],"is_trial":false,"path_per_floor":["M","M","M","?","?","R","$","R","T","R","E","?","M","E","R","B",null,"M","M","?","$","M","E"],"character_chosen":"IRONCLAD","items_purchased":["Incense Burner"],"campfire_rested":0,"item_purchase_floors":[21],"current_hp_per_floor":[63,60,63,56,56,56,56,56,56,56,55,55,69,57,57,55,70,56,51,37,37,13,0],"gold":65,"neow_bonus":"BOSS_RELIC","is_prod":false,"is_daily":false,"chose_seed":false,"campfire_upgraded":4,"win_rate":0,"timestamp":1552096735,"path_taken":["M","M","M","?","?","R","$","R","T","R","E","?","M","E","R","BOSS","M","M","?","$","?","E"],"build_version":"2019-01-23","purchased_purges":0,"victory":false,"max_hp_per_floor":[75,75,75,75,75,75,75,75,75,75,75,75,75,75,75,75,75,75,75,75,75,75,75],"card_choices":[{"not_picked":["Perfected Strike","Power Through"],"picked":"Thunderclap","floor":1},{"not_picked":["Warcry","Sentinel"],"picked":"Disarm","floor":2},{"not_picked":["Sword Boomerang","Shockwave"],"picked":"Shrug It Off","floor":3},{"not_picked":["Headbutt","Infernal Blade"],"picked":"Bludgeon","floor":11},{"not_picked":["Anger","Sword Boomerang"],"picked":"Inflame","floor":13},{"not_picked":["True Grit","Rampage"],"picked":"Clothesline","floor":14},{"not_picked":["Dark Embrace","Impervious"],"picked":"Immolate","floor":16},{"not_picked":["Heavy Blade","Twin Strike+1","Warcry"],"picked":"SKIP","floor":18},{"not_picked":["Body Slam","Heavy Blade"],"picked":"Reaper","floor":19},{"not_picked":["Shrug It Off","Fire Breathing+1"],"picked":"Corruption","floor":22}],"player_experience":876327,"relics_obtained":[{"floor":9,"key":"Blood Vial"},{"floor":11,"key":"Art of War"},{"floor":14,"key":"Bird Faced Urn"}],"event_choices":[{"cards_removed":["Warcry"],"damage_healed":0,"gold_gain":0,"player_choice":"Card Removal","damage_taken":7,"max_hp_gain":0,"max_hp_loss":0,"event_name":"Golden Wing","floor":4,"gold_loss":0},{"cards_removed":["Dark Embrace"],"damage_healed":0,"gold_gain":0,"player_choice":"Card Removal","damage_taken":0,"max_hp_gain":0,"max_hp_loss":0,"event_name":"The Cleric","floor":5,"gold_loss":75},{"damage_healed":0,"gold_gain":0,"player_choice":"Forge","damage_taken":0,"max_hp_gain":0,"max_hp_loss":0,"event_name":"Accursed Blacksmith","floor":12,"gold_loss":0,"cards_upgraded":["Bludgeon"]},{"damage_healed":0,"gold_gain":90,"player_choice":"GOLD ","damage_taken":14,"max_hp_gain":0,"max_hp_loss":0,"event_name":"Knowing Skull","floor":20,"potions_obtained":[],"gold_loss":0,"cards_obtained":[]}],"is_beta":false,"boss_relics":[{"not_picked":["White Beast Statue","Astrolabe"],"picked":"Mark of Pain"}],"items_purged_floors":[],"is_endless":false,"potions_floor_spawned":[2,3,22],"killed_by":"Slavers","ascension_level":17}