{"path_per_floor":["M","?","$","?","M","E","M","E","T","?","?","R","M","M","R"],"character_chosen":"IRONCLAD","items_purchased":[],"gold_per_floor":[115,85,10,10,25,60,72,102,402,577,577,577,593,609,609,609],"floor_reached":16,"campfire_rested":1,"playtime":694,"current_hp_per_floor":[74,74,74,74,80,65,69,45,45,45,27,54,50,42,42,0],"items_purged":["Parasite"],"gold":609,"score":171,"play_id":"7be4251c-1190-4c3b-9552-469a1efa766e","local_time":"20180507160728","is_prod":false,"is_daily":false,"chose_seed":false,"is_ascension_mode":true,"campfire_upgraded":1,"timestamp":1525723648,"path_taken":["M","?","$","?","M","E","?","E","T","?","?","R","?","M","R","BOSS"],"build_version":"2018-05-03","seed_source_timestamp":495795964300204,"purchased_purges":1,"victory":false,"master_deck":["Strike_R","Strike_R","Strike_R","Strike_R","Defend_R","Defend_R","Defend_R","Defend_R","Bash","AscendersBane","Carnage","Cleave","True Grit","Barricade+1","Doubt","Body Slam","Whirlwind"],"max_hp_per_floor":[94,94,91,91,91,91,91,91,91,91,91,91,91,91,91,91],"relics":["Burning Blood","Mango","Ornamental Fan","Unceasing Top","Old Coin","Kunai"],"card_choices":[{"not_picked":["Body Slam","Armaments"],"picked":"Carnage","floor":1},{"not_picked":["Rampage","Rage"],"picked":"Cleave","floor":5},{"not_picked":["Heavy Blade","Sever Soul"],"picked":"True Grit","floor":6},{"not_picked":["Battle Trance","Blood for Blood"],"picked":"Barricade","floor":8},{"not_picked":["Warcry","Thunderclap"],"picked":"Body Slam","floor":13},{"not_picked":["Cleave","Shockwave"],"picked":"Whirlwind","floor":14}],"player_experience":546271,"potions_floor_usage":[8,8,16,16],"damage_taken":[{"damage":18,"enemies":"Small Slimes","floor":1,"turns":5},{"damage":0,"enemies":"Cultist","floor":5,"turns":2},{"damage":21,"enemies":"Gremlin Nob","floor":6,"turns":4},{"damage":2,"enemies":"2 Louse","floor":7,"turns":3},{"damage":30,"enemies":"Lagavulin","floor":8,"turns":8},{"damage":10,"enemies":"Exordium Wildlife","floor":13,"turns":4},{"damage":14,"enemies":"Red Slaver","floor":14,"turns":5},{"damage":42,"enemies":"Slime Boss","floor":16,"turns":10}],"event_choices":[{"event_name":"The Woman in Blue","player_choice":"Bought 2 Potions","floor":2,"damage_taken":0},{"event_name":"Purifier","player_choice":"One Purge","floor":4,"damage_taken":0},{"event_name":"Liars Game","player_choice":"agreed","floor":10,"damage_taken":0},{"event_name":"Scrap Ooze","player_choice":"success","floor":11,"damage_taken":18}],"boss_relics":[],"potions_floor_spawned":[1,7,8,14],"seed_played":"8682602624266509695","killed_by":"Slime Boss","ascension_level":11,"is_trial":false}