{"path_per_floor":["M","M","M","$","M","R","E","R","T","?","R","M","M","M","R","B",null,"M","?","$","M","M","R","M","R","T","R","E","R","?","M","R","B",null,"M","M","?","$","M","R","?","M","T","M","M","R","$","M","R","B"],"character_chosen":"THE_SILENT","items_purchased":["Oddly Smooth Stone"],"gold_per_floor":[109,126,140,65,81,81,116,116,116,116,116,130,140,159,159,263,263,274,274,25,44,54,54,67,67,67,67,97,97,97,111,111,209,209,228,248,248,123,140,140,0,19,94,111,122,122,122,142,142,142],"floor_reached":51,"campfire_rested":0,"playtime":5118,"current_hp_per_floor":[63,63,63,63,63,63,33,33,33,33,33,33,33,33,33,46,59,48,48,48,48,48,48,48,48,48,48,48,48,48,48,48,63,63,51,45,73,73,73,73,73,73,73,73,73,73,73,73,73,73],"items_purged":["Strike_G","Strike_G","Defend_G"],"gold":142,"score":1047,"play_id":"d62ccdef-5c50-4ec4-b240-9c30cd94a8f6","local_time":"20180504231215","is_prod":false,"is_daily":false,"chose_seed":false,"is_ascension_mode":true,"campfire_upgraded":12,"timestamp":1525489935,"path_taken":["M","M","M","$","M","R","E","R","T","?","R","M","M","M","R","BOSS","M","?","$","M","M","R","M","R","T","R","E","R","?","M","R","BOSS","M","M","?","$","M","R","?","M","T","M","M","R","?","M","R","BOSS"],"build_version":"2018-05-03","seed_source_timestamp":257645704315303,"purchased_purges":3,"victory":true,"master_deck":["Defend_G","Defend_G","Defend_G","Defend_G","Survivor+1","Neutralize+1","Dagger Throw+1","Quick Slash+1","Die Die Die+1","Cloak And Dagger+1","Footwork+1","Calculated Gamble+1","Predator+1","Escape Plan+1","Underhanded Strike+1","PiercingWail+1","Backflip+1","Footwork+1","Blade Dance+1","Dodge and Roll+1","Dodge and Roll+1"],"max_hp_per_floor":[63,63,63,63,63,63,63,63,63,63,63,63,63,63,63,63,63,63,63,63,63,63,63,63,63,63,63,63,63,63,63,63,63,63,63,63,73,73,73,73,73,73,73,73,73,73,73,73,73,73],"relics":["Ring of the Snake","Letter Opener","Tough Bandages","Sozu","Oddly Smooth Stone","Bottled Tornado","Dodecahedron","Orrery","Red Mask","Toolbox"],"card_choices":[{"not_picked":["Crippling Poison","Sucker Punch"],"picked":"Dagger Throw","floor":1},{"not_picked":["Slice","Outmaneuver"],"picked":"Quick Slash","floor":5},{"not_picked":["Flying Knee","Eviscerate"],"picked":"Die Die Die","floor":7},{"not_picked":["Deadly Poison","PiercingWail"],"picked":"Footwork","floor":12},{"not_picked":["Skewer","Bane"],"picked":"Calculated Gamble","floor":14},{"not_picked":["Concentrate","Deadly Poison"],"picked":"Predator","floor":18},{"not_picked":["All Out Attack","Deadly Poison"],"picked":"Escape Plan","floor":22},{"not_picked":["Sucker Punch","Deadly Poison"],"picked":"Underhanded Strike","floor":28},{"not_picked":["Wraith Form v2","Doppelganger"],"picked":"Phantasmal Killer","floor":33},{"not_picked":["Outmaneuver","Deflect"],"picked":"PiercingWail","floor":34},{"not_picked":["Dagger Throw","Cloak And Dagger"],"picked":"Backflip","floor":34},{"not_picked":["Bane","Poisoned Stab"],"picked":"Footwork","floor":34},{"not_picked":["Sucker Punch","Distraction"],"picked":"Blade Dance","floor":39},{"not_picked":["Deflect","PiercingWail"],"picked":"Dodge and Roll","floor":42},{"not_picked":["Flying Knee","Footwork"],"picked":"Dodge and Roll","floor":48}],"player_experience":468972,"potions_floor_usage":[16,22,33,35],"damage_taken":[{"damage":0,"enemies":"2 Louse","floor":1,"turns":7},{"damage":0,"enemies":"Cultist","floor":2,"turns":5},{"damage":0,"enemies":"Small Slimes","floor":3,"turns":3},{"damage":0,"enemies":"2 Fungi Beasts","floor":5,"turns":5},{"damage":30,"enemies":"Gremlin Nob","floor":7,"turns":5},{"damage":0,"enemies":"Exordium Thugs","floor":12,"turns":3},{"damage":0,"enemies":"Looter","floor":13,"turns":2},{"damage":0,"enemies":"2 Fungi Beasts","floor":14,"turns":3},{"damage":2,"enemies":"Hexaghost","floor":16,"turns":12},{"damage":11,"enemies":"2 Thieves","floor":18,"turns":4},{"damage":0,"enemies":"3 Byrds","floor":21,"turns":4},{"damage":0,"enemies":"Snecko","floor":22,"turns":4},{"damage":0,"enemies":"Centurion and Healer","floor":24,"turns":7},{"damage":0,"enemies":"Slavers","floor":28,"turns":5},{"damage":0,"enemies":"3 Cultists","floor":31,"turns":4},{"damage":0,"enemies":"Automaton","floor":33,"turns":8},{"damage":12,"enemies":"3 Darklings","floor":35,"turns":4},{"damage":6,"enemies":"3 Shapes","floor":36,"turns":3},{"damage":0,"enemies":"Maw","floor":39,"turns":7},{"damage":0,"enemies":"Sphere and 2 Shapes","floor":42,"turns":2},{"damage":0,"enemies":"4 Shapes","floor":44,"turns":3},{"damage":0,"enemies":"3 Darklings","floor":45,"turns":4},{"damage":0,"enemies":"Sphere and 2 Shapes","floor":48,"turns":3},{"damage":0,"enemies":"Awakened One","floor":50,"turns":25}],"event_choices":[{"event_name":"Transmorgrifier","player_choice":"Transform","floor":10,"damage_taken":0},{"event_name":"Drug Dealer","player_choice":"Ignored","floor":19,"damage_taken":0},{"event_name":"Vampires","player_choice":"Ignored","floor":30,"damage_taken":0},{"event_name":"Bonfire Elementals","player_choice":"RARE","floor":37,"damage_taken":0},{"event_name":"Tomb of Lord Red Mask","player_choice":"Paid","floor":41,"damage_taken":0}],"boss_relics":[{"not_picked":["White Beast Statue","Pandora\u0027s Box"],"picked":"Sozu"},{"not_picked":["Runic Dome","Snecko Eye"],"picked":"Orrery"}],"potions_floor_spawned":[1,5,7,16,21,24,48],"seed_played":"-6340523600037279531","ascension_level":8,"is_trial":false}