{"gold_per_floor":[110,127,140,156,81,81,9,9,9,9,38,38],"floor_reached":12,"playtime":391,"items_purged":["Strike_R"],"score":150,"play_id":"f779aab1-92b7-4bff-9622-a385c7d05126","local_time":"20190301095753","is_ascension_mode":true,"campfire_choices":[{"data":"Cleave","floor":6,"key":"SMITH"},{"data":"Rampage","floor":8,"key":"SMITH"}],"neow_cost":"PERCENT_DAMAGE","seed_source_timestamp":736000484121882,"circlet_count":0,"master_deck":["AscendersBane","Strike_R","Strike_R","Strike_R","Strike_R","Defend_R","Defend_R","Defend_R","Defend_R","Bash","Cleave+1","Evolve","Heavy Blade","Shrug It Off","Rampage+1"],"relics":["Burning Blood","Mango","Singing Bowl","Pantograph"],"potions_floor_usage":[3],"damage_taken":[{"damage":6,"enemies":"Cultist","floor":1,"turns":4},{"damage":17,"enemies":"Small Slimes","floor":2,"turns":5},{"damage":6,"enemies":"Jaw Worm","floor":3,"turns":4},{"damage":30,"enemies":"Exordium Wildlife","floor":4,"turns":7},{"damage":20,"enemies":"Gremlin Nob","floor":11,"turns":4},{"damage":19,"enemies":"Gremlin Gang","floor":12,"turns":3}],"seed_played":"6206704556208911265","potions_obtained":[{"floor":1,"key":"Block Potion"}],"is_trial":false,"path_per_floor":["M","M","M","M","$","R","$","R","T","?","E","M"],"character_chosen":"IRONCLAD","items_purchased":["Rampage"],"campfire_rested":0,"item_purchase_floors":[7],"current_hp_per_floor":[65,54,54,30,30,30,30,30,30,30,18,0],"gold":38,"neow_bonus":"ONE_RARE_RELIC","is_prod":false,"is_daily":false,"chose_seed":false,"campfire_upgraded":2,"win_rate":0,"timestamp":1551452273,"path_taken":["M","M","M","M","?","R","$","R","T","?","E","M"],"build_version":"2019-01-23","purchased_purges":1,"victory":false,"max_hp_per_floor":[94,94,94,94,94,94,94,94,94,94,96,96],"card_choices":[{"not_picked":["Fire Breathing","Wild Strike"],"picked":"Cleave","floor":1},{"not_picked":["Heavy Blade","Second Wind"],"picked":"Evolve","floor":2},{"not_picked":["Armaments","Flex"],"picked":"Heavy Blade","floor":3},{"not_picked":["Corruption","Havoc"],"picked":"Shrug It Off","floor":4},{"not_picked":["Warcry","Searing Blow","Sword Boomerang"],"picked":"Singing Bowl","floor":11}],"player_experience":730767,"relics_obtained":[{"floor":9,"key":"Singing Bowl"},{"floor":11,"key":"Pantograph"}],"event_choices":[{"damage_healed":0,"gold_gain":0,"player_choice":"Ignored","damage_taken":0,"max_hp_gain":0,"max_hp_loss":0,"event_name":"Liars Game","floor":10,"gold_loss":0}],"is_beta":false,"boss_relics":[],"items_purged_floors":[5],"is_endless":false,"potions_floor_spawned":[1],"killed_by":"Gremlin Gang","ascension_level":12}