{"path_per_floor":["M","?","?","?","M","E","$","M","T","R","M","R","?","M","R","B",null,"M","M","$","M","?","E","R","E","T","M","R","M","M","M","R","B",null,"M","?","$","M","$","E","R","M","T","?","E","$","?","?","R","B"],"character_chosen":"IRONCLAD","items_purchased":["Omamori","Trip","Master of Strategy","Carnage","Frozen Eye"],"gold_per_floor":[117,292,292,292,303,331,5,21,21,21,37,37,37,61,61,185,185,201,217,20,34,34,70,70,114,114,139,139,158,177,198,198,319,319,332,665,565,575,129,159,159,178,227,227,260,110,360,360,360,360],"floor_reached":51,"campfire_rested":1,"playtime":3739,"current_hp_per_floor":[80,80,64,57,63,69,69,75,75,75,79,79,59,65,65,27,80,64,51,51,31,31,8,32,31,31,40,40,49,52,55,55,42,80,80,80,80,80,80,80,80,80,80,80,80,80,80,80,80,60],"items_purged":["Strike_R","Clumsy","Strike_R","Strike_R"],"gold":360,"play_id":"5e872b94-9cf0-4e4e-b1a1-3263367e1525","is_prod":false,"is_daily":false,"campfire_rituals":0,"campfire_upgraded":7,"is_hardmode":false,"path_taken":["M","?","?","?","M","E","?","M","T","R","M","R","?","M","R","BOSS","M","M","$","M","?","E","R","E","T","M","R","M","M","M","R","BOSS","M","?","$","M","$","E","R","M","T","?","E","?","?","?","R","BOSS"],"build_version":"2018-01-18-PROD4","purchased_purges":4,"victory":true,"master_deck":["Strike_R","Strike_R","Defend_R","Defend_R","Defend_R","Defend_R","Bash","Spot Weakness","Dropkick","Searing Blow","Trip","Uppercut","Barricade","Ghostly Armor","Master of Strategy","Heavy Blade","Master of Strategy","Flame Barrier","Heavy Blade","Uppercut","Battle Trance","Shrug It Off","True Grit","Clothesline","Impervious","Warcry","Carnage","Whirlwind","Armaments","Pommel Strike","Rage","Regret"],"max_hp_per_floor":[80,80,80,80,80,80,80,80,80,80,80,80,80,80,80,80,80,80,80,80,80,80,80,80,80,80,80,80,80,80,80,80,80,80,80,80,80,80,80,80,80,80,80,80,80,80,80,80,80,80],"relics":["Burning Blood","NeowsBlessing","Happy Flower","Omamori","Prayer Wheel","Snecko Eye","Lantern","Magic Flower","Gambling Chip","Calling Bell","Kunai","Bag of Marbles","Letter Opener","Frozen Eye","Vajra","Whetstone","Blood Vial"],"campfire_meditates":0,"card_choices":[{"not_picked":["Bloodletting","Wild Strike"],"picked":"Spot Weakness"},{"not_picked":["Disarm","Reckless Charge"],"picked":"Dropkick"},{"not_picked":["Shockwave","Rupture"],"picked":"Searing Blow"},{"not_picked":["Second Wind","Headbutt"],"picked":"Uppercut"},{"not_picked":["Rupture","Rage"],"picked":"Feel No Pain"},{"not_picked":["Impervious","Berserk"],"picked":"Barricade"},{"not_picked":["True Grit","Flex"],"picked":"Ghostly Armor"},{"not_picked":["Warcry","Dropkick"],"picked":"Heavy Blade"},{"not_picked":["Disarm","Rupture"],"picked":"Flame Barrier"},{"not_picked":["Sword Boomerang","Anger"],"picked":"Heavy Blade"},{"not_picked":["Heavy Blade","Headbutt"],"picked":"Uppercut"},{"not_picked":["Clothesline","Immolate"],"picked":"Battle Trance"},{"not_picked":["Twin Strike","Perfected Strike"],"picked":"Shrug It Off"},{"not_picked":["Bloodletting","Hemokinesis"],"picked":"True Grit"},{"not_picked":["Twin Strike","Spot Weakness"],"picked":"Clothesline"},{"not_picked":["Feed","Fiend Fire"],"picked":"Impervious"},{"not_picked":["Cleave","Sentinel"],"picked":"Warcry"},{"not_picked":["Wild Strike","Limit Break"],"picked":"Whirlwind"},{"not_picked":["Headbutt","Seeing Red"],"picked":"Armaments"},{"not_picked":["Sword Boomerang","Shrug It Off"],"picked":"Pommel Strike"},{"not_picked":["Feed","Anger"],"picked":"Rage"}],"player_experience":345733,"potions_floor_usage":[8,21,21,23,40,50],"damage_taken":[{"damage":0,"enemies":"Cultist","floor":1,"turns":1},{"damage":0,"enemies":"Small Slimes","floor":5,"turns":1},{"damage":0,"enemies":"Lagavulin","floor":6,"turns":1},{"damage":0,"enemies":"Jaw Worm","floor":8,"turns":1},{"damage":2,"enemies":"Large Slime","floor":11,"turns":5},{"damage":0,"enemies":"Exordium Wildlife","floor":14,"turns":2},{"damage":44,"enemies":"The Guardian","floor":16,"turns":7},{"damage":22,"enemies":"2 Thieves","floor":18,"turns":3},{"damage":19,"enemies":"Shell Parasite","floor":19,"turns":4},{"damage":26,"enemies":"Snake Plant","floor":21,"turns":3},{"damage":29,"enemies":"Slavers","floor":23,"turns":5},{"damage":7,"enemies":"Gremlin Leader","floor":25,"turns":5},{"damage":0,"enemies":"Snecko","floor":27,"turns":3},{"damage":0,"enemies":"Centurion and Healer","floor":29,"turns":4},{"damage":6,"enemies":"Slaver and Parasite","floor":30,"turns":3},{"damage":6,"enemies":"3 Cultists","floor":31,"turns":4},{"damage":22,"enemies":"Automaton","floor":33,"turns":12},{"damage":0,"enemies":"3 Shapes","floor":35,"turns":2},{"damage":0,"enemies":"Orb Walker","floor":38,"turns":1},{"damage":9,"enemies":"Nemesis","floor":40,"turns":7},{"damage":0,"enemies":"4 Shapes","floor":42,"turns":3},{"damage":0,"enemies":"Giant Head","floor":45,"turns":6},{"damage":29,"enemies":"Awakened One","floor":50,"turns":10}],"event_choices":[{"event_name":"Liars Game","player_choice":"agreed","floor":2,"damage_taken":0},{"event_name":"Shining Light","player_choice":"Entered Light","floor":3,"damage_taken":0},{"event_name":"Golden Wing","player_choice":"Card Removal","floor":4,"damage_taken":0},{"event_name":"Golden Idol","player_choice":"Take Damage","floor":13,"damage_taken":0},{"event_name":"Duplicator","player_choice":"One dupe","floor":22,"damage_taken":0},{"event_name":"The Moai Head","player_choice":"Gave Idol","floor":36,"damage_taken":0},{"event_name":"Tomb of Lord Red Mask","player_choice":"Ignored","floor":44,"damage_taken":0},{"event_name":"Golden Shrine","player_choice":"Desecrate","floor":47,"damage_taken":0}],"boss_relics":[{"not_picked":["Pandora\u0027s Box","Runic Cube"],"picked":"Snecko Eye"},{"not_picked":["Question Card","Tiny House"],"picked":"Calling Bell"}],"potions_floor_spawned":[1,5,11,14,16,18,23,25,33,35,40],"seed_played":"6128280407266945117","is_trial":false}