{"path_per_floor":["M","M","M","M","$","R","E","R","T","R","?","?","M","M","R","B",null,"M","$","?","?","?","R","T","R","T","?","M","M","R","$","R","B",null,"M","M","M","?","?","R","?","M","T","R","?","M","$","M","R","B"],"character_chosen":"IRONCLAD","items_purchased":["True Grit","Iron Wave","Flame Barrier","Secret Technique"],"gold_per_floor":[210,227,239,251,129,129,162,162,162,162,226,206,224,239,239,341,341,358,127,127,52,52,52,52,52,52,52,63,83,83,83,83,188,188,202,218,236,236,236,236,236,250,250,250,250,261,61,80,80,80],"floor_reached":51,"campfire_rested":1,"playtime":3588,"current_hp_per_floor":[80,72,78,61,61,61,75,75,75,75,70,70,70,70,70,47,80,67,67,67,67,67,67,67,67,67,52,54,60,60,60,60,46,85,80,82,74,85,85,85,85,85,85,85,85,82,82,39,64,60],"items_purged":["Strike_R","Strike_R"],"gold":80,"score":680,"play_id":"6cc283e3-e915-4432-b9b9-6f6295b09421","local_time":"20180502032912","is_prod":false,"is_daily":false,"chose_seed":false,"is_ascension_mode":true,"campfire_upgraded":10,"timestamp":1525246152,"path_taken":["M","M","M","M","$","R","E","R","T","R","?","?","M","M","R","BOSS","M","$","?","?","?","R","?","R","T","?","M","M","R","$","R","BOSS","M","M","M","?","?","R","?","M","T","R","?","M","$","M","R","BOSS"],"build_version":"2018-04-28v2","seed_source_timestamp":15376419745682,"purchased_purges":2,"victory":true,"master_deck":["Strike_R","Strike_R","Defend_R","Defend_R","Defend_R","Defend_R","Rampage+1","Headbutt","Burning Pact+1","Armaments+1","True Grit+1","Thunderclap","Impervious","Whirlwind+1","Spot Weakness","Disarm","Barricade","Iron Wave+1","Flame Barrier+1","Shrug It Off+1","Offering+1","Shockwave+1","Dropkick+1","Impervious","Shrug It Off+1","Writhe","Bandage Up","Sword Boomerang+1","Secret Technique"],"max_hp_per_floor":[80,80,80,80,80,80,80,80,80,80,80,80,80,80,80,80,80,80,80,80,80,80,80,80,80,80,85,85,85,85,85,85,85,85,85,85,85,85,85,85,85,85,85,85,85,85,85,85,85,85],"relics":["Burning Blood","Prayer Wheel","Shuriken","Du-Vu Doll","Snecko Eye","Pen Nib","Matryoshka","Sozu","Letter Opener","Bottled Flame"],"card_choices":[{"not_picked":["Cleave","Twin Strike"],"picked":"Rampage","floor":1},{"not_picked":["Warcry","Thunderclap"],"picked":"Headbutt","floor":2},{"not_picked":["Sword Boomerang","Havoc"],"picked":"Burning Pact","floor":3},{"not_picked":["Flex","Headbutt"],"picked":"Armaments","floor":4},{"not_picked":["Heavy Blade","Sword Boomerang"],"picked":"Thunderclap","floor":7},{"not_picked":["Anger","Heavy Blade"],"picked":"Impervious","floor":9},{"not_picked":["Sentinel","Wild Strike"],"picked":"Whirlwind","floor":11},{"not_picked":["Blood for Blood","Sword Boomerang"],"picked":"Spot Weakness","floor":13},{"not_picked":["Thunderclap","Carnage"],"picked":"Disarm","floor":14},{"not_picked":["Juggernaut","Reaper"],"picked":"Barricade","floor":16},{"not_picked":["Pommel Strike","Havoc"],"picked":"Shrug It Off","floor":24},{"not_picked":["Headbutt","Reckless Charge"],"picked":"Offering","floor":26},{"not_picked":["Clash","Power Through"],"picked":"Shockwave","floor":28},{"not_picked":["Perfected Strike","Anger"],"picked":"Dropkick","floor":29},{"not_picked":["Double Tap","Limit Break"],"picked":"Impervious","floor":33},{"not_picked":["Iron Wave","Body Slam"],"picked":"Shrug It Off","floor":35},{"not_picked":["Jack Of All Trades","Good Instincts"],"picked":"Bandage Up","floor":41},{"not_picked":["Dropkick","Body Slam"],"picked":"Sword Boomerang","floor":46}],"player_experience":345361,"potions_floor_usage":[7,13,16,33,35],"damage_taken":[{"damage":6,"enemies":"Cultist","floor":1,"turns":3},{"damage":14,"enemies":"Small Slimes","floor":2,"turns":4},{"damage":0,"enemies":"2 Louse","floor":3,"turns":2},{"damage":23,"enemies":"Exordium Wildlife","floor":4,"turns":6},{"damage":7,"enemies":"3 Sentries","floor":7,"turns":9},{"damage":11,"enemies":"3 Sentries","floor":11,"turns":10},{"damage":6,"enemies":"Exordium Thugs","floor":13,"turns":4},{"damage":6,"enemies":"Blue Slaver","floor":14,"turns":4},{"damage":29,"enemies":"The Guardian","floor":16,"turns":10},{"damage":19,"enemies":"Spheric Guardian","floor":18,"turns":8},{"damage":4,"enemies":"Chosen","floor":28,"turns":5},{"damage":0,"enemies":"3 Cultists","floor":29,"turns":4},{"damage":20,"enemies":"Collector","floor":33,"turns":8},{"damage":11,"enemies":"3 Darklings","floor":35,"turns":4},{"damage":4,"enemies":"3 Shapes","floor":36,"turns":3},{"damage":14,"enemies":"Sphere and 2 Shapes","floor":37,"turns":4},{"damage":4,"enemies":"Maw","floor":42,"turns":8},{"damage":9,"enemies":"3 Darklings","floor":46,"turns":3},{"damage":55,"enemies":"4 Shapes","floor":48,"turns":6},{"damage":14,"enemies":"Awakened One","floor":50,"turns":12}],"event_choices":[{"event_name":"Dead Adventurer","player_choice":"Searched \u00272\u0027 times","floor":11,"damage_taken":0},{"event_name":"The Woman in Blue","player_choice":"Bought 1 Potion","floor":12,"damage_taken":0},{"event_name":"Vampires","player_choice":"Ignored","floor":20,"damage_taken":0},{"event_name":"Beggar","player_choice":"Gave Gold","floor":21,"damage_taken":0},{"event_name":"Addict","player_choice":"Ignored","floor":22,"damage_taken":0},{"event_name":"Forgotten Altar","player_choice":"Shed Blood","floor":27,"damage_taken":0},{"event_name":"Winding Halls","player_choice":"Writhe","floor":38,"damage_taken":0},{"event_name":"Fountain of Cleansing","player_choice":"Ignored","floor":39,"damage_taken":0},{"event_name":"SensoryStone","player_choice":"Memory 1","floor":41,"damage_taken":0}],"boss_relics":[{"not_picked":["Pandora\u0027s Box","Philosopher\u0027s Stone"],"picked":"Snecko Eye"},{"not_picked":["Black Star","Orrery"],"picked":"Sozu"}],"potions_floor_spawned":[1,3,4,16,29,46,48],"seed_played":"-7097557794913625769","ascension_level":2,"is_trial":false}