{"path_per_floor":["M","M","M","M","M","R","E","R","T","R","?","R","E","M","R","B",null,"M","M","?","?","$","R","E","R","T","M","R","$","?","M","R","B",null,"M","$","?","M","M","R","E","R","T","M","M","M","R","M","R","B"],"character_chosen":"IRONCLAD","items_purchased":["Bloodletting","Disarm"],"gold_per_floor":[115,131,149,163,177,177,210,210,260,260,284,284,312,327,327,422,422,422,392,392,392,283,283,283,283,283,283,283,183,98,98,98,98,98,98,26,26,26,26,26,26,26,26,26,26,26,26,26,26,26],"floor_reached":51,"campfire_rested":1,"playtime":4510,"current_hp_per_floor":[72,72,72,55,38,38,24,24,24,24,43,43,28,20,41,53,67,67,63,52,52,52,52,48,48,48,42,42,42,49,67,67,25,57,67,67,59,67,67,67,49,49,49,70,75,75,75,78,78,69],"items_purged":["Bite","Defend_R"],"gold":26,"score":981,"play_id":"8f84796f-e939-44ef-bf50-caaa6a0e15ce","local_time":"20180505140313","is_prod":false,"is_daily":false,"chose_seed":false,"is_ascension_mode":true,"campfire_upgraded":10,"timestamp":1525543393,"path_taken":["M","M","M","M","M","R","E","R","T","R","?","R","E","M","R","BOSS","M","M","?","?","$","R","E","R","T","M","R","$","?","M","R","BOSS","M","$","?","M","M","R","E","R","T","M","M","M","R","M","R","BOSS"],"build_version":"2018-05-03","seed_source_timestamp":311706130240944,"purchased_purges":2,"victory":true,"master_deck":["Defend_R","Defend_R","Bash+1","Reaper","Uppercut+1","Seeing Red","True Grit+1","Battle Trance+1","Reaper","Combust+1","Flex+1","Warcry","Feed+1","Carnage+1","Blood for Blood","Bite","Bite","Bite","Bite","Bloodletting+1","Ghostly Armor","Rupture","Demon Form+1","Shrug It Off+1","Disarm","Madness","Madness","Pummel+1","Fiend Fire","Flame Barrier+1","Ghostly Armor","Shockwave+1","Metallicize+1","Fiend Fire"],"max_hp_per_floor":[72,72,72,72,72,72,72,72,72,72,72,72,72,72,72,72,72,72,75,52,52,52,52,52,52,52,56,56,56,63,67,67,67,67,67,67,67,67,67,67,67,67,67,71,75,75,75,79,79,79],"relics":["Burning Blood","Ginger","Ancient Tea Set","Odd Mushroom","Self Forming Clay","Ectoplasm","Blood Vial","Peace Pipe","Bottled Lightning","Strawberry","Sozu","Vajra","Shovel","Juzu Bracelet"],"card_choices":[{"not_picked":["Berserk","Brutality"],"picked":"Reaper","floor":0},{"not_picked":["Warcry","Perfected Strike"],"picked":"Uppercut","floor":1},{"not_picked":["Fire Breathing","Entrench"],"picked":"Seeing Red","floor":2},{"not_picked":["Blood for Blood","Shockwave"],"picked":"True Grit","floor":3},{"not_picked":["Headbutt","Rage"],"picked":"Battle Trance","floor":4},{"not_picked":["True Grit","Anger"],"picked":"Reaper","floor":7},{"not_picked":["Headbutt","Heavy Blade"],"picked":"Combust","floor":11},{"not_picked":["Headbutt","Clash"],"picked":"Flex","floor":13},{"not_picked":["Clothesline","Sentinel"],"picked":"Warcry","floor":14},{"not_picked":["Reaper","Immolate"],"picked":"Feed","floor":16},{"not_picked":["Body Slam","Searing Blow"],"picked":"Carnage","floor":18},{"not_picked":["Iron Wave","Rage"],"picked":"Blood for Blood","floor":19},{"not_picked":["Sentinel","True Grit"],"picked":"Ghostly Armor","floor":24},{"not_picked":["Havoc","Evolve"],"picked":"Rupture","floor":31},{"not_picked":["Bludgeon","Impervious"],"picked":"Demon Form","floor":33},{"not_picked":["Uppercut","Headbutt"],"picked":"Shrug It Off","floor":35},{"not_picked":["Anger","Thunderclap"],"picked":"Pummel","floor":38},{"not_picked":["Metallicize","Corruption"],"picked":"Fiend Fire","floor":39},{"not_picked":["Iron Wave","Spot Weakness"],"picked":"Flame Barrier","floor":41},{"not_picked":["Armaments","Perfected Strike"],"picked":"Ghostly Armor","floor":44},{"not_picked":["Flex","True Grit"],"picked":"Shockwave","floor":45},{"not_picked":["True Grit","Thunderclap"],"picked":"Metallicize","floor":46},{"not_picked":["Spot Weakness","Evolve"],"picked":"Fiend Fire","floor":48}],"player_experience":490063,"potions_floor_usage":[7,7,11,13,18,24,33],"damage_taken":[{"damage":6,"enemies":"2 Louse","floor":1,"turns":3},{"damage":0,"enemies":"Small Slimes","floor":2,"turns":4},{"damage":4,"enemies":"Cultist","floor":3,"turns":3},{"damage":23,"enemies":"Exordium Thugs","floor":4,"turns":5},{"damage":27,"enemies":"Large Slime","floor":5,"turns":9},{"damage":26,"enemies":"Lagavulin","floor":7,"turns":5},{"damage":9,"enemies":"The Mushroom Lair","floor":11,"turns":4},{"damage":31,"enemies":"Gremlin Nob","floor":13,"turns":5},{"damage":18,"enemies":"Gremlin Gang","floor":14,"turns":4},{"damage":18,"enemies":"Slime Boss","floor":16,"turns":10},{"damage":6,"enemies":"Spheric Guardian","floor":18,"turns":3},{"damage":19,"enemies":"2 Thieves","floor":19,"turns":4},{"damage":31,"enemies":"Gremlin Leader","floor":24,"turns":7},{"damage":34,"enemies":"Snake Plant","floor":27,"turns":5},{"damage":13,"enemies":"3 Cultists","floor":31,"turns":5},{"damage":85,"enemies":"Champ","floor":33,"turns":9},{"damage":16,"enemies":"3 Shapes","floor":35,"turns":4},{"damage":40,"enemies":"Orb Walker","floor":38,"turns":5},{"damage":50,"enemies":"3 Darklings","floor":39,"turns":7},{"damage":44,"enemies":"2 Orb Walkers","floor":41,"turns":5},{"damage":27,"enemies":"Maw","floor":44,"turns":7},{"damage":4,"enemies":"Sphere and 2 Shapes","floor":45,"turns":3},{"damage":24,"enemies":"3 Darklings","floor":46,"turns":6},{"damage":15,"enemies":"Maw","floor":48,"turns":6},{"damage":37,"enemies":"Time Eater","floor":50,"turns":9}],"event_choices":[{"event_name":"Mushrooms","player_choice":"Fought Mushrooms","floor":11,"damage_taken":0},{"event_name":"Vampires","player_choice":"Became a vampire","floor":20,"damage_taken":0},{"event_name":"The Mausoleum","player_choice":"Yes","floor":21,"damage_taken":0},{"event_name":"Addict","player_choice":"Obtained Relic","floor":30,"damage_taken":0},{"event_name":"Winding Halls","player_choice":"Embrace Madness","floor":37,"damage_taken":0}],"boss_relics":[{"not_picked":["Snecko Eye","Runic Cube"],"picked":"Ectoplasm"},{"not_picked":["Velvet Choker","Calling Bell"],"picked":"Sozu"}],"potions_floor_spawned":[1,3,7,11,13,14,19,31,38,45,46],"seed_played":"7939850230943257951","ascension_level":9,"is_trial":false}