{"gold_per_floor":[114,124,9,20,31,59,59,59,86,86,86,121,121,35,35,124,124,149,149],"floor_reached":19,"playtime":771,"items_purged":["Strike_G"],"score":341,"play_id":"ae6f0f88-df5e-4332-8fd1-5836d465277c","local_time":"20190305084017","is_ascension_mode":true,"campfire_choices":[{"data":"Dagger Spray","floor":8,"key":"SMITH"},{"floor":11,"key":"REST"},{"floor":13,"key":"REST"},{"floor":15,"key":"REST"}],"neow_cost":"NONE","seed_source_timestamp":529357870214630,"circlet_count":0,"master_deck":["AscendersBane","Defend_G","Defend_G","Defend_G","Defend_G","Defend_G","Strike_G","Strike_G","Strike_G","Survivor","Neutralize","Skewer","Bouncing Flask","Well Laid Plans","Dagger Spray+1","Crippling Poison","Catalyst","Escape Plan","Masterful Stab","Malaise"],"relics":["Ring of the Snake","NeowsBlessing","Juzu Bracelet","Blood Vial","Golden Idol","Dream Catcher","Cursed Key"],"potions_floor_usage":[5,6,16],"damage_taken":[{"damage":0,"enemies":"Cultist","floor":1,"turns":1},{"damage":0,"enemies":"Small Slimes","floor":2,"turns":1},{"damage":0,"enemies":"Jaw Worm","floor":4,"turns":1},{"damage":0,"enemies":"Exordium Wildlife","floor":5,"turns":2},{"damage":29,"enemies":"3 Sentries","floor":6,"turns":14},{"damage":48,"enemies":"Gremlin Nob","floor":12,"turns":5},{"damage":39,"enemies":"Slime Boss","floor":16,"turns":9},{"damage":13,"enemies":"2 Thieves","floor":18,"turns":5},{"damage":54,"enemies":"Colosseum Slavers","floor":19,"turns":5}],"seed_played":"1186006362259526013","potions_obtained":[{"floor":1,"key":"Fire Potion"},{"floor":2,"key":"Block Potion"},{"floor":12,"key":"Fire Potion"},{"floor":18,"key":"Ancient Potion"}],"is_trial":false,"path_per_floor":["M","M","$","M","M","E","?","R","T","?","R","E","R","$","R","B",null,"M","?"],"character_chosen":"THE_SILENT","items_purchased":["Well Laid Plans","Escape Plan"],"campfire_rested":3,"item_purchase_floors":[3,14],"current_hp_per_floor":[59,59,59,59,59,30,30,30,30,30,48,2,20,20,38,1,45,34,0],"gold":149,"neow_bonus":"THREE_ENEMY_KILL","is_prod":false,"is_daily":false,"chose_seed":false,"campfire_upgraded":1,"win_rate":0,"timestamp":1551742817,"path_taken":["M","M","$","?","M","E","?","R","T","?","R","E","R","$","R","BOSS","M","?"],"build_version":"2019-01-23","purchased_purges":1,"victory":false,"max_hp_per_floor":[66,66,66,66,66,66,66,66,66,60,60,60,60,60,60,60,60,60,60],"card_choices":[{"not_picked":["Backstab","Reflex"],"picked":"Skewer","floor":1},{"not_picked":["Choke","Flechettes"],"picked":"Bouncing Flask","floor":2},{"not_picked":["Flechettes","Flying Knee","Sucker Punch"],"picked":"SKIP","floor":4},{"not_picked":["Choke","Infinite Blades","Poisoned Stab"],"picked":"SKIP","floor":5},{"not_picked":["Dagger Throw","Deflect"],"picked":"Dagger Spray","floor":6},{"not_picked":["Noxious Fumes","Backflip"],"picked":"Crippling Poison","floor":12},{"not_picked":["Dodge and Roll","Flying Knee"],"picked":"Catalyst","floor":13},{"not_picked":["Dagger Spray","Blade Dance"],"picked":"Masterful Stab","floor":15},{"not_picked":["A Thousand Cuts","Adrenaline"],"picked":"Malaise","floor":16},{"not_picked":["Tactician+1","Slice","Deflect"],"picked":"SKIP","floor":18}],"player_experience":623911,"relics_obtained":[{"floor":6,"key":"Juzu Bracelet"},{"floor":9,"key":"Blood Vial"},{"floor":12,"key":"Dream Catcher"}],"event_choices":[{"cards_removed":["Strike_G"],"damage_healed":0,"gold_gain":0,"player_choice":"Card Removal","damage_taken":0,"max_hp_gain":0,"max_hp_loss":0,"event_name":"Wheel of Change","floor":7,"gold_loss":0},{"damage_healed":0,"gold_gain":0,"player_choice":"Lose Max HP","damage_taken":0,"relics_obtained":["Golden Idol"],"max_hp_gain":0,"max_hp_loss":6,"event_name":"Golden Idol","floor":10,"gold_loss":0},{"damage_healed":0,"gold_gain":0,"player_choice":"Fight","damage_taken":0,"max_hp_gain":0,"max_hp_loss":0,"event_name":"Colosseum","floor":19,"gold_loss":0}],"is_beta":false,"boss_relics":[{"not_picked":["Empty Cage","Snecko Eye"],"picked":"Cursed Key"}],"items_purged_floors":[3],"is_endless":false,"potions_floor_spawned":[1,2,12,18],"killed_by":"Colosseum Slavers","ascension_level":19}