{"gold_per_floor":[109,128,142,159,169,169,19,19,87,87,87,87,87,107,107,107],"floor_reached":16,"playtime":591,"items_purged":["Strike_R"],"score":154,"play_id":"53b0bba7-4911-4e6a-8242-1541c9b15255","local_time":"20180923165957","is_ascension_mode":true,"campfire_choices":[{"data":"Hemokinesis","floor":6,"key":"SMITH"},{"data":"Shrug It Off","floor":8,"key":"SMITH"},{"data":"Bash","floor":11,"key":"SMITH"},{"data":"Burning Pact","floor":13,"key":"SMITH"},{"data":"Shrug It Off","floor":15,"key":"SMITH"}],"neow_cost":"PERCENT_DAMAGE","seed_source_timestamp":1779317098541,"circlet_count":0,"master_deck":["Strike_R","Strike_R","Strike_R","Strike_R","Defend_R","Defend_R","Defend_R","Defend_R","Bash+1","Shrug It Off+1","Hemokinesis+1","Shrug It Off+1","Burning Pact+1","Metallicize","Shrug It Off+1"],"relics":["Burning Blood","Question Card"],"potions_floor_usage":[5,14],"damage_taken":[{"damage":6,"enemies":"Cultist","floor":1,"turns":5},{"damage":10,"enemies":"Small Slimes","floor":2,"turns":4},{"damage":4,"enemies":"2 Louse","floor":3,"turns":4},{"damage":17,"enemies":"Looter","floor":4,"turns":3},{"damage":34,"enemies":"Exordium Wildlife","floor":5,"turns":7},{"damage":9,"enemies":"Gremlin Gang","floor":14,"turns":8},{"damage":37,"enemies":"Hexaghost","floor":16,"turns":9}],"seed_played":"7546939760093858242","potions_obtained":[{"floor":1,"key":"Ancient Potion"},{"floor":3,"key":"Regen Potion"}],"is_trial":false,"path_per_floor":["M","M","M","M","M","R","$","R","T","?","R","?","R","M","R"],"character_chosen":"IRONCLAD","items_purchased":["Metallicize"],"campfire_rested":0,"item_purchase_floors":[7],"current_hp_per_floor":[64,60,62,51,38,38,38,38,38,38,38,38,38,35,35,0],"gold":107,"neow_bonus":"TWENTY_PERCENT_HP_BONUS","is_prod":false,"is_daily":false,"chose_seed":false,"campfire_upgraded":5,"win_rate":0,"timestamp":1537736397,"path_taken":["M","M","M","M","M","R","?","R","T","?","R","?","R","?","R","BOSS"],"build_version":"2018-09-20","purchased_purges":1,"victory":false,"max_hp_per_floor":[96,96,96,96,96,96,96,96,96,96,96,96,96,96,96,96],"card_choices":[{"not_picked":["Evolve","Body Slam","Corruption"],"picked":"SKIP","floor":1},{"not_picked":["Sentinel","Battle Trance"],"picked":"Shrug It Off","floor":2},{"not_picked":["Clash","Sword Boomerang"],"picked":"Hemokinesis","floor":3},{"not_picked":["Thunderclap","Blood for Blood"],"picked":"Shrug It Off","floor":4},{"not_picked":["Armaments","Combust"],"picked":"Burning Pact","floor":5},{"not_picked":["Twin Strike","Blood for Blood","Infernal Blade"],"picked":"Shrug It Off","floor":14}],"player_experience":582793,"relics_obtained":[{"floor":9,"key":"Question Card"}],"event_choices":[{"event_name":"Living Wall","player_choice":"Grow","floor":10,"damage_taken":0},{"event_name":"Liars Game","player_choice":"disagreed","floor":12,"damage_taken":0}],"is_beta":false,"boss_relics":[],"items_purged_floors":[7],"is_endless":false,"potions_floor_spawned":[1,3],"killed_by":"Hexaghost","ascension_level":8}