{"gold_per_floor":[118,135,135,154,154,154,181,181,262,282,303,324,337,163,163,292,292,232,232,232,155,155,155,155,155,155,155,155,155,155,155,155,155,155,155,155,31,31,31,31,31,31,31,31,31,31,31,31,31,31],"floor_reached":51,"playtime":2524,"items_purged":["Injury"],"score":855,"play_id":"8928b94a-db30-49fa-b978-2ea4e1f8844b","local_time":"20180804002928","is_ascension_mode":true,"campfire_choices":[{"data":"Heavy Blade","floor":6,"key":"SMITH"},{"data":"Spot Weakness","floor":8,"key":"SMITH"},{"data":"Inflame","floor":15,"key":"SMITH"},{"floor":23,"key":"REST"},{"floor":28,"key":"REST"},{"data":"Whirlwind","floor":30,"key":"SMITH"},{"data":"Metallicize","floor":32,"key":"SMITH"},{"data":"Bash","floor":40,"key":"SMITH"},{"data":"Heavy Blade","floor":42,"key":"SMITH"},{"data":"Headbutt","floor":46,"key":"SMITH"},{"floor":49,"key":"REST"}],"neow_cost":"","seed_source_timestamp":379697423656847,"circlet_count":0,"master_deck":["Strike_R+1","Strike_R","Strike_R","Strike_R","Strike_R","Defend_R+1","Defend_R","Defend_R+1","Defend_R","Bash+1","Cleave+1","Heavy Blade+1","Spot Weakness+1","Shockwave+1","Flex+1","Inflame+1","Flex+1","Infernal Blade+1","J.A.X.+1","Shrug It Off+1","Seeing Red+1","Whirlwind+1","Metallicize+1","Limit Break+1","Flex+1","Inflame+1","Armaments+1","Shrug It Off+1","Heavy Blade+1","Headbutt+1","Seeing Red+1","Power Through+1","Bloodletting+1"],"relics":["Burning Blood","Bloody Idol","Regal Pillow","Toxic Egg 2","Ectoplasm","Ice Cream","Shuriken","War Paint","Velvet Choker","Dream Catcher","Unceasing Top","Ancient Tea Set"],"potions_floor_usage":[10,16,29,29,33,36,39,39,44,50,50,50],"damage_taken":[{"damage":9,"enemies":"2 Louse","floor":1,"turns":3},{"damage":5,"enemies":"Small Slimes","floor":2,"turns":4},{"damage":2,"enemies":"Jaw Worm","floor":4,"turns":4},{"damage":4,"enemies":"3 Louse","floor":10,"turns":3},{"damage":11,"enemies":"Blue Slaver","floor":11,"turns":3},{"damage":15,"enemies":"Red Slaver","floor":12,"turns":4},{"damage":5,"enemies":"2 Fungi Beasts","floor":13,"turns":3},{"damage":24,"enemies":"The Guardian","floor":16,"turns":5},{"damage":29,"enemies":"2 Thieves","floor":18,"turns":3},{"damage":15,"enemies":"3 Byrds","floor":20,"turns":4},{"damage":26,"enemies":"Cultist and Chosen","floor":22,"turns":6},{"damage":23,"enemies":"Book of Stabbing","floor":24,"turns":3},{"damage":22,"enemies":"Slaver and Parasite","floor":25,"turns":3},{"damage":21,"enemies":"Snake Plant","floor":27,"turns":3},{"damage":6,"enemies":"Centurion and Healer","floor":29,"turns":3},{"damage":57,"enemies":"Champ","floor":33,"turns":7},{"damage":13,"enemies":"Orb Walker","floor":35,"turns":4},{"damage":13,"enemies":"Flame Bruiser 1 Orb","floor":36,"turns":4},{"damage":9,"enemies":"Sphere and 2 Shapes","floor":38,"turns":3},{"damage":14,"enemies":"Flame Bruiser 2 Orb","floor":39,"turns":4},{"damage":3,"enemies":"Maw","floor":41,"turns":5},{"damage":7,"enemies":"3 Darklings","floor":44,"turns":3},{"damage":9,"enemies":"Nemesis","floor":45,"turns":5},{"damage":16,"enemies":"Flame Bruiser 2 Orb","floor":47,"turns":4},{"damage":23,"enemies":"2 Orb Walkers","floor":48,"turns":4},{"damage":47,"enemies":"Awakened One","floor":50,"turns":7}],"seed_played":"4479487924515797417","potions_obtained":[{"floor":1,"key":"Block Potion"},{"floor":2,"key":"PowerPotion"},{"floor":25,"key":"Block Potion"},{"floor":27,"key":"Fire Potion"},{"floor":29,"key":"GamblersBrew"},{"floor":33,"key":"Poison Potion"},{"floor":36,"key":"SteroidPotion"},{"floor":38,"key":"LiquidBronze"},{"floor":39,"key":"Weak Potion"},{"floor":45,"key":"Weak Potion"},{"floor":48,"key":"BloodPotion"}],"is_trial":false,"path_per_floor":["M","M","?","M","?","R","T","R","T","M","M","M","M","$","R","B",null,"M","T","M","?","M","R","E","M","T","M","R","M","R","?","R","B",null,"M","M","$","M","M","R","M","R","T","M","E","R","M","E","R","B"],"character_chosen":"IRONCLAD","items_purchased":["Flex+1","Inflame","BloodPotion","Armaments+1"],"campfire_rested":3,"item_purchase_floors":[14,14,37,37],"current_hp_per_floor":[77,78,62,66,66,66,66,66,66,68,63,54,55,55,55,37,80,57,57,48,48,28,67,50,34,34,19,58,58,58,58,58,7,80,73,66,66,63,63,63,66,66,66,65,62,62,52,35,74,41],"gold":31,"neow_bonus":"","is_prod":false,"is_daily":false,"chose_seed":false,"campfire_upgraded":8,"win_rate":0,"timestamp":1533331768,"path_taken":["M","M","?","M","?","R","?","R","T","M","M","M","M","$","R","BOSS","M","?","M","?","M","R","E","M","T","M","R","?","R","?","R","BOSS","M","?","$","M","?","R","?","R","T","M","E","R","M","E","R","BOSS"],"build_version":"2018-08-02","purchased_purges":1,"victory":true,"max_hp_per_floor":[80,80,80,80,80,80,80,80,80,80,80,80,80,80,80,80,80,80,80,80,80,80,80,80,80,80,80,80,80,80,80,80,80,80,80,80,80,80,80,80,80,80,80,80,80,80,80,80,80,80],"card_choices":[{"not_picked":["Burning Pact","Perfected Strike"],"picked":"Cleave","floor":1},{"not_picked":["Clothesline","Wild Strike"],"picked":"Heavy Blade","floor":2},{"not_picked":["Seeing Red","Pommel Strike"],"picked":"Spot Weakness","floor":4},{"not_picked":["Warcry+1","Wild Strike","Sentinel+1"],"picked":"SKIP","floor":10},{"not_picked":["Thunderclap","Anger"],"picked":"Shockwave+1","floor":11},{"not_picked":["Wild Strike","Iron Wave","Thunderclap"],"picked":"SKIP","floor":12},{"not_picked":["Iron Wave","Shockwave+1","Rupture"],"picked":"SKIP","floor":13},{"not_picked":["Twin Strike","Reckless Charge"],"picked":"Flex+1","floor":18},{"not_picked":["Pommel Strike","Sentinel+1"],"picked":"Infernal Blade+1","floor":20},{"not_picked":["Feel No Pain","Warcry+1"],"picked":"Shrug It Off+1","floor":22},{"not_picked":["Rampage","Clash","Sever Soul+1"],"picked":"SKIP","floor":24},{"not_picked":["Bloodletting+1","Clothesline"],"picked":"Seeing Red+1","floor":25},{"not_picked":["Combust+1","Pommel Strike"],"picked":"Whirlwind","floor":27},{"not_picked":["Second Wind+1","Feel No Pain"],"picked":"Metallicize","floor":29},{"not_picked":["Demon Form","Berserk"],"picked":"Limit Break+1","floor":33},{"not_picked":["Anger","Feel No Pain"],"picked":"Flex+1","floor":35},{"not_picked":["Metallicize+1","Body Slam"],"picked":"Inflame+1","floor":36},{"not_picked":["Second Wind+1","Havoc+1","Perfected Strike"],"picked":"SKIP","floor":38},{"not_picked":["Second Wind+1","Fire Breathing"],"picked":"Shrug It Off+1","floor":39},{"not_picked":["Thunderclap+1","Rage+1"],"picked":"Heavy Blade","floor":41},{"not_picked":["Twin Strike+1","Armaments+1"],"picked":"Headbutt","floor":44},{"not_picked":["Exhume+1","Warcry+1"],"picked":"Seeing Red+1","floor":45},{"not_picked":["Pommel Strike","Headbutt"],"picked":"Power Through+1","floor":47},{"not_picked":["Twin Strike","Clash+1"],"picked":"Bloodletting+1","floor":48}],"player_experience":168976,"relics_obtained":[{"floor":7,"key":"Regal Pillow"},{"floor":9,"key":"Toxic Egg 2"},{"floor":19,"key":"Ice Cream"},{"floor":24,"key":"Shuriken"},{"floor":26,"key":"War Paint"},{"floor":43,"key":"Dream Catcher"},{"floor":45,"key":"Unceasing Top"},{"floor":48,"key":"Ancient Tea Set"}],"event_choices":[{"event_name":"Shining Light","player_choice":"Entered Light","floor":3,"damage_taken":0},{"event_name":"Golden Idol","player_choice":"Take Wound","floor":5,"damage_taken":0},{"event_name":"Drug Dealer","player_choice":"Got JAXXED","floor":21,"damage_taken":0},{"event_name":"Forgotten Altar","player_choice":"Gave Idol","floor":31,"damage_taken":0}],"is_beta":false,"boss_relics":[{"not_picked":["Lizard Tail","Calling Bell"],"picked":"Ectoplasm"},{"not_picked":["Sozu","Mark of Pain"],"picked":"Velvet Choker"}],"items_purged_floors":[14],"is_endless":false,"potions_floor_spawned":[1,2,25,27,29,33,36,38,39,45,48],"ascension_level":3}