{"gold_per_floor":[115,127,139,45,65,65,99,99,99,99,115,148,148,175,175,279,279,293,308,318,65,80,80,108,108,108,108],"floor_reached":27,"playtime":3026,"items_purged":["Strike_R"],"score":320,"play_id":"79b146ad-f566-47ea-98b3-cbfbe0a0d1d7","local_time":"20190306055500","is_ascension_mode":true,"campfire_choices":[{"data":"Armaments","floor":6,"key":"SMITH"},{"data":"Hemokinesis","floor":8,"key":"SMITH"},{"data":"Clothesline","floor":10,"key":"SMITH"},{"data":"True Grit","floor":15,"key":"SMITH"},{"data":"Shrug It Off","floor":23,"key":"SMITH"}],"neow_cost":"NONE","seed_source_timestamp":68615521994529,"circlet_count":0,"master_deck":["Strike_R","Strike_R","Strike_R","Strike_R","Defend_R","Defend_R","Defend_R","Defend_R","Bash","Anger","Hemokinesis+1","Infernal Blade","Clothesline+1","True Grit+1","Armaments+1","Spot Weakness","Bloodletting","Battle Trance","Power Through","Fiend Fire","Shrug It Off+1","Metallicize+1","Disarm","Ghostly Armor+1","Battle Trance"],"relics":["Burning Blood","Incense Burner","Bird Faced Urn","Magic Flower","Lantern","Mark of Pain","Dodecahedron","Art of War"],"potions_floor_usage":[13,19,22],"damage_taken":[{"damage":8,"enemies":"Jaw Worm","floor":1,"turns":5},{"damage":4,"enemies":"Small Slimes","floor":2,"turns":4},{"damage":4,"enemies":"Cultist","floor":3,"turns":3},{"damage":13,"enemies":"3 Louse","floor":5,"turns":4},{"damage":33,"enemies":"Lagavulin","floor":7,"turns":5},{"damage":2,"enemies":"Exordium Wildlife","floor":11,"turns":4},{"damage":17,"enemies":"3 Sentries","floor":12,"turns":7},{"damage":3,"enemies":"Lagavulin Event","floor":13,"turns":3},{"damage":4,"enemies":"Lagavulin","floor":14,"turns":7},{"damage":22,"enemies":"Hexaghost","floor":16,"turns":12},{"damage":15,"enemies":"3 Byrds","floor":18,"turns":6},{"damage":5,"enemies":"Chosen","floor":19,"turns":5},{"damage":21,"enemies":"Shelled Parasite and Fungi","floor":20,"turns":6},{"damage":2,"enemies":"Snake Plant","floor":22,"turns":6},{"damage":26,"enemies":"Slavers","floor":24,"turns":11},{"damage":0,"enemies":"Sentry and Sphere","floor":27,"turns":2}],"seed_played":"-2112867478518053422","potions_obtained":[{"floor":0,"key":"FairyPotion"},{"floor":0,"key":"SneckoOil"},{"floor":0,"key":"BloodPotion"},{"floor":2,"key":"SmokeBomb"},{"floor":7,"key":"Dexterity Potion"},{"floor":11,"key":"SteroidPotion"}],"is_trial":false,"path_per_floor":["M","M","M","$","M","R","E","R","T","R","M","E","?","E","R","B",null,"M","M","M","$","M","R","E","?","T","M"],"character_chosen":"IRONCLAD","items_purchased":["Clothesline","True Grit","Disarm","Dexterity Potion","Swift Potion"],"campfire_rested":0,"item_purchase_floors":[4,4,21,21,21],"current_hp_per_floor":[78,80,80,80,73,73,46,46,46,46,50,39,45,50,50,37,80,74,78,69,69,79,79,65,65,65,65],"gold":108,"neow_bonus":"THREE_SMALL_POTIONS","is_prod":false,"is_daily":false,"chose_seed":false,"campfire_upgraded":5,"win_rate":0,"timestamp":1551844500,"path_taken":["M","M","M","$","M","R","E","R","T","R","M","E","?","E","R","BOSS","M","M","M","$","M","R","E","?","T","M"],"build_version":"2019-01-23","purchased_purges":1,"victory":false,"max_hp_per_floor":[80,80,80,80,80,80,80,80,80,80,80,80,80,80,80,80,80,80,80,80,80,80,80,80,80,80,80],"card_choices":[{"not_picked":["Thunderclap","Body Slam"],"picked":"Anger","floor":1},{"not_picked":["Intimidate","Feel No Pain"],"picked":"Hemokinesis","floor":2},{"not_picked":["Evolve","Perfected Strike"],"picked":"Infernal Blade","floor":3},{"not_picked":["Hemokinesis","Flex"],"picked":"Armaments","floor":5},{"not_picked":["Thunderclap","Flex"],"picked":"Spot Weakness","floor":7},{"not_picked":["Sword Boomerang","Flex"],"picked":"Bloodletting","floor":11},{"not_picked":["Double Tap","Hemokinesis"],"picked":"Battle Trance","floor":12},{"not_picked":["Reckless Charge","Rampage"],"picked":"Power Through","floor":14},{"not_picked":["Reaper","Impervious"],"picked":"Fiend Fire","floor":16},{"not_picked":["True Grit","Anger"],"picked":"Shrug It Off","floor":18},{"not_picked":["Pummel","True Grit"],"picked":"Metallicize+1","floor":19},{"not_picked":["Twin Strike","Armaments+1","Anger"],"picked":"SKIP","floor":20},{"not_picked":["Pummel+1","True Grit"],"picked":"Ghostly Armor+1","floor":22},{"not_picked":["Iron Wave","Rampage"],"picked":"Battle Trance","floor":24}],"player_experience":669002,"relics_obtained":[{"floor":7,"key":"Incense Burner"},{"floor":9,"key":"Bird Faced Urn"},{"floor":12,"key":"Magic Flower"},{"floor":14,"key":"Lantern"},{"floor":24,"key":"Dodecahedron"},{"floor":26,"key":"Art of War"}],"event_choices":[{"damage_healed":0,"gold_gain":0,"player_choice":"Searched \u00271\u0027 times","damage_taken":0,"max_hp_gain":0,"max_hp_loss":0,"event_name":"Dead Adventurer","floor":13,"gold_loss":0},{"damage_healed":0,"gold_gain":0,"player_choice":"Ignored","damage_taken":0,"max_hp_gain":0,"max_hp_loss":0,"event_name":"Vampires","floor":25,"gold_loss":0}],"is_beta":false,"boss_relics":[{"not_picked":["Philosopher\u0027s Stone","White Beast Statue"],"picked":"Mark of Pain"}],"items_purged_floors":[21],"is_endless":false,"potions_floor_spawned":[2,7,11,12],"killed_by":"Sentry and Sphere","ascension_level":3}