{"gold_per_floor":[109,109,129,129,147,147,158,192,215,235,251,251,27,53,53,155,155,175,175,185,200,215,215,6,22,22,22,52,52,79,91,91,91],"floor_reached":33,"playtime":2870,"items_purged":["Strike_G"],"score":332,"play_id":"8a885d73-90e6-45cf-9bcc-2ec5cb8b0f07","local_time":"20181115001720","is_ascension_mode":true,"campfire_choices":[{"data":"Neutralize","floor":6,"key":"SMITH"},{"floor":12,"key":"REST"},{"floor":15,"key":"REST"},{"data":"Caltrops","floor":23,"key":"SMITH"},{"floor":27,"key":"REST"},{"floor":29,"key":"REST"},{"floor":32,"key":"REST"}],"neow_cost":"NONE","seed_source_timestamp":128114422005196,"circlet_count":0,"master_deck":["Defend_G","Defend_G","Defend_G","Defend_G","Defend_G","Strike_G+1","Strike_G+1","Survivor","Neutralize+1","Backstab","Quick Slash","Dagger Spray","Deflect","Well Laid Plans","Dodge and Roll","Caltrops+1","Deflect","Dagger Throw","Adrenaline","Tactician","Bouncing Flask","Backflip+1","Dagger Spray+1","Flying Knee+1","Slice","A Thousand Cuts","Skewer"],"relics":["Ring of the Snake","Boot","Potion Belt","Happy Flower","Empty Cage","Oddly Smooth Stone","Mummified Hand","PreservedInsect","Bottled Tornado"],"potions_floor_usage":[28,28,28,30,33,33],"damage_taken":[{"damage":0,"enemies":"Jaw Worm","floor":1,"turns":5},{"damage":0,"enemies":"2 Louse","floor":3,"turns":2},{"damage":0,"enemies":"Cultist","floor":5,"turns":2},{"damage":1,"enemies":"Red Slaver","floor":7,"turns":3},{"damage":38,"enemies":"Lagavulin","floor":8,"turns":9},{"damage":9,"enemies":"Large Slime","floor":10,"turns":4},{"damage":0,"enemies":"Gremlin Gang","floor":11,"turns":3},{"damage":18,"enemies":"The Guardian","floor":16,"turns":12},{"damage":2,"enemies":"Shell Parasite","floor":18,"turns":5},{"damage":20,"enemies":"2 Thieves","floor":20,"turns":5},{"damage":9,"enemies":"Centurion and Healer","floor":21,"turns":8},{"damage":27,"enemies":"Cultist and Chosen","floor":22,"turns":7},{"damage":11,"enemies":"Shelled Parasite and Fungi","floor":25,"turns":5},{"damage":5,"enemies":"Gremlin Leader","floor":28,"turns":6},{"damage":19,"enemies":"Book of Stabbing","floor":30,"turns":4},{"damage":9,"enemies":"Sentry and Sphere","floor":31,"turns":5},{"damage":50,"enemies":"Champ","floor":33,"turns":15}],"seed_played":"-3741717941753078093","potions_obtained":[{"floor":5,"key":"GhostInAJar"},{"floor":10,"key":"Weak Potion"},{"floor":16,"key":"Poison Potion"},{"floor":18,"key":"EssenceOfSteel"},{"floor":25,"key":"Poison Potion"},{"floor":31,"key":"Weak Potion"}],"is_trial":false,"path_per_floor":["M","?","M","?","M","R","M","E","T","M","M","R","$","T","R","B",null,"M","?","M","M","M","R","$","M","T","R","E","R","E","M","R","B"],"character_chosen":"THE_SILENT","items_purchased":["Caltrops","Deflect","Dagger Throw","Oddly Smooth Stone","Slice"],"campfire_rested":5,"item_purchase_floors":[13,13,13,24,24],"current_hp_per_floor":[77,62,62,62,62,62,61,23,23,14,14,37,37,37,60,42,77,75,75,55,46,19,19,19,8,8,31,26,49,30,21,44,0],"gold":91,"neow_bonus":"TEN_PERCENT_HP_BONUS","is_prod":false,"is_daily":false,"chose_seed":false,"campfire_upgraded":2,"win_rate":0,"timestamp":1542259040,"path_taken":["M","?","M","?","M","R","M","E","T","?","M","R","$","?","R","BOSS","M","?","?","M","M","R","?","?","T","R","E","R","E","M","R","BOSS"],"build_version":"2018-11-08","purchased_purges":1,"victory":false,"max_hp_per_floor":[77,77,77,77,77,77,77,77,77,77,77,77,77,77,77,77,77,77,77,77,77,77,77,77,77,77,77,77,77,77,77,77,77],"card_choices":[{"not_picked":["Dagger Spray","Backflip"],"picked":"Backstab","floor":1},{"not_picked":["Expertise","PiercingWail"],"picked":"Quick Slash","floor":3},{"not_picked":["Underhanded Strike","Infinite Blades"],"picked":"Dagger Spray","floor":5},{"not_picked":["Poisoned Stab","Bane"],"picked":"Deflect","floor":7},{"not_picked":["Sucker Punch","Poisoned Stab"],"picked":"Well Laid Plans","floor":8},{"not_picked":["Poisoned Stab","Catalyst"],"picked":"Dodge and Roll","floor":10},{"not_picked":["Bane","Night Terror","Outmaneuver"],"picked":"SKIP","floor":11},{"not_picked":["Tools of the Trade","Wraith Form v2"],"picked":"Adrenaline","floor":16},{"not_picked":["Dagger Throw","Deflect"],"picked":"Tactician","floor":18},{"not_picked":["Distraction","Deadly Poison"],"picked":"Backflip+1","floor":20},{"not_picked":["Bane","Acrobatics"],"picked":"Dagger Spray+1","floor":21},{"not_picked":["Deflect","Well Laid Plans"],"picked":"Flying Knee+1","floor":22},{"not_picked":["Outmaneuver+1","Quick Slash"],"picked":"A Thousand Cuts","floor":25},{"not_picked":["Dagger Throw+1","Accuracy"],"picked":"Skewer","floor":28},{"not_picked":["Tactician+1","Accuracy","Prepared"],"picked":"SKIP","floor":30},{"not_picked":["Masterful Stab","Poisoned Stab","Accuracy+1"],"picked":"SKIP","floor":31}],"player_experience":1123084,"relics_obtained":[{"floor":8,"key":"Boot"},{"floor":9,"key":"Potion Belt"},{"floor":14,"key":"Happy Flower"},{"floor":26,"key":"Mummified Hand"},{"floor":28,"key":"PreservedInsect"},{"floor":30,"key":"Bottled Tornado"}],"event_choices":[{"damage_healed":0,"gold_gain":0,"player_choice":"Entered Light","damage_taken":15,"max_hp_gain":0,"max_hp_loss":0,"event_name":"Shining Light","floor":2,"gold_loss":0,"cards_upgraded":["Strike_G","Strike_G"]},{"damage_healed":0,"gold_gain":0,"player_choice":"Bought 0 Potions","damage_taken":0,"max_hp_gain":0,"max_hp_loss":0,"event_name":"The Woman in Blue","floor":4,"gold_loss":0},{"damage_healed":0,"gold_gain":0,"player_choice":"1 cards matched","damage_taken":0,"max_hp_gain":0,"max_hp_loss":0,"event_name":"Match and Keep!","floor":19,"gold_loss":0,"cards_obtained":["Bouncing Flask"]}],"is_beta":false,"boss_relics":[{"not_picked":["HoveringKite","Calling Bell"],"picked":"Empty Cage"}],"items_purged_floors":[13],"is_endless":false,"potions_floor_spawned":[5,10,16,18,25,31],"killed_by":"Champ","ascension_level":3}