{"gold_per_floor":[110,125,135,7,7,7,37,37,37,37,37,53,68,83,83,181,181,194,293,312,326,241,241,256,256,310,310,310,310],"floor_reached":29,"playtime":1918,"items_purged":[],"score":225,"play_id":"b74966af-1d75-46d1-844f-8116183745f5","local_time":"20190302043218","is_ascension_mode":false,"campfire_choices":[{"data":"Go for the Eyes","floor":6,"key":"SMITH"},{"data":"Hologram","floor":8,"key":"SMITH"},{"data":"Rainbow","floor":10,"key":"SMITH"},{"data":"Capacitor","floor":15,"key":"SMITH"},{"data":"Echo Form","floor":23,"key":"SMITH"},{"data":"Capacitor","floor":25,"key":"SMITH"},{"data":"Steam","floor":27,"key":"SMITH"}],"neow_cost":"NONE","seed_source_timestamp":145783361905367,"circlet_count":0,"master_deck":["Strike_B","Strike_B","Strike_B","Defend_B","Defend_B","Defend_B","Defend_B","Zap+1","Dualcast","Go for the Eyes+1","Cold Snap","Doom and Gloom","Capacitor+1","Hologram+1","Rainbow+1","Compile Driver","Capacitor+1","Echo Form+1","BootSequence","Steam+1"],"relics":["Cracked Core","Mercury Hourglass","Bottled Lightning","Nuclear Battery","Bag of Preparation","Centennial Puzzle","Ancient Tea Set"],"potions_floor_usage":[],"damage_taken":[{"damage":0,"enemies":"2 Louse","floor":1,"turns":2},{"damage":8,"enemies":"Jaw Worm","floor":2,"turns":2},{"damage":0,"enemies":"Small Slimes","floor":3,"turns":3},{"damage":26,"enemies":"Gremlin Nob","floor":7,"turns":6},{"damage":4,"enemies":"Blue Slaver","floor":12,"turns":3},{"damage":0,"enemies":"2 Fungi Beasts","floor":13,"turns":3},{"damage":1,"enemies":"Exordium Wildlife","floor":14,"turns":2},{"damage":22,"enemies":"The Guardian","floor":16,"turns":9},{"damage":13,"enemies":"3 Byrds","floor":18,"turns":3},{"damage":18,"enemies":"Spheric Guardian","floor":20,"turns":4},{"damage":8,"enemies":"Centurion and Healer","floor":21,"turns":5},{"damage":0,"enemies":"Cultist and Chosen","floor":24,"turns":5},{"damage":40,"enemies":"Slavers","floor":29,"turns":3}],"seed_played":"-4502709179821229191","potions_obtained":[{"floor":1,"key":"GamblersBrew"},{"floor":2,"key":"LiquidBronze"},{"floor":7,"key":"EntropicBrew"},{"floor":12,"key":"Poison Potion"},{"floor":21,"key":"Fire Potion"}],"is_trial":false,"path_per_floor":["M","M","M","$","?","R","E","R","T","R","?","M","M","M","R","B",null,"M","?","M","M","?","R","M","R","T","R","T","E"],"character_chosen":"DEFECT","items_purchased":["Capacitor","Hologram"],"campfire_rested":0,"item_purchase_floors":[4,4],"current_hp_per_floor":[75,67,67,67,60,60,34,34,34,34,34,30,30,29,29,7,75,62,62,44,36,36,36,36,36,36,36,36,0],"gold":310,"neow_bonus":"UPGRADE_CARD","is_prod":false,"is_daily":false,"chose_seed":false,"campfire_upgraded":7,"win_rate":0,"timestamp":1551493938,"path_taken":["M","M","M","$","?","R","E","R","T","R","?","M","M","M","R","BOSS","M","?","M","M","?","R","M","R","T","R","?","E"],"build_version":"2019-01-23","purchased_purges":0,"victory":false,"max_hp_per_floor":[75,75,75,75,75,75,75,75,75,75,75,75,75,75,75,75,75,75,75,75,75,75,75,75,75,75,75,75,75],"card_choices":[{"not_picked":["Lockon","Leap"],"picked":"Go for the Eyes","floor":1},{"not_picked":["Beam Cell","Rip and Tear"],"picked":"Cold Snap","floor":2},{"not_picked":["Turbo","Lockon"],"picked":"Doom and Gloom","floor":3},{"not_picked":["Ball Lightning","Steam Power"],"picked":"Rainbow","floor":7},{"not_picked":["Turbo","Skim"],"picked":"Compile Driver","floor":12},{"not_picked":["FTL","Leap"],"picked":"Capacitor","floor":13},{"not_picked":["Streamline","Lockon","Cold Snap"],"picked":"SKIP","floor":14},{"not_picked":["Meteor Strike","Electrodynamics"],"picked":"Echo Form","floor":16},{"not_picked":["Chaos","Sunder","Lockon+1"],"picked":"SKIP","floor":18},{"not_picked":["Hologram","Go for the Eyes+1"],"picked":"BootSequence","floor":20},{"not_picked":["Chill+1","Cold Snap"],"picked":"Steam","floor":21},{"not_picked":["Steam","Rebound","Hologram+1"],"picked":"SKIP","floor":24}],"player_experience":565300,"relics_obtained":[{"floor":7,"key":"Mercury Hourglass"},{"floor":9,"key":"Bottled Lightning"},{"floor":26,"key":"Centennial Puzzle"},{"floor":28,"key":"Ancient Tea Set"}],"event_choices":[{"cards_removed":["Strike_B"],"damage_healed":0,"gold_gain":0,"player_choice":"Card Removal","damage_taken":7,"max_hp_gain":0,"max_hp_loss":0,"event_name":"Golden Wing","floor":5,"gold_loss":0},{"damage_healed":0,"gold_gain":0,"player_choice":"Leave","damage_taken":0,"max_hp_gain":0,"max_hp_loss":0,"event_name":"The Cleric","floor":11,"gold_loss":0},{"damage_healed":0,"gold_gain":99,"player_choice":"Stole From Cult","damage_taken":0,"max_hp_gain":0,"max_hp_loss":0,"event_name":"Nest","floor":19,"gold_loss":0},{"damage_healed":0,"gold_gain":0,"player_choice":"Obtained Relic","damage_taken":0,"relics_obtained":["Bag of Preparation"],"max_hp_gain":0,"max_hp_loss":0,"event_name":"Addict","floor":22,"gold_loss":85}],"is_beta":false,"boss_relics":[{"not_picked":["Lizard Tail","Busted Crown"],"picked":"Nuclear Battery"}],"items_purged_floors":[],"is_endless":false,"potions_floor_spawned":[1,2,7,12,21,24],"killed_by":"Slavers","ascension_level":0}