{"path_per_floor":["M","M","M","M","?","R","$","E","T","M","M","M","M","M","R","B",null,"M","M"],"character_chosen":"THE_SILENT","items_purchased":[],"gold_per_floor":[113,128,140,152,152,152,152,178,178,194,207,220,232,244,244,339,339,349,363,363],"floor_reached":20,"campfire_rested":1,"playtime":1354,"current_hp_per_floor":[62,58,56,50,50,50,50,9,9,9,6,5,5,17,38,33,61,36,20,0],"items_purged":[],"gold":363,"score":273,"play_id":"f3640d7d-653b-4630-afe8-f92c7dadfb80","local_time":"20180415223345","is_prod":false,"is_daily":false,"chose_seed":false,"is_ascension_mode":true,"campfire_upgraded":1,"timestamp":1523824425,"path_taken":["M","M","M","M","?","R","$","E","T","M","M","M","M","M","R","BOSS","M","M","M"],"build_version":"2018-04-12","seed_source_timestamp":311778836583407,"purchased_purges":0,"victory":false,"master_deck":["Defend_G","Defend_G","Defend_G","Defend_G","Defend_G","Strike_G","Strike_G","Strike_G","Survivor","Neutralize","AscendersBane","Deadly Poison","Dagger Spray","Distraction","Bane+1","Cloak And Dagger","Noxious Fumes","Tools of the Trade"],"max_hp_per_floor":[70,70,70,70,70,70,70,70,70,70,70,70,70,70,70,70,70,70,70,70],"relics":["Ring of the Snake","Snake Skull","Paper Crane","Velvet Choker"],"card_choices":[{"not_picked":["Dodge and Roll","Slice"],"picked":"Dagger Spray","floor":1},{"not_picked":["Outmaneuver","Bane"],"picked":"Distraction","floor":2},{"not_picked":["Acrobatics","Bullet Time"],"picked":"Bane","floor":3},{"not_picked":["Flechettes","Slice"],"picked":"Cloak And Dagger","floor":8},{"not_picked":["Outmaneuver","Dagger Throw"],"picked":"Noxious Fumes","floor":11},{"not_picked":["A Thousand Cuts","Tactician"],"picked":"Tools of the Trade","floor":16}],"player_experience":320517,"potions_floor_usage":[14,16],"damage_taken":[{"damage":1,"enemies":"Small Slimes","floor":1,"turns":4},{"damage":4,"enemies":"Cultist","floor":2,"turns":4},{"damage":2,"enemies":"Jaw Worm","floor":3,"turns":5},{"damage":6,"enemies":"Looter","floor":4,"turns":3},{"damage":41,"enemies":"Lagavulin","floor":8,"turns":7},{"damage":0,"enemies":"2 Fungi Beasts","floor":10,"turns":4},{"damage":3,"enemies":"Lots of Slimes","floor":11,"turns":5},{"damage":1,"enemies":"Exordium Wildlife","floor":12,"turns":4},{"damage":0,"enemies":"Looter","floor":13,"turns":3},{"damage":0,"enemies":"3 Louse","floor":14,"turns":4},{"damage":5,"enemies":"The Guardian","floor":16,"turns":8},{"damage":25,"enemies":"Spheric Guardian","floor":18,"turns":6},{"damage":16,"enemies":"Chosen","floor":19,"turns":6},{"damage":31,"enemies":"Slaver and Parasite","floor":20,"turns":2}],"event_choices":[{"event_name":"Purifier","player_choice":"One Purge","floor":5,"damage_taken":0}],"boss_relics":[{"not_picked":["Orrery","Lizard Tail"],"picked":"Velvet Choker"}],"potions_floor_spawned":[2,8,12,13],"seed_played":"8976397164183747902","killed_by":"Slaver and Parasite","ascension_level":10,"is_trial":false}