{"gold_per_floor":[116,126,126,143,68,68,80,115,157,169,200,212,251,273,285,399,411,442,454,161,179,30,30,30],"floor_reached":24,"playtime":4453,"items_purged":["Strike_B","Strike_B"],"score":258,"play_id":"86674618-c101-4459-b0c8-f38600bedf18","local_time":"20190222193042","is_ascension_mode":true,"campfire_choices":[{"data":"Hologram","floor":6,"key":"SMITH"},{"floor":15,"key":"REST"},{"floor":23,"key":"REST"}],"neow_cost":"NONE","seed_source_timestamp":161471210604558,"circlet_count":0,"master_deck":["Strike_B","Defend_B","Defend_B","Defend_B","Defend_B","Zap+1","Dualcast","Gash+1","Hologram","Fission","Hologram+1","Coolheaded","Loop","Loop","Ball Lightning","Go for the Eyes+1","Seek","Gash","Go for the Eyes+1"],"relics":["Cracked Core","MawBank","Tiny Chest","Blue Candle","Sozu","Whetstone","Oddly Smooth Stone"],"potions_floor_usage":[8,13,16],"damage_taken":[{"damage":0,"enemies":"2 Louse","floor":1,"turns":2},{"damage":0,"enemies":"Cultist","floor":2,"turns":3},{"damage":0,"enemies":"Small Slimes","floor":4,"turns":3},{"damage":0,"enemies":"3 Louse","floor":7,"turns":3},{"damage":35,"enemies":"Lagavulin","floor":8,"turns":7},{"damage":3,"enemies":"Blue Slaver","floor":11,"turns":3},{"damage":26,"enemies":"Gremlin Nob","floor":13,"turns":4},{"damage":13,"enemies":"Exordium Thugs","floor":14,"turns":4},{"damage":36,"enemies":"The Guardian","floor":16,"turns":11},{"damage":20,"enemies":"Spheric Guardian","floor":18,"turns":4},{"damage":29,"enemies":"2 Thieves","floor":21,"turns":4},{"damage":29,"enemies":"Gremlin Leader","floor":24,"turns":5}],"seed_played":"-7035286014488974793","potions_obtained":[{"floor":2,"key":"FairyPotion"},{"floor":4,"key":"GamblersBrew"},{"floor":7,"key":"Swift Potion"},{"floor":14,"key":"Poison Potion"}],"is_trial":false,"path_per_floor":["M","M","?","M","$","R","M","E","T","?","M","?","E","M","R","B",null,"M","?","$","M","$","R","E"],"character_chosen":"DEFECT","items_purchased":["Gash","Whetstone","Oddly Smooth Stone"],"campfire_rested":2,"item_purchase_floors":[20,20,22],"current_hp_per_floor":[75,75,75,75,75,75,75,40,40,40,37,62,36,23,45,9,59,39,25,25,5,5,29,0],"gold":30,"neow_bonus":"UPGRADE_CARD","is_prod":false,"is_daily":false,"chose_seed":false,"campfire_upgraded":1,"win_rate":0,"timestamp":1550881842,"path_taken":["M","M","?","M","?","R","M","E","T","?","M","?","E","M","R","BOSS","M","?","?","M","$","R","E"],"build_version":"2019-01-23","purchased_purges":2,"victory":false,"max_hp_per_floor":[75,75,75,75,75,75,75,75,75,75,75,75,75,75,75,75,75,75,80,80,80,80,80,80],"card_choices":[{"not_picked":["Barrage","Double Energy"],"picked":"Gash","floor":1},{"not_picked":["Conserve Battery","Turbo"],"picked":"Hologram","floor":2},{"not_picked":["Rip and Tear","Streamline"],"picked":"Hologram","floor":4},{"not_picked":["Cold Snap","Sweeping Beam"],"picked":"Coolheaded","floor":7},{"not_picked":["Barrage","Fission"],"picked":"Loop","floor":8},{"not_picked":["Scrape","Sweeping Beam"],"picked":"Loop","floor":11},{"not_picked":["Fusion","Barrage"],"picked":"Ball Lightning","floor":13},{"not_picked":["Conserve Battery","Hologram"],"picked":"Go for the Eyes","floor":14},{"not_picked":["Thunder Strike","Core Surge"],"picked":"Seek","floor":16},{"not_picked":["Aggregate+1","Turbo","Barrage"],"picked":"SKIP","floor":18},{"not_picked":["Turbo","Redo"],"picked":"Go for the Eyes+1","floor":21}],"player_experience":670977,"relics_obtained":[{"floor":8,"key":"MawBank"},{"floor":9,"key":"Tiny Chest"},{"floor":13,"key":"Blue Candle"}],"event_choices":[{"damage_healed":0,"gold_gain":0,"cards_transformed":["Strike_B"],"player_choice":"Transformed","damage_taken":0,"max_hp_gain":0,"max_hp_loss":0,"event_name":"Transmorgrifier","floor":3,"gold_loss":0,"cards_obtained":["Fission"]},{"damage_healed":0,"gold_gain":0,"player_choice":"Ignored","damage_taken":0,"max_hp_gain":0,"max_hp_loss":0,"event_name":"Shining Light","floor":10,"gold_loss":0},{"damage_healed":25,"gold_gain":0,"player_choice":"Banana","damage_taken":0,"max_hp_gain":0,"max_hp_loss":0,"event_name":"Big Fish","floor":12,"gold_loss":0},{"damage_healed":0,"gold_gain":0,"player_choice":"Shed Blood","damage_taken":19,"max_hp_gain":5,"max_hp_loss":0,"event_name":"Forgotten Altar","floor":19,"gold_loss":0}],"is_beta":false,"boss_relics":[{"not_picked":["Tiny House","Nuclear Battery"],"picked":"Sozu"}],"items_purged_floors":[5,20],"is_endless":false,"potions_floor_spawned":[2,4,7,14,21],"killed_by":"Gremlin Leader","ascension_level":5}