{"gold_per_floor":[114,131,131,144,45,45,71,83,106,135,145,165,165,177,177,280,280,300,300,315,335,335],"floor_reached":22,"playtime":3094,"items_purged":["Strike_R"],"score":225,"play_id":"8e459b17-7c5c-4307-8a3b-6189c5de0595","local_time":"20180708225432","is_ascension_mode":false,"campfire_choices":[{"data":"Seeing Red","floor":6,"key":"SMITH"},{"floor":13,"key":"REST"},{"data":"Blood for Blood","floor":15,"key":"SMITH"}],"neow_cost":"","seed_source_timestamp":101448265396464,"circlet_count":0,"master_deck":["Strike_R","Strike_R","Strike_R","Strike_R","Defend_R","Defend_R","Defend_R","Bash","Headbutt","Shrug It Off","Seeing Red+1","Clothesline","Inflame","Cleave","Combust","Headbutt","Inflame","Blood for Blood+1","Fire Breathing","Feed","Cleave+1","Ghostly","Ghostly","Ghostly","Ghostly","Ghostly","Metallicize","Twin Strike+1"],"relics":["Black Blood","Dream Catcher","Blood Vial","Bag of Preparation"],"potions_floor_usage":[16,16,16],"damage_taken":[{"damage":5,"enemies":"Cultist","floor":1,"turns":4},{"damage":6,"enemies":"Jaw Worm","floor":2,"turns":3},{"damage":10,"enemies":"2 Louse","floor":4,"turns":3},{"damage":22,"enemies":"3 Sentries","floor":7,"turns":9},{"damage":2,"enemies":"Looter","floor":8,"turns":2},{"damage":19,"enemies":"Gremlin Nob","floor":10,"turns":5},{"damage":8,"enemies":"Blue Slaver","floor":11,"turns":3},{"damage":13,"enemies":"Large Slime","floor":12,"turns":3},{"damage":5,"enemies":"Red Slaver","floor":14,"turns":2},{"damage":37,"enemies":"The Guardian","floor":16,"turns":8},{"damage":10,"enemies":"3 Byrds","floor":18,"turns":3},{"damage":23,"enemies":"Shell Parasite","floor":20,"turns":7},{"damage":27,"enemies":"3 Cultists","floor":21,"turns":5},{"damage":15,"enemies":"Snake Plant","floor":22,"turns":5}],"seed_played":"-8036436925760933961","potions_obtained":[{"floor":2,"key":"AttackPotion"},{"floor":4,"key":"Swift Potion"},{"floor":10,"key":"Ancient Potion"},{"floor":11,"key":"Regen Potion"},{"floor":12,"key":"Block Potion"},{"floor":21,"key":"Poison Potion"}],"is_trial":false,"path_per_floor":["M","M","?","M","$","R","E","M","T","E","M","M","R","M","R","B",null,"M","?","M","M"],"character_chosen":"IRONCLAD","items_purchased":["Clothesline"],"campfire_rested":1,"item_purchase_floors":[5],"current_hp_per_floor":[80,80,73,69,69,69,53,57,57,46,46,41,65,68,68,53,80,80,40,27,12,0],"gold":335,"neow_bonus":"","is_prod":false,"is_daily":false,"chose_seed":false,"campfire_upgraded":2,"win_rate":0.0,"timestamp":1531115672,"path_taken":["M","?","?","M","$","R","E","M","T","E","M","M","R","M","R","BOSS","M","?","M","M","M"],"build_version":"2018-07-05","purchased_purges":1,"victory":false,"max_hp_per_floor":[80,80,80,80,80,80,80,80,80,80,80,80,80,80,80,80,80,80,40,40,40,40],"card_choices":[{"not_picked":["Body Slam","Clothesline"],"picked":"Headbutt","floor":1},{"not_picked":["Burning Pact","Headbutt"],"picked":"Shrug It Off","floor":2},{"not_picked":["Body Slam","Thunderclap"],"picked":"Seeing Red","floor":4},{"not_picked":["Warcry","Pummel"],"picked":"Inflame","floor":7},{"not_picked":["Flex","Perfected Strike"],"picked":"Cleave","floor":8},{"not_picked":["Thunderclap","Barricade"],"picked":"Combust","floor":10},{"not_picked":["Body Slam","Shockwave"],"picked":"Headbutt","floor":11},{"not_picked":["Sword Boomerang","Power Through"],"picked":"Inflame","floor":12},{"not_picked":["Shrug It Off","Cleave"],"picked":"Blood for Blood","floor":13},{"not_picked":["Armaments","Warcry"],"picked":"Fire Breathing","floor":14},{"not_picked":["Bludgeon","Brutality"],"picked":"Feed","floor":16},{"not_picked":["Fire Breathing","True Grit"],"picked":"Cleave+1","floor":18},{"not_picked":["Armaments","Body Slam"],"picked":"Metallicize","floor":20},{"not_picked":["Thunderclap","Clothesline"],"picked":"Twin Strike+1","floor":21}],"player_experience":0,"relics_obtained":[{"floor":7,"key":"Dream Catcher"},{"floor":9,"key":"Blood Vial"},{"floor":10,"key":"Bag of Preparation"}],"event_choices":[{"event_name":"Golden Wing","player_choice":"Card Removal","floor":3,"damage_taken":0},{"event_name":"Ghosts","player_choice":"Became a Ghost","floor":19,"damage_taken":0}],"boss_relics":[{"not_picked":["Runic Dome","Mark of Pain"],"picked":"Black Blood"}],"items_purged_floors":[5],"is_endless":false,"potions_floor_spawned":[2,4,10,11,12,14,21],"killed_by":"Snake Plant","ascension_level":0}