{"gold_per_floor":[111,130,130,144,144,144,144,174,174,205,205,42,42,42,42,114,114,128,40,53,53,103,103,113,113,136,167,167,167,179,194,194,194],"floor_reached":33,"playtime":1353,"items_purged":[],"score":528,"play_id":"b29f51d9-061e-4f84-b19d-592a169be581","local_time":"20190302084033","is_ascension_mode":true,"campfire_choices":[{"data":"Zap","floor":6,"key":"SMITH"},{"floor":11,"key":"REST"},{"data":"Doom and Gloom","floor":13,"key":"SMITH"},{"floor":15,"key":"REST"},{"floor":23,"key":"REST"},{"floor":29,"key":"REST"},{"floor":32,"key":"REST"}],"neow_cost":"NONE","seed_source_timestamp":1328858555499736,"circlet_count":0,"master_deck":["AscendersBane","Strike_B+1","Strike_B+1","Defend_B+1","Defend_B+1","Defend_B+1","Defend_B+1","Zap+1","Dualcast","Conserve Battery","Coolheaded","Static Discharge","Doom and Gloom+1","All For One","Ball Lightning","Multi-Cast","Glacier","Defragment","Machine Learning","Capacitor","Cold Snap","Capacitor","Go for the Eyes"],"relics":["Cracked Core","Bronze Scales","Regal Pillow","PreservedInsect","Velvet Choker","MutagenicStrength","Pen Nib","Bag of Preparation"],"potions_floor_usage":[],"damage_taken":[{"damage":7,"enemies":"Small Slimes","floor":1,"turns":3},{"damage":0,"enemies":"2 Louse","floor":2,"turns":3},{"damage":0,"enemies":"Jaw Worm","floor":4,"turns":7},{"damage":21,"enemies":"Lagavulin","floor":8,"turns":5},{"damage":28,"enemies":"Gremlin Nob","floor":10,"turns":4},{"damage":33,"enemies":"Slime Boss","floor":16,"turns":8},{"damage":27,"enemies":"2 Thieves","floor":18,"turns":3},{"damage":6,"enemies":"Spheric Guardian","floor":20,"turns":4},{"damage":34,"enemies":"Colosseum Slavers","floor":21,"turns":3},{"damage":5,"enemies":"Chosen and Byrds","floor":24,"turns":6},{"damage":23,"enemies":"Gremlin Leader","floor":27,"turns":7},{"damage":0,"enemies":"Snecko","floor":30,"turns":5},{"damage":22,"enemies":"Snake Plant","floor":31,"turns":4},{"damage":78,"enemies":"Collector","floor":33,"turns":9}],"seed_played":"898046861807272085","potions_obtained":[{"floor":2,"key":"SpeedPotion"},{"floor":10,"key":"EssenceOfSteel"},{"floor":16,"key":"EssenceOfSteel"},{"floor":20,"key":"Weak Potion"}],"is_trial":false,"path_per_floor":["M","M","?","M","?","R","$","E","T","E","R","$","R","?","R","B",null,"M","$","M","?","?","R","M","?","T","E","?","R","M","M","R","B"],"character_chosen":"DEFECT","items_purchased":["PreservedInsect","Defragment"],"campfire_rested":5,"item_purchase_floors":[12,19],"current_hp_per_floor":[64,64,64,64,57,57,57,36,36,8,46,46,46,46,78,45,70,43,43,37,3,3,41,36,36,36,13,13,51,51,29,67,0],"gold":194,"neow_bonus":"TEN_PERCENT_HP_BONUS","is_prod":false,"is_daily":false,"chose_seed":false,"campfire_upgraded":2,"win_rate":0,"timestamp":1551537633,"path_taken":["M","M","?","M","?","R","$","E","T","E","R","?","R","?","R","BOSS","M","$","M","?","?","R","?","?","T","E","?","R","M","M","R","BOSS"],"build_version":"2019-01-23","purchased_purges":0,"victory":false,"max_hp_per_floor":[78,78,78,78,78,78,78,78,78,78,78,78,78,78,78,78,78,78,78,78,78,78,78,78,78,78,78,78,78,78,78,78,78],"card_choices":[{"not_picked":["Beam Cell","Hologram"],"picked":"Conserve Battery","floor":1},{"not_picked":["Double Energy","Beam Cell"],"picked":"Coolheaded","floor":2},{"not_picked":["Go for the Eyes","Compile Driver"],"picked":"Doom and Gloom","floor":4},{"not_picked":["Hello World","Compile Driver"],"picked":"All For One","floor":8},{"not_picked":["Steam","Coolheaded"],"picked":"Ball Lightning","floor":10},{"not_picked":["Seek","Thunder Strike"],"picked":"Multi-Cast","floor":16},{"not_picked":["Ball Lightning+1","Hologram"],"picked":"Glacier","floor":18},{"not_picked":["Redo","Hologram"],"picked":"Machine Learning","floor":20},{"not_picked":["Force Field","Aggregate"],"picked":"Capacitor","floor":24},{"not_picked":["Fusion+1","White Noise"],"picked":"Cold Snap","floor":27},{"not_picked":["Turbo+1","Steam"],"picked":"Capacitor","floor":30},{"not_picked":["Turbo","Recycle"],"picked":"Go for the Eyes","floor":31}],"player_experience":552304,"relics_obtained":[{"floor":8,"key":"Bronze Scales"},{"floor":10,"key":"Regal Pillow"},{"floor":26,"key":"Pen Nib"},{"floor":27,"key":"Bag of Preparation"}],"event_choices":[{"damage_healed":0,"gold_gain":0,"cards_transformed":["Strike_B"],"player_choice":"Change","damage_taken":0,"max_hp_gain":0,"max_hp_loss":0,"event_name":"Living Wall","floor":3,"gold_loss":0,"cards_obtained":["Static Discharge"]},{"cards_removed":["Strike_B"],"damage_healed":0,"gold_gain":0,"player_choice":"Card Removal","damage_taken":7,"max_hp_gain":0,"max_hp_loss":0,"event_name":"Golden Wing","floor":5,"gold_loss":0},{"damage_healed":0,"gold_gain":0,"player_choice":"Ignored","damage_taken":0,"max_hp_gain":0,"max_hp_loss":0,"event_name":"Golden Idol","floor":14,"gold_loss":0},{"damage_healed":0,"gold_gain":0,"player_choice":"Fight","damage_taken":0,"max_hp_gain":0,"max_hp_loss":0,"event_name":"Colosseum","floor":21,"gold_loss":0},{"damage_healed":0,"gold_gain":0,"player_choice":"Fled From Nobs","damage_taken":0,"max_hp_gain":0,"max_hp_loss":0,"event_name":"Colosseum","floor":21,"gold_loss":0},{"damage_healed":0,"gold_gain":50,"player_choice":"Pray","damage_taken":0,"max_hp_gain":0,"max_hp_loss":0,"event_name":"Golden Shrine","floor":22,"gold_loss":0},{"damage_healed":0,"gold_gain":0,"player_choice":"Inject Mutagens","damage_taken":0,"relics_obtained":["MutagenicStrength"],"max_hp_gain":0,"max_hp_loss":0,"event_name":"Drug Dealer","floor":25,"gold_loss":0},{"damage_healed":0,"gold_gain":0,"player_choice":"Simplicity","damage_taken":0,"max_hp_gain":0,"max_hp_loss":0,"event_name":"Back to Basics","floor":28,"gold_loss":0,"cards_upgraded":["Strike_B","Strike_B","Defend_B","Defend_B","Defend_B","Defend_B"]}],"is_beta":false,"boss_relics":[{"not_picked":["Inserter","White Beast Statue"],"picked":"Velvet Choker"}],"items_purged_floors":[],"is_endless":false,"potions_floor_spawned":[2,10,16,18,20,21],"killed_by":"Collector","ascension_level":19}