{"gold_per_floor":[112,122,122,142,162,205,205,279,306,306,31,102,102,126,126,126],"floor_reached":16,"playtime":656,"items_purged":[],"score":160,"play_id":"ac6eb8dd-1432-426c-ae22-7e9b54f4fd96","local_time":"20181007224541","is_ascension_mode":true,"campfire_choices":[{"data":"Dualcast","floor":7,"key":"SMITH"},{"floor":15,"key":"REST"}],"neow_cost":"NONE","seed_source_timestamp":268057468819913,"circlet_count":0,"master_deck":["Strike_B","Strike_B","Strike_B","Strike_B","Defend_B","Defend_B","Defend_B","Defend_B","Zap","Dualcast+1","Glacier","Beam Cell","Chill","Go for the Eyes","Skim","Hologram","Loop","Skim"],"relics":["Cracked Core","Vajra","Golden Idol","Juzu Bracelet","Tiny Chest","Boot","PrismaticShard","Singing Bowl"],"potions_floor_usage":[8,8,16,16],"damage_taken":[{"damage":7,"enemies":"Small Slimes","floor":1,"turns":3},{"damage":0,"enemies":"2 Louse","floor":2,"turns":3},{"damage":0,"enemies":"Cultist","floor":4,"turns":2},{"damage":1,"enemies":"2 Fungi Beasts","floor":5,"turns":4},{"damage":2,"enemies":"3 Sentries","floor":6,"turns":10},{"damage":20,"enemies":"Gremlin Nob","floor":8,"turns":4},{"damage":6,"enemies":"Looter","floor":14,"turns":3},{"damage":48,"enemies":"Slime Boss","floor":16,"turns":13}],"seed_played":"3802575776210758352","potions_obtained":[{"floor":1,"key":"Weak Potion"},{"floor":2,"key":"Strength Potion"},{"floor":6,"key":"AttackPotion"},{"floor":8,"key":"FearPotion"}],"is_trial":false,"path_per_floor":["M","M","?","M","M","E","R","E","T","?","$","T","?","M","R"],"character_chosen":"DEFECT","items_purchased":["PrismaticShard","Loop"],"campfire_rested":1,"item_purchase_floors":[11,11],"current_hp_per_floor":[61,61,61,61,60,58,58,38,38,38,38,38,31,25,45,0],"gold":126,"neow_bonus":"RANDOM_COMMON_RELIC","is_prod":false,"is_daily":false,"chose_seed":false,"campfire_upgraded":1,"win_rate":0,"timestamp":1538966741,"path_taken":["M","M","?","M","M","E","R","E","T","?","$","?","?","M","R","BOSS"],"build_version":"2018-10-04v2","purchased_purges":0,"victory":false,"max_hp_per_floor":[75,75,69,69,69,69,69,69,69,69,69,69,69,69,69,69],"card_choices":[{"not_picked":["Recycle","Reprogram"],"picked":"Glacier","floor":1},{"not_picked":["Rebound","Steam"],"picked":"Beam Cell","floor":2},{"not_picked":["Aggregate","Chaos"],"picked":"Chill","floor":4},{"not_picked":["Compile Driver","BootSequence"],"picked":"Go for the Eyes","floor":5},{"not_picked":["Stack","Storm"],"picked":"Skim","floor":6},{"not_picked":["Stack","Coolheaded"],"picked":"Hologram","floor":8},{"not_picked":["Leap","Go for the Eyes"],"picked":"Skim","floor":14}],"player_experience":657874,"relics_obtained":[{"floor":6,"key":"Juzu Bracelet"},{"floor":8,"key":"Tiny Chest"},{"floor":9,"key":"Boot"},{"floor":12,"key":"Singing Bowl"}],"event_choices":[{"event_name":"Golden Idol","player_choice":"Lose Max HP","floor":3,"damage_taken":0},{"event_name":"Wheel of Change","player_choice":"Curse","floor":10,"damage_taken":0},{"event_name":"Golden Wing","player_choice":"Card Removal","floor":13,"damage_taken":0}],"is_beta":false,"boss_relics":[],"items_purged_floors":[],"is_endless":false,"potions_floor_spawned":[1,2,6,8],"killed_by":"Slime Boss","ascension_level":9}