{"gold_per_floor":[113,132,144,164,164,164,199,199,199,199,216,216,226,259,259,362,362,379,389,389,399,399,399,433,433,460,472,484,516,167,178,178,274,274,293,311,311,311],"floor_reached":38,"playtime":3024,"items_purged":["Strike_B"],"score":621,"play_id":"8cacfd8f-36f4-4aff-bf39-fb31bdd923cc","local_time":"20181007205053","is_ascension_mode":true,"campfire_choices":[{"data":"Go for the Eyes","floor":6,"key":"SMITH"},{"floor":10,"key":"REST"},{"data":"Zap","floor":12,"key":"SMITH"},{"data":"Creative AI","floor":15,"key":"SMITH"},{"floor":23,"key":"REST"},{"data":"Redo","floor":32,"key":"SMITH"}],"neow_cost":"NONE","seed_source_timestamp":258798046788006,"circlet_count":0,"master_deck":["Strike_B","Strike_B","Strike_B","Defend_B","Defend_B","Defend_B","Defend_B","Zap+1","Dualcast","Go for the Eyes+1","Redo+1","Creative AI+1","Rip and Tear+1","Beam Cell","Undo","Conserve Battery","Coolheaded","Coolheaded","Seek","Coolheaded+1","Seek","Glacier","Redo+1","Glacier","Doom and Gloom","Glacier"],"relics":["Cracked Core","Bag of Preparation","Incense Burner","Ginger","Torii","Busted Crown","Emotion Chip","Orichalcum","Pantograph","Centennial Puzzle","Orrery"],"potions_floor_usage":[7,13,14,16,24,29,29,31,33,33],"damage_taken":[{"damage":4,"enemies":"Jaw Worm","floor":1,"turns":4},{"damage":1,"enemies":"2 Louse","floor":2,"turns":2},{"damage":0,"enemies":"Small Slimes","floor":3,"turns":2},{"damage":10,"enemies":"Red Slaver","floor":4,"turns":3},{"damage":35,"enemies":"3 Sentries","floor":7,"turns":6},{"damage":15,"enemies":"3 Louse","floor":11,"turns":2},{"damage":0,"enemies":"Looter","floor":13,"turns":1},{"damage":5,"enemies":"Gremlin Nob","floor":14,"turns":4},{"damage":5,"enemies":"Hexaghost","floor":16,"turns":9},{"damage":7,"enemies":"Spheric Guardian","floor":18,"turns":4},{"damage":1,"enemies":"Shell Parasite","floor":19,"turns":6},{"damage":17,"enemies":"3 Cultists","floor":21,"turns":6},{"damage":34,"enemies":"Slavers","floor":24,"turns":8},{"damage":1,"enemies":"Chosen and Byrds","floor":27,"turns":6},{"damage":1,"enemies":"Centurion and Healer","floor":28,"turns":10},{"damage":2,"enemies":"Book of Stabbing","floor":29,"turns":6},{"damage":11,"enemies":"Shelled Parasite and Fungi","floor":31,"turns":9},{"damage":12,"enemies":"Automaton","floor":33,"turns":13},{"damage":14,"enemies":"3 Shapes","floor":35,"turns":5},{"damage":8,"enemies":"Orb Walker","floor":36,"turns":3},{"damage":77,"enemies":"Awakened One","floor":38,"turns":38}],"seed_played":"5014906862970232115","potions_obtained":[{"floor":2,"key":"Energy Potion"},{"floor":11,"key":"Fire Potion"},{"floor":13,"key":"Block Potion"},{"floor":14,"key":"Strength Potion"},{"floor":18,"key":"FocusPotion"},{"floor":24,"key":"Dexterity Potion"},{"floor":27,"key":"Dexterity Potion"},{"floor":28,"key":"LiquidBronze"},{"floor":31,"key":"Fruit Juice"}],"is_trial":false,"path_per_floor":["M","M","M","M","?","R","E","?","T","R","M","R","M","E","R","B",null,"M","M","?","M","?","R","E","?","T","M","M","E","$","M","R","B",null,"M","M","?"],"character_chosen":"DEFECT","items_purchased":["Glacier","Centennial Puzzle","Dexterity Potion"],"campfire_rested":2,"item_purchase_floors":[30,30,30],"current_hp_per_floor":[64,63,63,53,53,53,18,18,18,40,25,25,25,20,20,15,60,53,52,38,21,21,45,11,37,37,36,35,33,33,27,27,40,74,60,52,52,0],"gold":311,"neow_bonus":"RANDOM_COMMON_RELIC","is_prod":false,"is_daily":false,"chose_seed":false,"campfire_upgraded":4,"win_rate":0,"timestamp":1538959853,"path_taken":["M","M","M","M","?","R","E","?","T","R","M","R","M","E","R","BOSS","M","M","?","M","?","R","E","?","T","M","M","E","$","?","R","BOSS","M","M","?","BOSS"],"build_version":"2018-10-04v2","purchased_purges":1,"victory":false,"max_hp_per_floor":[75,75,75,75,75,75,75,75,75,75,75,75,75,75,75,75,75,75,75,80,80,80,80,80,80,80,80,80,80,80,85,85,85,85,85,85,85,85],"card_choices":[{"not_picked":["Rebound","Stack"],"picked":"Go for the Eyes","floor":1},{"not_picked":["Leap","Sweeping Beam"],"picked":"Redo","floor":2},{"not_picked":["Go for the Eyes","Auto Shields"],"picked":"Creative AI","floor":3},{"not_picked":["Recycle","Beam Cell"],"picked":"Rip and Tear","floor":4},{"not_picked":["Reprogram","Cold Snap"],"picked":"Beam Cell","floor":7},{"not_picked":["Cold Snap","Go for the Eyes"],"picked":"Conserve Battery","floor":11},{"not_picked":["Cold Snap","Redo"],"picked":"Coolheaded","floor":13},{"not_picked":["Redo","Barrage"],"picked":"Coolheaded","floor":14},{"not_picked":["Meteor Strike","Biased Cognition"],"picked":"Seek","floor":16},{"not_picked":["Reprogram"],"picked":"SKIP","floor":18},{"not_picked":["Ball Lightning"],"picked":"SKIP","floor":19},{"not_picked":[],"picked":"Coolheaded+1","floor":21},{"not_picked":[],"picked":"Glacier","floor":24},{"not_picked":[],"picked":"Redo+1","floor":27},{"not_picked":["Compile Driver+1"],"picked":"SKIP","floor":28},{"not_picked":["FTL"],"picked":"SKIP","floor":29},{"not_picked":["Rip and Tear"],"picked":"SKIP","floor":31},{"not_picked":[],"picked":"Doom and Gloom","floor":34},{"not_picked":[],"picked":"Glacier","floor":34},{"not_picked":["Genetic Algorithm+1"],"picked":"SKIP","floor":35},{"not_picked":["Conserve Battery+1"],"picked":"SKIP","floor":36}],"player_experience":653589,"relics_obtained":[{"floor":7,"key":"Incense Burner"},{"floor":9,"key":"Ginger"},{"floor":14,"key":"Torii"},{"floor":24,"key":"Emotion Chip"},{"floor":26,"key":"Orichalcum"},{"floor":29,"key":"Pantograph"}],"event_choices":[{"event_name":"Living Wall","player_choice":"Grow","floor":5,"damage_taken":0},{"event_name":"Match and Keep!","player_choice":"1 cards matched","floor":8,"damage_taken":0},{"event_name":"Forgotten Altar","player_choice":"Shed Blood","floor":20,"damage_taken":0},{"event_name":"Duplicator","player_choice":"One dupe","floor":22,"damage_taken":0},{"event_name":"The Library","player_choice":"Heal","floor":25,"damage_taken":0},{"event_name":"SecretPortal","player_choice":"Took Portal.","floor":37,"damage_taken":0}],"is_beta":false,"boss_relics":[{"not_picked":["Coffee Dripper","FrozenCore"],"picked":"Busted Crown"},{"not_picked":["Cursed Key","White Beast Statue"],"picked":"Orrery"}],"items_purged_floors":[30],"is_endless":false,"potions_floor_spawned":[2,11,13,14,18,24,27,28,31],"killed_by":"Awakened One","ascension_level":9}