{"gold_per_floor":[117,117,131,131,141,172,172,189,213,227,227,245,257,334,334,435,435],"floor_reached":17,"playtime":986,"items_purged":[],"score":159,"play_id":"3acd1017-a374-48b5-8de0-3e0ce601b387","local_time":"20190219072941","is_ascension_mode":false,"campfire_choices":[{"floor":7,"key":"REST"},{"floor":11,"key":"REST"},{"floor":15,"key":"REST"}],"neow_cost":"NONE","seed_source_timestamp":20996663514837,"circlet_count":0,"master_deck":["Bash","Sword Boomerang","Shrug It Off","Armaments","Pommel Strike","Warcry","Clothesline","Havoc","Demon Form","Armaments","Metallicize","Uppercut","Heavy Blade","Havoc","Intimidate","Flame Barrier","Sword Boomerang","Inflame"],"relics":["Burning Blood","NeowsBlessing","Happy Flower","Red Skull","The Courier","Pandora\u0027s Box"],"potions_floor_usage":[],"damage_taken":[{"damage":0,"enemies":"2 Louse","floor":1,"turns":1},{"damage":0,"enemies":"Cultist","floor":3,"turns":1},{"damage":0,"enemies":"Jaw Worm","floor":5,"turns":1},{"damage":76,"enemies":"Lagavulin","floor":6,"turns":10},{"damage":30,"enemies":"Exordium Thugs","floor":8,"turns":6},{"damage":4,"enemies":"Exordium Wildlife","floor":10,"turns":5},{"damage":0,"enemies":"2 Fungi Beasts","floor":12,"turns":3},{"damage":13,"enemies":"3 Louse","floor":13,"turns":3},{"damage":37,"enemies":"Hexaghost","floor":16,"turns":10}],"seed_played":"4410001931141280089","potions_obtained":[{"floor":4,"key":"Swift Potion"},{"floor":4,"key":"SneckoOil"},{"floor":4,"key":"EssenceOfSteel"},{"floor":5,"key":"Poison Potion"},{"floor":6,"key":"SteroidPotion"},{"floor":13,"key":"Dexterity Potion"}],"is_trial":false,"path_per_floor":["M","?","M","?","M","E","R","M","T","M","R","M","M","T","R","B",null],"character_chosen":"IRONCLAD","items_purchased":[],"campfire_rested":3,"item_purchase_floors":[],"current_hp_per_floor":[80,80,80,80,80,10,34,10,10,12,36,42,35,35,59,28,80],"gold":435,"neow_bonus":"THREE_ENEMY_KILL","is_prod":false,"is_daily":false,"chose_seed":false,"campfire_upgraded":0,"win_rate":0,"timestamp":1550554181,"path_taken":["M","?","M","?","M","E","R","?","T","M","R","M","M","?","R","BOSS"],"build_version":"2019-01-23","purchased_purges":0,"victory":false,"max_hp_per_floor":[80,80,80,80,80,80,80,80,80,80,80,80,80,80,80,80,80],"card_choices":[{"not_picked":["Flex","Clash","Corruption"],"picked":"SKIP","floor":1},{"not_picked":["Rupture","Battle Trance"],"picked":"Sword Boomerang","floor":3},{"not_picked":["Searing Blow","Rage"],"picked":"Shrug It Off","floor":5},{"not_picked":["Dual Wield","Heavy Blade"],"picked":"Armaments","floor":6},{"not_picked":["Flex","Corruption"],"picked":"Pommel Strike","floor":8},{"not_picked":["Heavy Blade","Clash"],"picked":"Warcry","floor":10},{"not_picked":["Second Wind","Sword Boomerang"],"picked":"Clothesline","floor":12},{"not_picked":["Perfected Strike","Clothesline"],"picked":"Havoc","floor":13},{"not_picked":["Bludgeon","Feed"],"picked":"Demon Form","floor":16}],"player_experience":413299,"relics_obtained":[{"floor":6,"key":"Happy Flower"},{"floor":9,"key":"Red Skull"},{"floor":14,"key":"The Courier"}],"event_choices":[{"damage_healed":0,"gold_gain":0,"player_choice":"Ignored","damage_taken":0,"max_hp_gain":0,"max_hp_loss":0,"event_name":"Liars Game","floor":2,"gold_loss":0},{"damage_healed":0,"gold_gain":0,"player_choice":"Got Potions","damage_taken":0,"max_hp_gain":0,"max_hp_loss":0,"event_name":"Lab","floor":4,"gold_loss":0}],"is_beta":false,"boss_relics":[{"not_picked":["Black Blood","Fusion Hammer"],"picked":"Pandora\u0027s Box"}],"items_purged_floors":[],"is_endless":false,"potions_floor_spawned":[5,6,10,13,16],"ascension_level":0}