{"gold_per_floor":[364,379,397,407,423,423,433,450,450,463,463,476,379,379,379,481,481,501,517,529,547,547,562,574,574,574,585,585,265,285,285,285,285],"floor_reached":33,"playtime":3336,"items_purged":["Strike_R","Writhe"],"score":249,"play_id":"10769510-d249-41f3-a897-2041c9ea6668","local_time":"20180923051108","is_ascension_mode":false,"campfire_choices":[{"data":"Flex","floor":6,"key":"SMITH"},{"floor":11,"key":"REST"},{"data":"Inflame","floor":15,"key":"SMITH"},{"floor":25,"key":"REST"},{"floor":28,"key":"REST"},{"floor":32,"key":"REST"}],"neow_cost":"PERCENT_DAMAGE","seed_source_timestamp":43590006087491,"circlet_count":0,"master_deck":["Strike_R","Strike_R","Strike_R","Defend_R","Defend_R","Defend_R","Defend_R","Bash","Flex+1","Inflame+1","Heavy Blade","Twin Strike","Heavy Blade","Cleave","Bludgeon","Carnage","Shrug It Off","Reaper","Pummel","Twin Strike","Cleave","Bandage Up","Inflame","Headbutt"],"relics":["Burning Blood","Bottled Tornado","White Beast Statue","Ancient Tea Set","WingedGreaves","Molten Egg 2"],"potions_floor_usage":[4,16,20,20,21,23,24,24,33,33],"damage_taken":[{"damage":1,"enemies":"Cultist","floor":1,"turns":4},{"damage":6,"enemies":"Jaw Worm","floor":2,"turns":4},{"damage":3,"enemies":"Small Slimes","floor":3,"turns":4},{"damage":23,"enemies":"Exordium Wildlife","floor":4,"turns":7},{"damage":5,"enemies":"Looter","floor":5,"turns":3},{"damage":12,"enemies":"Blue Slaver","floor":7,"turns":4},{"damage":10,"enemies":"Exordium Thugs","floor":8,"turns":4},{"damage":5,"enemies":"Looter","floor":10,"turns":3},{"damage":0,"enemies":"3 Louse","floor":12,"turns":3},{"damage":45,"enemies":"Slime Boss","floor":16,"turns":9},{"damage":0,"enemies":"Spheric Guardian","floor":18,"turns":3},{"damage":29,"enemies":"Chosen","floor":19,"turns":5},{"damage":31,"enemies":"Centurion and Healer","floor":20,"turns":5},{"damage":40,"enemies":"Snake Plant","floor":21,"turns":5},{"damage":0,"enemies":"Snecko","floor":23,"turns":3},{"damage":28,"enemies":"Centurion and Healer","floor":24,"turns":5},{"damage":43,"enemies":"3 Cultists","floor":27,"turns":5},{"damage":36,"enemies":"Snake Plant","floor":30,"turns":4},{"damage":84,"enemies":"Collector","floor":33,"turns":6}],"seed_played":"-2254193561132583229","potions_obtained":[{"floor":2,"key":"SkillPotion"},{"floor":5,"key":"BloodPotion"},{"floor":7,"key":"GamblersBrew"},{"floor":18,"key":"Regen Potion"},{"floor":19,"key":"EssenceOfSteel"},{"floor":20,"key":"EssenceOfSteel"},{"floor":21,"key":"AttackPotion"},{"floor":23,"key":"PowerPotion"},{"floor":24,"key":"Ancient Potion"},{"floor":27,"key":"SmokeBomb"},{"floor":30,"key":"SpeedPotion"}],"is_trial":false,"path_per_floor":["M","M","M","M","M","R","M","M","T","M","R","M","$","?","R","B",null,"M","M","M","M","?","M","M","R","T","M","R","$","M","T","R"],"character_chosen":"IRONCLAD","items_purchased":["Shrug It Off","Cleave","Bandage Up","Inflame"],"campfire_rested":4,"item_purchase_floors":[13,29,29,29],"current_hp_per_floor":[61,61,64,47,48,48,42,38,38,39,63,69,69,69,69,30,80,80,62,59,25,25,36,21,45,45,24,48,48,27,27,51,0],"gold":285,"neow_bonus":"TWO_FIFTY_GOLD","is_prod":false,"is_daily":false,"chose_seed":false,"campfire_upgraded":2,"win_rate":0.0,"timestamp":1537668668,"path_taken":["M","M","M","M","M","R","?","M","T","M","R","M","$","?","R","BOSS","M","M","M","M","?","M","M","R","T","M","R","$","M","?","R","BOSS"],"build_version":"2018-09-20","purchased_purges":2,"victory":false,"max_hp_per_floor":[80,80,80,80,80,80,80,80,80,80,80,80,80,80,80,80,80,80,80,80,80,80,80,80,80,80,80,80,80,80,80,80,80],"card_choices":[{"not_picked":["Rampage","Iron Wave"],"picked":"Flex","floor":1},{"not_picked":["Heavy Blade","Anger"],"picked":"Inflame","floor":2},{"not_picked":["Thunderclap","Warcry"],"picked":"Heavy Blade","floor":3},{"not_picked":["Battle Trance","Armaments"],"picked":"Twin Strike","floor":4},{"not_picked":["Warcry","Combust"],"picked":"Heavy Blade","floor":5},{"not_picked":["Clash","Evolve"],"picked":"Cleave","floor":7},{"not_picked":["Ghostly Armor","Perfected Strike"],"picked":"Bludgeon","floor":8},{"not_picked":["Searing Blow","Heavy Blade","Rage"],"picked":"SKIP","floor":10},{"not_picked":["Sword Boomerang","True Grit"],"picked":"Carnage","floor":12},{"not_picked":["Brutality","Bludgeon"],"picked":"Reaper","floor":16},{"not_picked":["Feel No Pain","Iron Wave","Uppercut"],"picked":"SKIP","floor":18},{"not_picked":["Clash+1","Iron Wave","Armaments+1"],"picked":"SKIP","floor":19},{"not_picked":["Clothesline+1","Thunderclap","Flame Barrier"],"picked":"SKIP","floor":20},{"not_picked":["Warcry","Dropkick"],"picked":"Pummel","floor":21},{"not_picked":["Heavy Blade+1","Armaments","Body Slam"],"picked":"SKIP","floor":23},{"not_picked":["Pommel Strike+1","Armaments"],"picked":"Twin Strike","floor":24},{"not_picked":["Iron Wave","Twin Strike+1","Clothesline+1"],"picked":"SKIP","floor":27},{"not_picked":["Twin Strike+1","Cleave"],"picked":"Headbutt","floor":30}],"player_experience":47403,"relics_obtained":[{"floor":9,"key":"Bottled Tornado"},{"floor":26,"key":"WingedGreaves"},{"floor":31,"key":"Molten Egg 2"}],"event_choices":[{"event_name":"Purifier","player_choice":"One Purge","floor":14,"damage_taken":0},{"event_name":"The Mausoleum","player_choice":"Yes","floor":22,"damage_taken":0}],"is_beta":false,"boss_relics":[{"not_picked":["Coffee Dripper","Orrery"],"picked":"White Beast Statue"}],"items_purged_floors":[13,29],"is_endless":false,"potions_floor_spawned":[2,5,7,18,19,20,21,23,24,27,30],"killed_by":"Collector","ascension_level":0}