{"path_per_floor":["M","M","M","M","M","R","M","R","T","M","?","M","E","M","R","B",null,"M","?","M","M","?","R"],"character_chosen":"THE_SILENT","items_purchased":[],"gold_per_floor":[209,226,241,255,273,273,292,292,322,332,407,418,450,469,469,569,569,556,556,571,590,515,515,515],"floor_reached":24,"campfire_rested":1,"playtime":1526,"current_hp_per_floor":[70,66,65,65,56,56,56,56,56,52,41,41,38,38,38,26,70,60,47,35,12,12,34,0],"items_purged":[],"gold":515,"score":204,"play_id":"3cb8c5cd-b3fd-472a-b490-6fec672080b1","local_time":"20180509215340","is_prod":false,"is_daily":false,"chose_seed":false,"is_ascension_mode":false,"campfire_upgraded":3,"timestamp":1525917220,"path_taken":["M","M","M","M","M","R","M","R","T","M","?","?","E","M","R","BOSS","M","?","M","M","?","R","E"],"build_version":"2018-05-08","seed_source_timestamp":58827536898158,"purchased_purges":0,"victory":false,"master_deck":["Defend_G","Defend_G","Defend_G","Defend_G","Defend_G","Strike_G","Strike_G","Strike_G","Strike_G","Survivor","Neutralize","Noxious Fumes+1","Blur","Dagger Spray+1","Flying Knee","PiercingWail","Blur","Calculated Gamble+1","Dodge and Roll","Phantasmal Killer","Acrobatics+1","Riddle With Holes"],"max_hp_per_floor":[70,70,70,70,70,70,70,70,70,70,70,70,70,70,70,70,70,70,75,75,75,75,75,75],"relics":["Ring of the Snake","Tiny Chest","Happy Flower","Snecko Eye"],"card_choices":[{"not_picked":["Quick Slash","Skewer"],"picked":"Noxious Fumes","floor":2},{"not_picked":["Blade Dance","Catalyst"],"picked":"Blur","floor":3},{"not_picked":["Flying Knee","Outmaneuver"],"picked":"Dagger Spray","floor":4},{"not_picked":["Deadly Poison","Catalyst"],"picked":"Flying Knee","floor":5},{"not_picked":["Poisoned Stab","Flechettes"],"picked":"PiercingWail","floor":7},{"not_picked":["Tactician","Quick Slash"],"picked":"Blur","floor":10},{"not_picked":["Deflect","Poisoned Stab"],"picked":"Calculated Gamble","floor":12},{"not_picked":["Blade Dance","Calculated Gamble"],"picked":"Dodge and Roll","floor":13},{"not_picked":["Wraith Form v2","Tactician"],"picked":"Phantasmal Killer","floor":16},{"not_picked":["Dodge and Roll","Flying Knee"],"picked":"Acrobatics","floor":18},{"not_picked":["Outmaneuver","Blade Dance"],"picked":"Riddle With Holes","floor":21}],"player_experience":71913,"potions_floor_usage":[7,10,16,16,18,21],"damage_taken":[{"damage":0,"enemies":"Jaw Worm","floor":1,"turns":6},{"damage":4,"enemies":"Cultist","floor":2,"turns":5},{"damage":1,"enemies":"2 Louse","floor":3,"turns":4},{"damage":0,"enemies":"Blue Slaver","floor":4,"turns":7},{"damage":9,"enemies":"3 Louse","floor":5,"turns":3},{"damage":0,"enemies":"2 Fungi Beasts","floor":7,"turns":1},{"damage":4,"enemies":"Exordium Wildlife","floor":10,"turns":7},{"damage":0,"enemies":"Lots of Slimes","floor":12,"turns":3},{"damage":3,"enemies":"3 Sentries","floor":13,"turns":7},{"damage":0,"enemies":"2 Fungi Beasts","floor":14,"turns":3},{"damage":12,"enemies":"Hexaghost","floor":16,"turns":11},{"damage":10,"enemies":"2 Thieves","floor":18,"turns":4},{"damage":12,"enemies":"Shell Parasite","floor":20,"turns":8},{"damage":23,"enemies":"Cultist and Chosen","floor":21,"turns":8},{"damage":35,"enemies":"Book of Stabbing","floor":24,"turns":5}],"event_choices":[{"event_name":"World of Goop","player_choice":"Gather Gold","floor":11,"damage_taken":0},{"event_name":"Forgotten Altar","player_choice":"Shed Blood","floor":19,"damage_taken":0},{"event_name":"Beggar","player_choice":"Gave Gold","floor":22,"damage_taken":0}],"boss_relics":[{"not_picked":["Velvet Choker","Astrolabe"],"picked":"Snecko Eye"}],"potions_floor_spawned":[3,4,10,14,16,20],"seed_played":"-5232808263662767511","killed_by":"Book of Stabbing","ascension_level":0,"is_trial":false}