{"gold_per_floor":[361,374,374,188,188,188,228,228,258,279,317,291,335,93,93,186,186,199,252,279,291,374,386,398,410,422,434,459,471,483],"floor_reached":30,"playtime":1151,"items_purged":["Strike_R"],"score":450,"play_id":"bda26c49-f647-4bfc-9a5b-d0ae3cb6f668","local_time":"20190308203417","is_ascension_mode":true,"campfire_choices":[{"data":"Searing Blow","floor":6,"key":"SMITH"},{"floor":8,"key":"REST"},{"data":"Armaments","floor":15,"key":"SMITH"},{"floor":23,"key":"REST"},{"floor":25,"key":"REST"}],"neow_cost":"TEN_PERCENT_HP_LOSS","seed_source_timestamp":419522358912000,"circlet_count":0,"master_deck":["AscendersBane","Strike_R","Strike_R","Strike_R","Strike_R","Defend_R","Defend_R","Defend_R","Defend_R","Bash","Headbutt","Searing Blow+1","Clothesline+1","Metallicize","Shockwave","Shrug It Off","Armaments+1","Havoc+1","Limit Break+1","Dropkick+1","Metallicize","Second Wind+1","Havoc+1","Rage+1"],"relics":["Burning Blood","Golden Idol","Strawberry","Tiny Chest","Dream Catcher","Toxic Egg 2","Vajra","Cursed Key","MawBank","Ornamental Fan","Kunai","Nilry\u0027s Codex","Spirit Poop"],"potions_floor_usage":[7,11,16,16,28,30],"damage_taken":[{"damage":9,"enemies":"2 Louse","floor":1,"turns":3},{"damage":4,"enemies":"Small Slimes","floor":2,"turns":4},{"damage":32,"enemies":"3 Sentries","floor":7,"turns":10},{"damage":0,"enemies":"Cultist","floor":10,"turns":4},{"damage":31,"enemies":"Lagavulin","floor":11,"turns":6},{"damage":6,"enemies":"Exordium Thugs","floor":12,"turns":4},{"damage":27,"enemies":"Gremlin Nob","floor":13,"turns":5},{"damage":3,"enemies":"Hexaghost","floor":16,"turns":10},{"damage":6,"enemies":"Shell Parasite","floor":18,"turns":6},{"damage":37,"enemies":"Spheric Guardian","floor":20,"turns":7},{"damage":14,"enemies":"Centurion and Healer","floor":28,"turns":9},{"damage":43,"enemies":"Slavers","floor":30,"turns":4}],"seed_played":"5225778722807329629","potions_obtained":[{"floor":10,"key":"Fire Potion"},{"floor":12,"key":"LiquidBronze"},{"floor":13,"key":"FearPotion"},{"floor":18,"key":"Weak Potion"},{"floor":28,"key":"SpeedPotion"}],"is_trial":false,"path_per_floor":["M","M","?","$","?","R","E","R","T","M","E","M","E","$","R","B",null,"M","T","M","T","T","R","?","R","T","?","M","?","E"],"character_chosen":"IRONCLAD","items_purchased":["Clothesline","Block Potion","Vajra","EssenceOfSteel"],"campfire_rested":3,"item_purchase_floors":[4,4,14,14],"current_hp_per_floor":[65,67,44,44,44,44,25,47,47,53,28,28,7,7,7,10,59,59,59,28,28,28,50,29,51,51,51,43,43,0],"gold":483,"neow_bonus":"TWO_FIFTY_GOLD","is_prod":false,"is_daily":false,"chose_seed":false,"campfire_upgraded":2,"win_rate":0,"timestamp":1552095257,"path_taken":["M","M","?","$","?","R","E","R","T","M","E","?","E","$","R","BOSS","M","?","M","?","?","R","?","R","T","?","?","?","E"],"build_version":"2019-01-23","purchased_purges":1,"victory":false,"max_hp_per_floor":[68,68,68,68,68,68,75,75,75,75,75,75,75,75,75,75,75,75,75,75,75,75,75,75,75,75,75,75,72,72],"card_choices":[{"not_picked":["Iron Wave","Cleave"],"picked":"Headbutt","floor":1},{"not_picked":["Pommel Strike","Rupture"],"picked":"Searing Blow","floor":2},{"not_picked":["Twin Strike","Clothesline"],"picked":"Metallicize","floor":7},{"not_picked":["Seeing Red","Sword Boomerang"],"picked":"Shockwave","floor":10},{"not_picked":["Anger","Dark Embrace"],"picked":"Shrug It Off","floor":11},{"not_picked":["Heavy Blade","Thunderclap"],"picked":"Armaments","floor":12},{"not_picked":["Thunderclap","Pommel Strike"],"picked":"Havoc","floor":13},{"not_picked":["Fiend Fire","Dark Embrace"],"picked":"Limit Break+1","floor":16},{"not_picked":["Armaments+1","Headbutt"],"picked":"Dropkick+1","floor":18},{"not_picked":["Pommel Strike","Blood for Blood"],"picked":"Metallicize","floor":20},{"not_picked":["Heavy Blade","Combust"],"picked":"Second Wind+1","floor":23},{"not_picked":["Inflame","Twin Strike"],"picked":"Havoc+1","floor":25},{"not_picked":["Armaments+1","Intimidate+1"],"picked":"Rage+1","floor":28}],"player_experience":874470,"relics_obtained":[{"floor":7,"key":"Strawberry"},{"floor":9,"key":"Tiny Chest"},{"floor":11,"key":"Dream Catcher"},{"floor":13,"key":"Toxic Egg 2"},{"floor":19,"key":"MawBank"},{"floor":21,"key":"Ornamental Fan"},{"floor":22,"key":"Kunai"},{"floor":24,"key":"Nilry\u0027s Codex"}],"event_choices":[{"damage_healed":0,"gold_gain":0,"player_choice":"Take Damage","damage_taken":23,"relics_obtained":["Golden Idol"],"max_hp_gain":0,"max_hp_loss":0,"event_name":"Golden Idol","floor":3,"gold_loss":0},{"damage_healed":0,"gold_gain":0,"player_choice":"Upgraded","damage_taken":0,"max_hp_gain":0,"max_hp_loss":0,"event_name":"Upgrade Shrine","floor":5,"gold_loss":0,"cards_upgraded":["Clothesline"]},{"damage_healed":0,"gold_gain":0,"player_choice":"Obtained Book","damage_taken":21,"max_hp_gain":0,"max_hp_loss":0,"event_name":"Cursed Tome","floor":24,"gold_loss":0},{"cards_removed":["Shame"],"damage_healed":0,"gold_gain":0,"player_choice":"Offered Curse","damage_taken":0,"relics_obtained":["Spirit Poop"],"max_hp_gain":0,"max_hp_loss":0,"event_name":"Bonfire Elementals","floor":27,"gold_loss":0},{"cards_removed":["Writhe","Parasite"],"damage_healed":0,"gold_gain":0,"player_choice":"Removed Curses","damage_taken":0,"max_hp_gain":0,"max_hp_loss":0,"event_name":"Fountain of Cleansing","floor":29,"gold_loss":0}],"is_beta":false,"boss_relics":[{"not_picked":["White Beast Statue","Black Star"],"picked":"Cursed Key"}],"items_purged_floors":[4],"is_endless":false,"potions_floor_spawned":[10,12,13,18,28],"killed_by":"Slavers","ascension_level":17}