{"gold_per_floor":[113,125,75,75,87,87,120,120,168,168,184,194,13,47,47,151,151,161,141,161,173,173,173,173],"floor_reached":24,"playtime":1277,"items_purged":[],"score":260,"play_id":"6e08f192-ea80-403a-8852-0ed64b6dc644","local_time":"20190222221112","is_ascension_mode":true,"campfire_choices":[{"data":"Seeing Red","floor":6,"key":"SMITH"},{"data":"Headbutt","floor":8,"key":"SMITH"},{"data":"Feel No Pain","floor":15,"key":"SMITH"},{"floor":23,"key":"REST"}],"neow_cost":"NONE","seed_source_timestamp":488163627937500,"circlet_count":0,"master_deck":["Strike_R","Strike_R+1","Strike_R","Strike_R","Defend_R","Defend_R","Defend_R","Defend_R","Bash+1","Flex+1","Headbutt+1","Seeing Red+1","Feel No Pain+1","Pommel Strike","Burning Pact","Offering","Shrug It Off","Pummel","Double Tap","Havoc","True Grit","Warcry+1"],"relics":["Burning Blood","Lantern","Happy Flower","Bottled Tornado","Black Star"],"potions_floor_usage":[7,21,21,24,24],"damage_taken":[{"damage":7,"enemies":"Small Slimes","floor":1,"turns":3},{"damage":0,"enemies":"2 Louse","floor":2,"turns":3},{"damage":12,"enemies":"Jaw Worm","floor":5,"turns":2},{"damage":18,"enemies":"Lagavulin","floor":7,"turns":5},{"damage":15,"enemies":"Gremlin Gang","floor":11,"turns":6},{"damage":6,"enemies":"Exordium Wildlife","floor":12,"turns":2},{"damage":7,"enemies":"Gremlin Nob","floor":14,"turns":3},{"damage":13,"enemies":"Slime Boss","floor":16,"turns":8},{"damage":22,"enemies":"Shell Parasite","floor":18,"turns":3},{"damage":16,"enemies":"2 Thieves","floor":19,"turns":4},{"damage":32,"enemies":"Sentry and Sphere","floor":20,"turns":7},{"damage":9,"enemies":"Snake Plant","floor":21,"turns":5},{"damage":49,"enemies":"Book of Stabbing","floor":24,"turns":4}],"seed_played":"3685656582118934761","potions_obtained":[{"floor":2,"key":"EssenceOfSteel"},{"floor":11,"key":"GamblersBrew"},{"floor":14,"key":"Weak Potion"},{"floor":19,"key":"Swift Potion"},{"floor":21,"key":"SteroidPotion"}],"is_trial":false,"path_per_floor":["M","M","?","?","M","R","E","R","T","?","M","M","$","E","R","B",null,"M","M","M","M","?","R","E"],"character_chosen":"IRONCLAD","items_purchased":["Offering","Shrug It Off"],"campfire_rested":1,"item_purchase_floors":[13,13],"current_hp_per_floor":[79,80,80,64,58,58,46,46,46,72,63,63,63,62,62,55,74,58,48,22,19,19,43,0],"gold":173,"neow_bonus":"UPGRADE_CARD","is_prod":false,"is_daily":false,"chose_seed":false,"campfire_upgraded":3,"win_rate":0,"timestamp":1550869872,"path_taken":["M","M","?","?","M","R","E","R","T","?","M","?","$","E","R","BOSS","M","?","M","M","?","R","E"],"build_version":"2019-01-23","purchased_purges":0,"victory":false,"max_hp_per_floor":[80,80,80,80,80,80,80,80,80,80,80,80,80,80,80,80,80,80,80,80,80,80,80,80],"card_choices":[{"not_picked":["Armaments","Cleave"],"picked":"Flex","floor":1},{"not_picked":["Body Slam","Anger"],"picked":"Headbutt","floor":2},{"not_picked":["Searing Blow","Shockwave"],"picked":"Seeing Red","floor":5},{"not_picked":["Juggernaut","Body Slam"],"picked":"Feel No Pain","floor":7},{"not_picked":["Twin Strike","Headbutt"],"picked":"Pommel Strike","floor":11},{"not_picked":["Cleave","Seeing Red"],"picked":"Burning Pact","floor":12},{"not_picked":["Inflame","Whirlwind"],"picked":"Pummel","floor":14},{"not_picked":["Barricade","Offering"],"picked":"Double Tap","floor":16},{"not_picked":["Wild Strike","Sword Boomerang"],"picked":"Havoc","floor":18},{"not_picked":["Bloodletting+1","Sever Soul+1"],"picked":"True Grit","floor":19},{"not_picked":["Sword Boomerang","Entrench","Uppercut"],"picked":"SKIP","floor":20},{"not_picked":["Clash","Iron Wave"],"picked":"Warcry+1","floor":21}],"player_experience":345087,"relics_obtained":[{"floor":7,"key":"Lantern"},{"floor":9,"key":"Happy Flower"},{"floor":14,"key":"Bottled Tornado"}],"event_choices":[{"cards_removed":["Strike_R"],"damage_healed":0,"gold_gain":0,"player_choice":"Card Removal","damage_taken":0,"max_hp_gain":0,"max_hp_loss":0,"event_name":"The Cleric","floor":3,"gold_loss":50},{"damage_healed":0,"gold_gain":0,"player_choice":"Entered Light","damage_taken":16,"max_hp_gain":0,"max_hp_loss":0,"event_name":"Shining Light","floor":4,"gold_loss":0,"cards_upgraded":["Strike_R","Flex"]},{"damage_healed":26,"gold_gain":0,"player_choice":"Banana","damage_taken":0,"max_hp_gain":0,"max_hp_loss":0,"event_name":"Big Fish","floor":10,"gold_loss":0},{"damage_healed":0,"gold_gain":0,"player_choice":"Ignored","damage_taken":0,"max_hp_gain":0,"max_hp_loss":0,"event_name":"Ghosts","floor":22,"gold_loss":0}],"is_beta":false,"boss_relics":[{"not_picked":["Ectoplasm","Pandora\u0027s Box"],"picked":"Black Star"}],"items_purged_floors":[],"is_endless":false,"potions_floor_spawned":[2,11,14,19,21],"killed_by":"Book of Stabbing","ascension_level":5}