{"gold_per_floor":[116,132,203,203,217,217,227,257,257,271,271,298,310,310,310,406,406,422,422,439,453,470,470,186,186,211,228,75,75,102,102,102,102],"floor_reached":33,"playtime":1084,"items_purged":["Strike_B"],"score":346,"play_id":"8ec4c3df-7ec1-4121-8057-0c3717a84007","local_time":"20190222200646","is_ascension_mode":true,"campfire_choices":[{"data":"Beam Cell","floor":6,"key":"SMITH"},{"data":"Dualcast","floor":11,"key":"SMITH"},{"data":"Redo","floor":15,"key":"SMITH"},{"floor":23,"key":"REST"},{"data":"Zap","floor":25,"key":"SMITH"},{"data":"Loop","floor":29,"key":"SMITH"},{"floor":32,"key":"REST"}],"neow_cost":"NONE","seed_source_timestamp":167011045019241,"circlet_count":0,"master_deck":["Strike_B","Strike_B","Strike_B","Defend_B","Defend_B","Defend_B","Defend_B","Zap+1","Dualcast+1","Beam Cell+1","Doom and Gloom+1","Turbo","Scrape","Loop+1","Redo+1","Multi-Cast","Leap+1","Capacitor","Self Repair","Redo+1"],"relics":["Cracked Core","NeowsBlessing","Bag of Marbles","Mercury Hourglass","Symbiotic Virus","Nuclear Battery","PrismaticShard","Omamori","PreservedInsect","Darkstone Periapt","Prayer Wheel"],"potions_floor_usage":[8,12,16,22,30,30],"damage_taken":[{"damage":0,"enemies":"Jaw Worm","floor":1,"turns":1},{"damage":0,"enemies":"2 Louse","floor":2,"turns":1},{"damage":0,"enemies":"Small Slimes","floor":5,"turns":1},{"damage":11,"enemies":"Exordium Thugs","floor":7,"turns":4},{"damage":25,"enemies":"Lagavulin","floor":8,"turns":5},{"damage":7,"enemies":"Exordium Wildlife","floor":10,"turns":3},{"damage":20,"enemies":"3 Sentries","floor":12,"turns":4},{"damage":11,"enemies":"Looter","floor":13,"turns":2},{"damage":9,"enemies":"The Guardian","floor":16,"turns":5},{"damage":2,"enemies":"3 Byrds","floor":18,"turns":4},{"damage":0,"enemies":"Spheric Guardian","floor":20,"turns":2},{"damage":26,"enemies":"Snake Plant","floor":21,"turns":3},{"damage":25,"enemies":"3 Cultists","floor":22,"turns":4},{"damage":7,"enemies":"Chosen and Byrds","floor":27,"turns":4},{"damage":15,"enemies":"Book of Stabbing","floor":30,"turns":3},{"damage":63,"enemies":"Champ","floor":33,"turns":6}],"seed_played":"-2085540915404482911","potions_obtained":[{"floor":1,"key":"SkillPotion"},{"floor":5,"key":"Regen Potion"},{"floor":12,"key":"FocusPotion"},{"floor":13,"key":"SteroidPotion"},{"floor":20,"key":"SpeedPotion"},{"floor":21,"key":"SpeedPotion"},{"floor":27,"key":"Weak Potion"}],"is_trial":false,"path_per_floor":["M","M","?","?","M","R","M","E","T","M","R","E","M","?","R","B",null,"M","?","M","M","M","R","$","R","T","M","$","R","E","T","R","B"],"character_chosen":"DEFECT","items_purchased":["PrismaticShard","PreservedInsect"],"campfire_rested":2,"item_purchase_floors":[24,28],"current_hp_per_floor":[75,75,75,75,75,75,64,39,39,32,32,24,13,38,38,29,64,62,62,62,36,18,40,40,40,40,40,40,40,32,32,54,0],"gold":102,"neow_bonus":"THREE_ENEMY_KILL","is_prod":false,"is_daily":false,"chose_seed":false,"campfire_upgraded":5,"win_rate":0,"timestamp":1550884006,"path_taken":["M","M","?","?","M","R","M","E","T","M","R","E","M","?","R","BOSS","M","?","M","M","M","R","$","R","T","M","?","R","E","?","R","BOSS"],"build_version":"2019-01-23","purchased_purges":1,"victory":false,"max_hp_per_floor":[75,75,75,75,75,75,75,75,75,75,75,75,75,75,75,75,75,75,75,75,75,75,75,75,75,75,75,75,75,75,75,75,75],"card_choices":[{"not_picked":["Barrage","Leap"],"picked":"Beam Cell","floor":1},{"not_picked":["Rebound","Compile Driver"],"picked":"Doom and Gloom","floor":2},{"not_picked":["Doom and Gloom","Ball Lightning"],"picked":"Turbo","floor":5},{"not_picked":["Doom and Gloom","Fission","Barrage"],"picked":"SKIP","floor":7},{"not_picked":["Barrage","Ball Lightning"],"picked":"Scrape","floor":8},{"not_picked":["Glacier","Rebound"],"picked":"Loop","floor":10},{"not_picked":["Ball Lightning","Coolheaded","Barrage"],"picked":"SKIP","floor":12},{"not_picked":["Turbo","Loop"],"picked":"Redo","floor":13},{"not_picked":["Thunder Strike","Biased Cognition"],"picked":"Multi-Cast","floor":16},{"not_picked":["Coolheaded","Genetic Algorithm"],"picked":"Leap+1","floor":18},{"not_picked":["Beam Cell","Conserve Battery"],"picked":"Capacitor","floor":20},{"not_picked":["Glacier","Double Energy"],"picked":"Self Repair","floor":21},{"not_picked":["Double Energy","Ball Lightning"],"picked":"Redo+1","floor":22},{"not_picked":["Sucker Punch","Redo+1","Slice"],"picked":"SKIP","floor":27},{"not_picked":["Clash","Prepared+1","Twin Strike"],"picked":"SKIP","floor":30}],"player_experience":676483,"relics_obtained":[{"floor":8,"key":"Bag of Marbles"},{"floor":9,"key":"Mercury Hourglass"},{"floor":12,"key":"Symbiotic Virus"},{"floor":26,"key":"Omamori"},{"floor":30,"key":"Darkstone Periapt"},{"floor":31,"key":"Prayer Wheel"}],"event_choices":[{"damage_healed":0,"gold_gain":71,"player_choice":"Gained Gold","damage_taken":0,"max_hp_gain":0,"max_hp_loss":0,"event_name":"Golden Wing","floor":3,"gold_loss":0},{"damage_healed":0,"gold_gain":0,"player_choice":"Grow","damage_taken":0,"max_hp_gain":0,"max_hp_loss":0,"event_name":"Living Wall","floor":4,"gold_loss":0,"cards_upgraded":["Doom and Gloom"]},{"damage_healed":25,"gold_gain":0,"player_choice":"Banana","damage_taken":0,"max_hp_gain":0,"max_hp_loss":0,"event_name":"Big Fish","floor":14,"gold_loss":0},{"cards_removed":["Evolve"],"damage_healed":0,"gold_gain":0,"player_choice":"Took Card","damage_taken":0,"max_hp_gain":0,"max_hp_loss":0,"event_name":"NoteForYourself","floor":19,"gold_loss":0,"cards_obtained":["Evolve"]}],"is_beta":false,"boss_relics":[{"not_picked":["Tiny House","Runic Dome"],"picked":"Nuclear Battery"}],"items_purged_floors":[24],"is_endless":false,"potions_floor_spawned":[1,5,12,13,20,21,27],"killed_by":"Champ","ascension_level":5}