{"gold_per_floor":[213,84,97,97,97,128,138,163,163,163,238,272,272,284,284,381,381,398,498,514,12,30,30,61,78,78,78,97,97,122,122,122,225,225,236,249,65,80,96,96,96,108,190,12,12,12,30,30,30,30],"floor_reached":51,"playtime":4213,"items_purged":["Defend_R","Defend_R","Writhe"],"score":714,"play_id":"0902877a-b44c-410f-8772-549ea99a8829","local_time":"20181025133702","is_ascension_mode":true,"campfire_choices":[{"data":"Demon Form","floor":10,"key":"SMITH"},{"data":"Cleave","floor":13,"key":"SMITH"},{"floor":15,"key":"REST"},{"data":"Searing Blow","floor":23,"key":"SMITH"},{"data":"Searing Blow+1","floor":27,"key":"SMITH"},{"floor":32,"key":"REST"},{"data":"Searing Blow+2","floor":40,"key":"SMITH"},{"data":"Searing Blow+3","floor":46,"key":"SMITH"},{"data":"Searing Blow+4","floor":49,"key":"SMITH"}],"neow_cost":"NONE","seed_source_timestamp":0,"circlet_count":0,"master_deck":["Strike_R","Strike_R","Strike_R","Strike_R","Defend_R","Defend_R","Bash","Twin Strike","Armaments+1","True Grit+1","Demon Form+1","Iron Wave","Cleave+1","Limit Break+1","Searing Blow+5","True Grit+1","Master of Strategy+1","Inflame+1","Armaments+1","Sword Boomerang","Thunderclap","Ghostly Armor+1","Sword Boomerang+1","Secret Technique+1","Madness+1","Madness+1","Heavy Blade"],"special_seed":0,"relics":["Burning Blood","Blue Candle","Toxic Egg 2","Meat on the Bone","Shuriken","Sundial","Velvet Choker","Nunchaku","Bottled Flame","Membership Card","MawBank","Bronze Scales","Bottled Tornado","Mango","FossilizedHelix","Lantern","Orrery","Ornamental Fan","Frozen Egg 2","Vajra","ClockworkSouvenir"],"potions_floor_usage":[6,19,19,33,50,50],"damage_taken":[{"damage":1.0,"enemies":"Cultist","floor":1.0,"turns":4.0},{"damage":0,"enemies":"2 Louse","floor":3,"turns":3},{"damage":14,"enemies":"Gremlin Nob","floor":6,"turns":3},{"damage":0,"enemies":"Small Slimes","floor":7,"turns":3},{"damage":9,"enemies":"Lagavulin","floor":8,"turns":6},{"damage":17,"enemies":"3 Sentries","floor":12,"turns":6},{"damage":10,"enemies":"Exordium Wildlife","floor":14,"turns":3},{"damage":30,"enemies":"Slime Boss","floor":16,"turns":6},{"damage":27,"enemies":"2 Thieves","floor":18,"turns":4},{"damage":43,"enemies":"Colosseum Slavers","floor":19,"turns":6},{"damage":23,"enemies":"Colosseum Nobs","floor":19,"turns":3},{"damage":5,"enemies":"3 Byrds","floor":20,"turns":4},{"damage":19,"enemies":"Snake Plant","floor":22,"turns":4},{"damage":24,"enemies":"Slavers","floor":24,"turns":4},{"damage":5,"enemies":"Cultist and Chosen","floor":25,"turns":4},{"damage":0,"enemies":"3 Cultists","floor":28,"turns":4},{"damage":30,"enemies":"Gremlin Leader","floor":30,"turns":5},{"damage":22,"enemies":"Champ","floor":33,"turns":6},{"damage":3,"enemies":"3 Shapes","floor":35,"turns":3},{"damage":0,"enemies":"Orb Walker","floor":36,"turns":3},{"damage":22,"enemies":"3 Darklings","floor":38,"turns":4},{"damage":0,"enemies":"Jaw Worm Horde","floor":39,"turns":3},{"damage":0,"enemies":"Transient","floor":42,"turns":5},{"damage":11,"enemies":"4 Shapes","floor":47,"turns":8},{"damage":71,"enemies":"Donu and Deca","floor":50,"turns":7}],"seed_played":"-2452989525095000527","potions_obtained":[{"floor":1.0,"key":"Fire Potion"},{"floor":6,"key":"Dexterity Potion"},{"floor":8,"key":"SteroidPotion"},{"floor":16,"key":"Fire Potion"},{"floor":18,"key":"Regen Potion"},{"floor":25,"key":"GamblersBrew"},{"floor":35,"key":"Swift Potion"},{"floor":36,"key":"EssenceOfSteel"}],"is_trial":false,"path_per_floor":["M","$","M","T","?","E","M","E","T","R","?","E","R","M","R","B",null,"M","?","M","$","M","R","E","M","T","R","M","?","E","?","R","B",null,"M","M","$","M","M","R","?","M","T","$","?","R","M","?","R","B"],"character_chosen":"IRONCLAD","items_purchased":["Armaments","Membership Card","MawBank","Bronze Scales","Master of Strategy+1","Ornamental Fan","Vajra","ClockworkSouvenir"],"campfire_rested":2,"item_purchase_floors":[2,21,21,21,21,37,44,44],"current_hp_per_floor":[80,80,80,80,80,72,78,75,75,75,64,53,53,49,73,49,80,59,44,57,57,56,56,50,51,65,65,71,71,59,59,87,71,94,94,94,94,78,84,84,84,90,90,90,78,78,73,73,73,20],"gold":30,"neow_bonus":"HUNDRED_GOLD","is_prod":false,"is_daily":false,"chose_seed":false,"campfire_upgraded":7,"win_rate":0,"timestamp":1540489022,"path_taken":["M","$","M","?","?","E","M","E","T","R","?","E","R","M","R","BOSS","M","?","M","$","M","R","E","?","T","R","M","?","E","?","R","BOSS","M","M","$","M","M","R","?","M","T","$","?","R","M","?","R","BOSS"],"build_version":"2018-10-18","purchased_purges":3,"victory":true,"max_hp_per_floor":[80,80,80,80,80,80,80,80,80,80,80,80,80,80,80,80,80,80,80,80,80,80,80,80,80,94,94,94,94,94,94,94,94,94,94,94,94,94,94,94,94,94,94,94,94,94,94,94,94,94],"card_choices":[{"not_picked":["Rupture","Body Slam"],"picked":"Twin Strike","floor":1.0},{"not_picked":["Warcry","Entrench","Anger"],"picked":"SKIP","floor":3},{"not_picked":["Metallicize","Shrug It Off"],"picked":"True Grit","floor":6},{"not_picked":["Uppercut","Wild Strike"],"picked":"Demon Form","floor":7},{"not_picked":["Body Slam","Armaments+1"],"picked":"Iron Wave","floor":8},{"not_picked":["Heavy Blade","Dual Wield+1"],"picked":"Cleave","floor":12},{"not_picked":["Shrug It Off+1","Fire Breathing","Blood for Blood"],"picked":"SKIP","floor":14},{"not_picked":["Berserk","Offering+1"],"picked":"Limit Break+1","floor":16},{"not_picked":["Clash","Infernal Blade+1","Pommel Strike"],"picked":"SKIP","floor":18},{"not_picked":["Clash+1","Flex+1"],"picked":"Searing Blow","floor":19},{"not_picked":["Flame Barrier+1","Bloodletting+1"],"picked":"True Grit+1","floor":20},{"not_picked":["Headbutt","Havoc+1","Perfected Strike"],"picked":"SKIP","floor":22},{"not_picked":["Clash","True Grit+1"],"picked":"Inflame+1","floor":24},{"not_picked":["Clash+1","Flex+1"],"picked":"Armaments+1","floor":25},{"not_picked":["Wild Strike","Second Wind+1","Cleave"],"picked":"SKIP","floor":28},{"not_picked":["Offering+1","Perfected Strike","Entrench+1"],"picked":"SKIP","floor":30},{"not_picked":["Twin Strike","Anger"],"picked":"Thunderclap","floor":34},{"not_picked":["Seeing Red+1","Second Wind+1"],"picked":"Ghostly Armor+1","floor":34},{"not_picked":["Shrug It Off+1","Perfected Strike+1","Reckless Charge"],"picked":"SKIP","floor":35},{"not_picked":["Wild Strike+1","Fiend Fire","Shrug It Off+1"],"picked":"SKIP","floor":36},{"not_picked":["Perfected Strike","Anger+1","Wild Strike"],"picked":"SKIP","floor":38},{"not_picked":["Burning Pact+1","Metallicize"],"picked":"Sword Boomerang+1","floor":39},{"not_picked":["HandOfGreed","Impatience+1"],"picked":"Secret Technique+1","floor":41},{"not_picked":["Inflame","Havoc+1","Intimidate+1"],"picked":"SKIP","floor":42},{"not_picked":["True Grit+1","Body Slam"],"picked":"Heavy Blade","floor":47}],"player_experience":965527,"relics_obtained":[{"floor":4,"key":"Blue Candle"},{"floor":6,"key":"Toxic Egg 2"},{"floor":8,"key":"Meat on the Bone"},{"floor":9,"key":"Shuriken"},{"floor":12,"key":"Sundial"},{"floor":19,"key":"Nunchaku"},{"floor":19,"key":"Bottled Flame"},{"floor":24,"key":"Bottled Tornado"},{"floor":26,"key":"Mango"},{"floor":30,"key":"Lantern"},{"floor":43,"key":"Frozen Egg 2"}],"event_choices":[{"damage_healed":0,"gold_gain":0,"player_choice":"Grow","damage_taken":0,"max_hp_gain":0,"max_hp_loss":0,"event_name":"Living Wall","floor":5,"gold_loss":0,"cards_upgraded":["Armaments"]},{"damage_healed":0,"gold_gain":75,"player_choice":"Gather Gold","damage_taken":11,"max_hp_gain":0,"max_hp_loss":0,"event_name":"World of Goop","floor":11,"gold_loss":0},{"damage_healed":0,"gold_gain":0,"player_choice":"Fight","damage_taken":0,"max_hp_gain":0,"max_hp_loss":0,"event_name":"Colosseum","floor":19,"gold_loss":0},{"damage_healed":0,"gold_gain":0,"player_choice":"Fought Nobs","damage_taken":0,"max_hp_gain":0,"max_hp_loss":0,"event_name":"Colosseum","floor":19,"gold_loss":0},{"damage_healed":0,"gold_gain":0,"player_choice":"Opened","damage_taken":0,"relics_obtained":["FossilizedHelix"],"max_hp_gain":0,"max_hp_loss":0,"event_name":"The Mausoleum","floor":29,"gold_loss":0,"cards_obtained":["Writhe"]},{"damage_healed":0,"gold_gain":0,"player_choice":"Read","damage_taken":0,"max_hp_gain":0,"max_hp_loss":0,"event_name":"The Library","floor":31,"gold_loss":0,"cards_obtained":["Sword Boomerang"]},{"damage_healed":0,"gold_gain":0,"player_choice":"Memory 1","damage_taken":0,"max_hp_gain":0,"max_hp_loss":0,"event_name":"SensoryStone","floor":41,"gold_loss":0},{"damage_healed":0,"gold_gain":0,"player_choice":"Embrace Madness","damage_taken":12,"max_hp_gain":0,"max_hp_loss":0,"event_name":"Winding Halls","floor":45,"gold_loss":0,"cards_obtained":["Madness","Madness"]},{"cards_removed":["Strike_R"],"damage_healed":0,"gold_gain":0,"player_choice":"Removed Attack","damage_taken":0,"max_hp_gain":0,"max_hp_loss":0,"event_name":"Falling","floor":48,"gold_loss":0}],"is_beta":false,"boss_relics":[{"not_picked":["Runic Pyramid","Black Star"],"picked":"Velvet Choker"},{"not_picked":["Busted Crown","Sozu"],"picked":"Orrery"}],"items_purged_floors":[2,21,37],"is_endless":false,"potions_floor_spawned":[1,6,8,16,18,19,25,35,36,42],"ascension_level":1}