{"gold_per_floor":[113,130,145,161,33,66,66,16,84,84,94,120,140,140,140,140],"floor_reached":16,"playtime":720,"items_purged":["Strike_R"],"score":207,"play_id":"b7b5512c-74b7-42fe-a6e6-ec787c7287b0","local_time":"20190305012028","is_ascension_mode":true,"campfire_choices":[{"floor":7,"key":"REST"},{"data":"Clothesline","floor":10,"key":"SMITH"},{"floor":15,"key":"REST"}],"neow_cost":"NONE","seed_source_timestamp":91520548578765,"circlet_count":0,"master_deck":["AscendersBane","Strike_R","Strike_R","Strike_R","Strike_R","Defend_R","Defend_R","Defend_R","Defend_R","Bash","Fiend Fire","Clash","Disarm","Battle Trance","Bloodletting","Clothesline+1","Double Tap","Wild Strike","Armaments"],"relics":["Burning Blood","Girya","Question Card","Strawberry","Magic Flower"],"potions_floor_usage":[4,6,6,11],"damage_taken":[{"damage":14,"enemies":"Jaw Worm","floor":1,"turns":4},{"damage":4,"enemies":"2 Louse","floor":2,"turns":3},{"damage":5,"enemies":"Small Slimes","floor":3,"turns":4},{"damage":12,"enemies":"Exordium Thugs","floor":4,"turns":4},{"damage":55,"enemies":"3 Sentries","floor":6,"turns":13},{"damage":2,"enemies":"Exordium Wildlife","floor":11,"turns":3},{"damage":22,"enemies":"Lagavulin","floor":12,"turns":6},{"damage":9,"enemies":"Looter","floor":13,"turns":4},{"damage":28,"enemies":"Slime Boss","floor":16,"turns":6}],"seed_played":"4144191164021843602","potions_obtained":[{"floor":3,"key":"EntropicBrew"},{"floor":6,"key":"Explosive Potion"}],"is_trial":false,"path_per_floor":["M","M","M","M","$","E","R","?","T","R","M","E","M","?","R","B"],"character_chosen":"IRONCLAD","items_purchased":["Clothesline"],"campfire_rested":2,"item_purchase_floors":[5],"current_hp_per_floor":[60,62,63,57,57,8,30,30,30,30,34,25,22,4,28,0],"gold":140,"neow_bonus":"ONE_RANDOM_RARE_CARD","is_prod":false,"is_daily":false,"chose_seed":false,"campfire_upgraded":1,"win_rate":0,"timestamp":1551766828,"path_taken":["M","M","M","M","$","E","R","?","T","R","M","E","M","?","R","BOSS"],"build_version":"2019-01-23","purchased_purges":1,"victory":false,"max_hp_per_floor":[75,75,75,75,75,75,75,75,75,75,75,82,82,82,82,82],"card_choices":[{"not_picked":["Perfected Strike","Sword Boomerang"],"picked":"Clash","floor":1},{"not_picked":["Armaments","Blood for Blood"],"picked":"Disarm","floor":2},{"not_picked":["Searing Blow","Perfected Strike"],"picked":"Battle Trance","floor":3},{"not_picked":["Clash","Cleave"],"picked":"Bloodletting","floor":4},{"not_picked":["Pommel Strike","Sever Soul"],"picked":"Double Tap","floor":6},{"not_picked":["Thunderclap","Bloodletting","Rampage"],"picked":"Wild Strike","floor":11},{"not_picked":["Burning Pact","Seeing Red","Perfected Strike"],"picked":"Armaments","floor":12},{"not_picked":["Carnage","Armaments","Hemokinesis","Clothesline"],"picked":"SKIP","floor":13}],"player_experience":855377,"relics_obtained":[{"floor":6,"key":"Girya"},{"floor":9,"key":"Question Card"},{"floor":12,"key":"Strawberry"}],"event_choices":[{"damage_healed":0,"gold_gain":0,"player_choice":"Left Gold","damage_taken":0,"max_hp_gain":0,"max_hp_loss":0,"event_name":"World of Goop","floor":8,"gold_loss":50},{"damage_healed":0,"gold_gain":0,"player_choice":"Success","damage_taken":18,"relics_obtained":["Magic Flower"],"max_hp_gain":0,"max_hp_loss":0,"event_name":"Scrap Ooze","floor":14,"gold_loss":0}],"is_beta":false,"boss_relics":[],"items_purged_floors":[5],"is_endless":false,"potions_floor_spawned":[3,6],"killed_by":"Slime Boss","ascension_level":17}