{"path_per_floor":["M","M","M","M","M","R","$","M","T","R","M","$","M","M","R"],"character_chosen":"THE_SILENT","items_purchased":[],"gold_per_floor":[115,128,144,164,183,183,108,123,149,149,169,69,86,105,105,105],"floor_reached":16,"campfire_rested":1,"playtime":1837,"current_hp_per_floor":[69,67,67,53,51,51,51,21,21,42,39,39,36,36,36,0],"items_purged":["Strike_G","Defend_G"],"gold":105,"score":98,"play_id":"7b547de4-b3f3-4fb3-8014-e347b442f732","local_time":"20180407191345","is_prod":false,"is_daily":false,"is_ascension_mode":false,"campfire_upgraded":2,"timestamp":1523121225,"path_taken":["M","M","M","M","M","R","$","M","T","R","M","$","?","M","R","BOSS"],"build_version":"2018-04-05v2","purchased_purges":2,"victory":false,"master_deck":["Defend_G","Defend_G","Defend_G","Defend_G","Strike_G","Strike_G","Strike_G","Strike_G","Survivor","Neutralize","Acrobatics","Prepared+1","Distraction","Backflip","Flechettes+1","Escape Plan","Distraction","Poisoned Stab"],"max_hp_per_floor":[70,70,70,70,70,70,70,70,70,70,70,70,70,70,70,70],"relics":["Ring of the Snake","Happy Flower"],"card_choices":[{"not_picked":["Glass Knife","Masterful Stab"],"picked":"Acrobatics","floor":1},{"not_picked":["Quick Slash","Outmaneuver"],"picked":"Prepared","floor":2},{"not_picked":["Dagger Spray","Dodge and Roll"],"picked":"Distraction","floor":3},{"not_picked":["Dagger Spray","Predator"],"picked":"Backflip","floor":4},{"not_picked":["Bane","Night Terror"],"picked":"Flechettes","floor":5},{"not_picked":["Dodge and Roll","PiercingWail"],"picked":"Escape Plan","floor":8},{"not_picked":["Deflect","Accuracy"],"picked":"Distraction","floor":11},{"not_picked":["Dagger Spray","Deadly Poison"],"picked":"Poisoned Stab","floor":13}],"player_experience":73940,"potions_floor_usage":[13,16,16,16],"damage_taken":[{"damage":1,"enemies":"Cultist","floor":1,"turns":3},{"damage":2,"enemies":"Jaw Worm","floor":2,"turns":5},{"damage":0,"enemies":"2 Louse","floor":3,"turns":4},{"damage":14,"enemies":"Lots of Slimes","floor":4,"turns":8},{"damage":2,"enemies":"Blue Slaver","floor":5,"turns":6},{"damage":30,"enemies":"Exordium Thugs","floor":8,"turns":10},{"damage":3,"enemies":"Exordium Wildlife","floor":11,"turns":4},{"damage":3,"enemies":"Large Slime","floor":13,"turns":7},{"damage":0,"enemies":"Red Slaver","floor":14,"turns":5},{"damage":37,"enemies":"Slime Boss","floor":16,"turns":7}],"event_choices":[],"boss_relics":[],"potions_floor_spawned":[1,4,13],"seed_played":"4567339983996372832","killed_by":"Slime Boss","ascension_level":0,"is_trial":false}