{"path_per_floor":["M","$","M","M","$","R","?","E","T","?","R","E","R","M","R","B",null,"M","?","$","M","?","R","M","$","T","R","M","M","R","?","R","B",null,"M","?","?","?","M","R","$","M","T","R","$","?","M","M","R","B"],"character_chosen":"DEFECT","items_purchased":["Buffer","Bandage Up","Orichalcum","Shuriken","Capacitor"],"gold_per_floor":[218,143,157,171,5,5,5,34,83,63,63,97,97,110,110,212,212,229,229,229,240,240,240,257,113,113,113,123,140,140,140,140,236,266,284,284,284,284,295,295,38,50,50,50,27,327,339,352,352,352],"floor_reached":51,"campfire_rested":0,"playtime":3384,"current_hp_per_floor":[68,68,68,62,62,62,55,35,35,35,35,28,28,40,40,36,75,47,47,47,41,27,27,19,19,19,19,25,41,41,41,41,14,85,71,76,76,76,77,77,77,74,74,74,74,74,85,85,85,10],"items_purged":["Strike_B"],"gold":352,"score":653,"play_id":"50b3537a-6f34-47af-a5b1-60de20c95616","local_time":"20180508003037","is_prod":false,"is_daily":false,"chose_seed":false,"is_ascension_mode":false,"campfire_upgraded":11,"timestamp":1525753837,"path_taken":["M","$","M","M","$","R","?","E","T","?","R","E","R","M","R","BOSS","M","?","$","?","?","R","M","?","T","R","M","M","R","?","R","BOSS","M","?","?","?","M","R","$","M","T","R","$","?","M","M","R","BOSS"],"build_version":"2018-05-03","seed_source_timestamp":523286906198407,"purchased_purges":2,"victory":true,"master_deck":["Strike_B+1","Strike_B+1","Defend_B+1","Defend_B+1","Defend_B+1","Zap+1","Dualcast","Ball Lightning+1","Defragment+1","Skim+1","Buffer+1","Bandage Up+1","Scrape+1","Go for the Eyes+1","Hello World+1","Reboot+1","Self Repair+1","Impulse+1","Hello World+1","Ball Lightning+1","Creative AI+1","Streamline+1","All For One+1","Sunder+1","Auto Shields+1","Storm+1","Capacitor+1","Hologram+1"],"max_hp_per_floor":[75,75,75,75,75,75,75,75,75,75,75,75,75,75,75,75,75,75,75,75,75,80,80,80,80,80,80,80,80,80,80,80,80,85,85,85,85,85,85,85,85,85,85,85,85,85,85,85,85,85],"relics":["Cracked Core","Blood Vial","Pen Nib","Frozen Egg 2","Snecko Eye","Orichalcum","Unceasing Top","Tiny House","Shuriken","Mercury Hourglass"],"card_choices":[{"not_picked":["Barrage","Undo"],"picked":"Ball Lightning","floor":1},{"not_picked":["Go for the Eyes","Recycle"],"picked":"Defragment","floor":3},{"not_picked":["Rebound","Turbo"],"picked":"Skim","floor":4},{"not_picked":["Tempest","Capacitor"],"picked":"Scrape","floor":8},{"not_picked":["Axe Kick","Impulse"],"picked":"Go for the Eyes","floor":12},{"not_picked":["Beam Cell","Doom and Gloom"],"picked":"Hello World","floor":14},{"not_picked":["Rainbow","Fission"],"picked":"Reboot","floor":16},{"not_picked":["Turbo","Beam Cell"],"picked":"Self Repair","floor":21},{"not_picked":["Capacitor","Barrage"],"picked":"Impulse","floor":24},{"not_picked":["FTL","Leap"],"picked":"Hello World","floor":28},{"not_picked":["Barrage","Reboot"],"picked":"Ball Lightning","floor":29},{"not_picked":["Hyperbeam","Fusion"],"picked":"Creative AI","floor":33},{"not_picked":["Cold Snap","Impulse"],"picked":"Beam Cell","floor":34},{"not_picked":["Recycle","Skim"],"picked":"Streamline","floor":35},{"not_picked":["Streamline","Barrage"],"picked":"Auto Shields","floor":39},{"not_picked":["BootSequence","Reinforced Body"],"picked":"Storm","floor":42},{"not_picked":["Glacier","Streamline"],"picked":"Hologram","floor":48}],"player_experience":35015,"potions_floor_usage":[14,21,33,33,50,50],"damage_taken":[{"damage":7,"enemies":"Small Slimes","floor":1,"turns":3},{"damage":0,"enemies":"Cultist","floor":3,"turns":2},{"damage":6,"enemies":"Jaw Worm","floor":4,"turns":3},{"damage":20,"enemies":"Gremlin Nob","floor":8,"turns":5},{"damage":13,"enemies":"Lagavulin","floor":12,"turns":5},{"damage":3,"enemies":"3 Louse","floor":14,"turns":4},{"damage":10,"enemies":"The Guardian","floor":16,"turns":9},{"damage":32,"enemies":"Shell Parasite","floor":18,"turns":6},{"damage":12,"enemies":"3 Byrds","floor":21,"turns":4},{"damage":24,"enemies":"Snake Plant","floor":24,"turns":5},{"damage":10,"enemies":"Centurion and Healer","floor":28,"turns":9},{"damage":0,"enemies":"Chosen and Byrds","floor":29,"turns":6},{"damage":73,"enemies":"Champ","floor":33,"turns":15},{"damage":28,"enemies":"Flame Bruiser 1 Orb","floor":35,"turns":7},{"damage":15,"enemies":"3 Darklings","floor":39,"turns":5},{"damage":19,"enemies":"Maw","floor":42,"turns":6},{"damage":0,"enemies":"Sphere and 2 Shapes","floor":47,"turns":2},{"damage":9,"enemies":"Spire Growth","floor":48,"turns":4},{"damage":75,"enemies":"Donu and Deca","floor":50,"turns":7}],"event_choices":[{"event_name":"Golden Wing","player_choice":"Card Removal","floor":7,"damage_taken":0},{"event_name":"The Woman in Blue","player_choice":"Bought 1 Potion","floor":10,"damage_taken":0},{"event_name":"Ghosts","player_choice":"Ignored","floor":19,"damage_taken":0},{"event_name":"Forgotten Altar","player_choice":"Shed Blood","floor":22,"damage_taken":0},{"event_name":"Back to Basics","player_choice":"Simplicity","floor":31,"damage_taken":0},{"event_name":"Bonfire Elementals","player_choice":"COMMON","floor":36,"damage_taken":0},{"event_name":"Match and Keep!","player_choice":"2 cards matched","floor":37,"damage_taken":0},{"event_name":"Wheel of Change","player_choice":"Gold","floor":46,"damage_taken":0}],"boss_relics":[{"not_picked":["Lizard Tail","Cursed Key"],"picked":"Snecko Eye"},{"not_picked":["Inserter","Philosopher\u0027s Stone"],"picked":"Tiny House"}],"potions_floor_spawned":[4,8,14,16,21,24,42,47],"seed_played":"3718725015755985643","ascension_level":0,"is_trial":false}