{"gold_per_floor":[109,109,284,359,26,57,57,76,102,122,122,25,60,10,10,108,108,123,38,38,57,76,76,76,76,76,108,8,8,0,0,0,0],"floor_reached":33,"playtime":1422,"items_purged":["Doubt","Writhe"],"score":419,"play_id":"99da1027-432a-44b7-8594-bbf7d7694755","local_time":"20190308125811","is_ascension_mode":true,"campfire_choices":[{"data":"Coolheaded","floor":7,"key":"SMITH"},{"floor":11,"key":"REST"},{"data":"Ball Lightning","floor":15,"key":"SMITH"},{"floor":23,"key":"REST"},{"data":"Electrodynamics","floor":25,"key":"SMITH"},{"floor":29,"key":"REST"},{"floor":32,"key":"REST"}],"neow_cost":"NONE","seed_source_timestamp":77332002705118,"circlet_count":0,"master_deck":["Strike_B","Strike_B","Strike_B","Strike_B","Defend_B","Defend_B","Defend_B","Defend_B","Zap","Dualcast","Coolheaded+1","Ball Lightning+1","Conserve Battery","Cold Snap","Electrodynamics+1","Capacitor"],"relics":["FrozenCore","Centennial Puzzle","Lee\u0027s Waffle","Singing Bowl","Ancient Tea Set","Matryoshka","Regal Pillow","Emotion Chip","Strawberry","Bird Faced Urn","Prayer Wheel"],"potions_floor_usage":[6,13,13,13,16,22,27,27,33],"damage_taken":[{"damage":0,"enemies":"2 Louse","floor":1,"turns":3},{"damage":40,"enemies":"3 Sentries","floor":6,"turns":11},{"damage":2,"enemies":"Small Slimes","floor":8,"turns":4},{"damage":0,"enemies":"Jaw Worm","floor":10,"turns":3},{"damage":0,"enemies":"Gremlin Nob","floor":13,"turns":2},{"damage":62,"enemies":"Hexaghost","floor":16,"turns":11},{"damage":12,"enemies":"Chosen","floor":18,"turns":6},{"damage":8,"enemies":"Spheric Guardian","floor":21,"turns":5},{"damage":20,"enemies":"Snecko","floor":22,"turns":7},{"damage":77,"enemies":"Book of Stabbing","floor":27,"turns":9},{"damage":130,"enemies":"Automaton","floor":33,"turns":12}],"seed_played":"-5418168308663909949","potions_obtained":[{"floor":1,"key":"EssenceOfSteel"},{"floor":10,"key":"SkillPotion"},{"floor":16,"key":"PowerPotion"},{"floor":18,"key":"Regen Potion"},{"floor":21,"key":"Swift Potion"},{"floor":27,"key":"EssenceOfSteel"}],"is_trial":false,"path_per_floor":["M","?","?","?","$","E","R","M","T","M","R","$","E","$","R","B",null,"M","?","?","M","M","R","?","R","T","E","$","R","?","?","R","B"],"character_chosen":"DEFECT","items_purchased":["Lee\u0027s Waffle","SteroidPotion","Conserve Battery","PowerPotion","Poison Potion"],"campfire_rested":4,"item_purchase_floors":[5,5,12,12,14],"current_hp_per_floor":[68,68,68,57,82,42,42,40,40,42,67,67,67,67,67,5,64,52,52,44,38,20,61,61,61,68,12,12,56,56,56,97,0],"gold":0,"neow_bonus":"RANDOM_COMMON_RELIC","is_prod":false,"is_daily":false,"chose_seed":false,"campfire_upgraded":3,"win_rate":0,"timestamp":1552071491,"path_taken":["M","?","?","?","$","E","R","M","T","?","R","$","E","$","R","BOSS","M","?","?","?","M","R","?","R","T","E","?","R","?","?","R","BOSS"],"build_version":"2019-01-23","purchased_purges":2,"victory":false,"max_hp_per_floor":[75,75,75,75,82,82,82,82,82,84,84,84,84,84,84,84,84,84,84,84,86,88,88,88,88,95,97,97,97,97,97,97,97],"card_choices":[{"not_picked":["Doom and Gloom","Force Field","Chill"],"picked":"SKIP","floor":1},{"not_picked":["Darkness","Undo"],"picked":"Coolheaded","floor":6},{"not_picked":["Go for the Eyes","Chill"],"picked":"Ball Lightning","floor":8},{"not_picked":["Redo","Sweeping Beam","Stack"],"picked":"Singing Bowl","floor":10},{"not_picked":["Turbo","Conserve Battery"],"picked":"Cold Snap","floor":13},{"not_picked":["Multi-Cast","All For One"],"picked":"Electrodynamics","floor":16},{"not_picked":["Scrape","Auto Shields"],"picked":"Capacitor","floor":18},{"not_picked":["Ball Lightning","Stack+1","Beam Cell"],"picked":"Singing Bowl","floor":21},{"not_picked":["Rebound","Go for the Eyes","Ball Lightning"],"picked":"Singing Bowl","floor":22},{"not_picked":["Ball Lightning+1","Blizzard","Doom and Gloom"],"picked":"Singing Bowl","floor":27}],"player_experience":299169,"relics_obtained":[{"floor":6,"key":"Singing Bowl"},{"floor":9,"key":"Ancient Tea Set"},{"floor":13,"key":"Matryoshka"},{"floor":26,"key":"Strawberry"},{"floor":26,"key":"Bird Faced Urn"},{"floor":27,"key":"Prayer Wheel"}],"event_choices":[{"damage_healed":0,"gold_gain":0,"player_choice":"Leave","damage_taken":0,"max_hp_gain":0,"max_hp_loss":0,"event_name":"The Cleric","floor":2,"gold_loss":0},{"damage_healed":0,"gold_gain":175,"player_choice":"AGREE","damage_taken":0,"max_hp_gain":0,"max_hp_loss":0,"event_name":"Liars Game","floor":3,"gold_loss":0,"cards_obtained":["Doubt"]},{"damage_healed":0,"gold_gain":75,"player_choice":"Gather Gold","damage_taken":11,"max_hp_gain":0,"max_hp_loss":0,"event_name":"World of Goop","floor":4,"gold_loss":0},{"damage_healed":0,"gold_gain":0,"player_choice":"Obtained Relic","damage_taken":0,"relics_obtained":["Regal Pillow"],"max_hp_gain":0,"max_hp_loss":0,"event_name":"Addict","floor":19,"gold_loss":85},{"damage_healed":0,"gold_gain":0,"player_choice":"","damage_taken":8,"max_hp_gain":0,"max_hp_loss":0,"event_name":"Knowing Skull","floor":20,"potions_obtained":[],"gold_loss":0,"cards_obtained":[]},{"damage_healed":0,"gold_gain":0,"player_choice":"Opened","damage_taken":0,"relics_obtained":["Emotion Chip"],"max_hp_gain":0,"max_hp_loss":0,"event_name":"The Mausoleum","floor":24,"gold_loss":0,"cards_obtained":["Writhe"]},{"damage_healed":0,"gold_gain":0,"player_choice":"Paid Fearfully","damage_taken":0,"max_hp_gain":0,"max_hp_loss":0,"event_name":"Masked Bandits","floor":30,"gold_loss":8},{"damage_healed":0,"gold_gain":0,"player_choice":"Ignored","damage_taken":0,"max_hp_gain":0,"max_hp_loss":0,"event_name":"Vampires","floor":31,"gold_loss":0}],"is_beta":false,"boss_relics":[{"not_picked":["Coffee Dripper","Astrolabe"],"picked":"FrozenCore"}],"items_purged_floors":[5,28],"is_endless":false,"potions_floor_spawned":[1,10,16,18,21,27],"killed_by":"Automaton","ascension_level":7}