{"gold_per_floor":[115,131,145,145,2,30,30,30,30,43,77,77,95,115,115,241,241,255,274,294,294,294,294,309,343,343,268,289,289],"floor_reached":29,"playtime":1463,"items_purged":[],"score":257,"play_id":"3c5ca035-56f0-4ba1-9d36-5711085f6181","local_time":"20180728124250","is_ascension_mode":false,"campfire_choices":[{"data":"Zap","floor":12,"key":"SMITH"},{"data":"Hologram","floor":15,"key":"SMITH"},{"data":"Redo","floor":23,"key":"SMITH"}],"neow_cost":"","seed_source_timestamp":1357097863112623,"circlet_count":0,"master_deck":["Strike_B","Strike_B","Strike_B","Defend_B","Defend_B","Defend_B","Defend_B","Zap+1","Dualcast","Sweeping Beam","Cold Snap","Redo+1","Ball Lightning","Reinforced Body","Hologram+1","Rip and Tear","Core Surge","Ball Lightning+1","Conserve Battery+1","Buffer","White Noise"],"relics":["Cracked Core","Bronze Scales","Meat on the Bone","Golden Idol","Regal Pillow","Strawberry","Black Star","Matryoshka","Ancient Tea Set","Centennial Puzzle","Pantograph","Orichalcum"],"potions_floor_usage":[6,11,16,18,25,25],"damage_taken":[{"damage":0,"enemies":"Jaw Worm","floor":1,"turns":4},{"damage":0,"enemies":"2 Louse","floor":2,"turns":3},{"damage":0,"enemies":"Cultist","floor":3,"turns":3},{"damage":19,"enemies":"Gremlin Nob","floor":6,"turns":4},{"damage":0,"enemies":"2 Fungi Beasts","floor":10,"turns":2},{"damage":2,"enemies":"3 Sentries","floor":11,"turns":5},{"damage":0,"enemies":"Blue Slaver","floor":13,"turns":3},{"damage":0,"enemies":"Exordium Wildlife","floor":14,"turns":3},{"damage":11,"enemies":"Hexaghost","floor":16,"turns":9},{"damage":28,"enemies":"2 Thieves","floor":18,"turns":4},{"damage":5,"enemies":"3 Byrds","floor":19,"turns":3},{"damage":17,"enemies":"Snake Plant","floor":20,"turns":4},{"damage":17,"enemies":"Snecko","floor":24,"turns":5},{"damage":17,"enemies":"Book of Stabbing","floor":25,"turns":5},{"damage":14,"enemies":"Slaver and Parasite","floor":28,"turns":5},{"damage":49,"enemies":"Slavers","floor":29,"turns":4}],"seed_played":"-2204082797577996422","potions_obtained":[{"floor":1,"key":"FocusPotion"},{"floor":3,"key":"EssenceOfSteel"},{"floor":6,"key":"EssenceOfSteel"},{"floor":16,"key":"SkillPotion"},{"floor":20,"key":"Weak Potion"},{"floor":24,"key":"Fire Potion"}],"is_trial":false,"path_per_floor":["M","M","M","?","$","E","?","$","T","M","E","R","M","M","R","B",null,"M","M","M","T","?","R","M","E","T","?","M"],"character_chosen":"DEFECT","items_purchased":["Bronze Scales"],"campfire_rested":0,"item_purchase_floors":[5],"current_hp_per_floor":[75,75,75,75,75,56,38,38,38,38,55,55,55,55,55,44,82,54,49,44,44,71,71,54,49,49,49,47,0],"gold":289,"neow_bonus":"","is_prod":false,"is_daily":false,"chose_seed":false,"campfire_upgraded":3,"win_rate":0,"timestamp":1532770970,"path_taken":["M","M","M","?","?","E","?","?","T","M","E","R","?","M","R","BOSS","M","M","?","?","?","R","M","E","T","?","M","E"],"build_version":"2018-07-26","purchased_purges":0,"victory":false,"max_hp_per_floor":[75,75,75,75,75,75,75,75,75,75,82,82,82,82,82,82,82,82,82,82,82,82,82,82,82,82,82,82,82],"card_choices":[{"not_picked":["Aggregate","Auto Shields"],"picked":"Sweeping Beam","floor":1},{"not_picked":["Sweeping Beam","Turbo"],"picked":"Cold Snap","floor":2},{"not_picked":["Lockon","Rip and Tear"],"picked":"Redo","floor":3},{"not_picked":["Cold Snap","Aggregate"],"picked":"Ball Lightning","floor":6},{"not_picked":["Redo","Ball Lightning","Turbo"],"picked":"SKIP","floor":10},{"not_picked":["Doom and Gloom","Beam Cell"],"picked":"Reinforced Body","floor":11},{"not_picked":["Sweeping Beam","Barrage"],"picked":"Hologram","floor":13},{"not_picked":["Aggregate","Redo"],"picked":"Rip and Tear","floor":14},{"not_picked":["Thunder Strike","All For One"],"picked":"Core Surge","floor":16},{"not_picked":["Hologram","Barrage"],"picked":"Ball Lightning+1","floor":18},{"not_picked":["Cold Snap","Barrage","Steam"],"picked":"SKIP","floor":19},{"not_picked":["Ball Lightning+1","Blizzard"],"picked":"Conserve Battery+1","floor":20},{"not_picked":["Barrage+1","Stack","Scrape"],"picked":"SKIP","floor":24},{"not_picked":["Skim","Hologram+1"],"picked":"Buffer","floor":25},{"not_picked":["Turbo","Sweeping Beam"],"picked":"White Noise","floor":28}],"player_experience":146552,"relics_obtained":[{"floor":6,"key":"Meat on the Bone"},{"floor":9,"key":"Regal Pillow"},{"floor":11,"key":"Strawberry"},{"floor":21,"key":"Matryoshka"},{"floor":25,"key":"Ancient Tea Set"},{"floor":25,"key":"Centennial Puzzle"},{"floor":26,"key":"Pantograph"},{"floor":26,"key":"Orichalcum"}],"event_choices":[{"event_name":"Liars Game","player_choice":"disagreed","floor":4,"damage_taken":0},{"event_name":"Golden Idol","player_choice":"Take Damage","floor":7,"damage_taken":0},{"event_name":"The Library","player_choice":"Heal","floor":22,"damage_taken":0},{"event_name":"Beggar","player_choice":"Gave Gold","floor":27,"damage_taken":0}],"is_beta":false,"boss_relics":[{"not_picked":["Eternal Feather","Philosopher\u0027s Stone"],"picked":"Black Star"}],"items_purged_floors":[],"is_endless":false,"potions_floor_spawned":[1,3,6,16,20,24],"killed_by":"Slavers","ascension_level":0}