{"gold_per_floor":[118,418,430,430,67,97,110,141,141,205,205,175,175,195,195,298,298,308,308,308,6,23,58,58,83,129,129,147,97,116,140,140,243,243,261,141,189,205,11,38,38,65,65,65,65,77,77,88,88,88,88,88,38,63,63],"floor_reached":56,"playtime":6800,"items_purged":["Strike_B","Strike_B","Strike_B","Strike_B","Defend_B"],"score":1772,"play_id":"69bf2d94-f1e0-4cd8-a277-d96c5aa8fa6f","local_time":"20190217102944","is_ascension_mode":true,"campfire_choices":[{"data":"Defragment","floor":11,"key":"SMITH"},{"data":"Zap","floor":13,"key":"SMITH"},{"data":"Loop","floor":15,"key":"SMITH"},{"floor":24,"key":"REST"},{"data":"Amplify","floor":27,"key":"SMITH"},{"floor":32,"key":"REST"},{"floor":41,"key":"REST"},{"data":"Loop","floor":45,"key":"SMITH"},{"data":"Defragment","floor":47,"key":"SMITH"},{"floor":49,"key":"RECALL"},{"data":"Double Energy","floor":52,"key":"SMITH"}],"neow_cost":"NONE","seed_source_timestamp":159792733129753,"circlet_count":0,"master_deck":["Defend_B","Defend_B","Zap+1","Dualcast","Conserve Battery","Cold Snap","Loop+1","Defragment+1","Coolheaded","Undo","Auto Shields","Loop+1","Amplify+1","Doom and Gloom","Redo","Go for the Eyes","Redo+1","Go for the Eyes+1","Reinforced Body","Defragment+1","Electrodynamics","Buffer+1","Stack","Double Energy+1","Conserve Battery+1","Amplify+1","Redo+1","Storm"],"relics":["Cracked Core","NeowsBlessing","Old Coin","Symbiotic Virus","FossilizedHelix","Smiling Mask","Pocketwatch","Tiny Chest","Runic Pyramid","Blue Candle","Ancient Tea Set","Torii","Regal Pillow","DataDisk","PreservedInsect","Busted Crown","Dead Branch","DollysMirror","Art of War","Gremlin Horn","Lantern"],"potions_floor_usage":[8,25,25,55,55,55],"damage_taken":[{"damage":0,"enemies":"2 Louse","floor":1,"turns":1},{"damage":0,"enemies":"Cultist","floor":3,"turns":1},{"damage":0,"enemies":"Gremlin Nob","floor":6,"turns":1},{"damage":0,"enemies":"Jaw Worm","floor":7,"turns":3},{"damage":6,"enemies":"Lagavulin","floor":8,"turns":5},{"damage":8,"enemies":"3 Sentries","floor":10,"turns":9},{"damage":6,"enemies":"Lots of Slimes","floor":14,"turns":5},{"damage":0,"enemies":"The Guardian","floor":16,"turns":5},{"damage":0,"enemies":"Spheric Guardian","floor":18,"turns":4},{"damage":0,"enemies":"Shell Parasite","floor":22,"turns":3},{"damage":40,"enemies":"Book of Stabbing","floor":23,"turns":5},{"damage":38,"enemies":"Gremlin Leader","floor":25,"turns":6},{"damage":1,"enemies":"Centurion and Healer","floor":28,"turns":5},{"damage":12,"enemies":"Snake Plant","floor":30,"turns":4},{"damage":7,"enemies":"Champ","floor":33,"turns":6},{"damage":9,"enemies":"3 Darklings","floor":35,"turns":3},{"damage":32,"enemies":"2 Orb Walkers","floor":37,"turns":6},{"damage":0,"enemies":"3 Shapes","floor":38,"turns":5},{"damage":1,"enemies":"Giant Head","floor":40,"turns":4},{"damage":0,"enemies":"Nemesis","floor":42,"turns":5},{"damage":0,"enemies":"Writhing Mass","floor":46,"turns":6},{"damage":0,"enemies":"Jaw Worm Horde","floor":48,"turns":4},{"damage":0,"enemies":"Time Eater","floor":50,"turns":4},{"damage":53,"enemies":"Shield and Spear","floor":54,"turns":5},{"damage":13,"enemies":"The Heart","floor":55,"turns":8}],"seed_played":"-5831294651207057348","potions_obtained":[{"floor":3,"key":"Strength Potion"},{"floor":7,"key":"SkillPotion"},{"floor":8,"key":"SneckoOil"},{"floor":12,"key":"Regen Potion"},{"floor":12,"key":"SteroidPotion"},{"floor":28,"key":"PowerPotion"},{"floor":30,"key":"Dexterity Potion"},{"floor":38,"key":"FocusPotion"}],"is_trial":false,"path_per_floor":["M","?","M","?","$","E","M","E","T","E","R","?","R","M","R","B",null,"M","?","?","$","M","E","R","E","T","R","M","$","M","T","R","B",null,"M","$","?","M","$","E","R","E","T","?","R","M","R","M","R","B",null,"R","$","E","B",null],"character_chosen":"DEFECT","items_purchased":["Symbiotic Virus","Loop","Ancient Tea Set","Redo","Go for the Eyes","Double Energy","DollysMirror"],"campfire_rested":3,"item_purchase_floors":[5,5,21,21,21,36,39],"current_hp_per_floor":[68,68,68,68,68,68,68,62,62,54,54,54,54,48,48,48,68,68,68,68,68,68,28,50,26,26,26,25,25,13,13,50,43,67,58,58,26,26,26,25,62,62,62,62,62,62,62,62,62,62,72,72,72,19,6],"gold":63,"neow_bonus":"THREE_ENEMY_KILL","is_prod":false,"is_daily":false,"chose_seed":false,"campfire_upgraded":7,"win_rate":0,"timestamp":1550417384,"path_taken":["M","?","?","?","?","E","?","E","T","E","R","?","R","?","R","BOSS","M","?","?","$","M","E","R","E","T","R","M","$","M","?","R","BOSS","M","$","?","M","$","E","R","E","T","?","R","?","R","M","R","BOSS","R","$","E","BOSS"],"build_version":"2019-01-23","purchased_purges":5,"victory":true,"max_hp_per_floor":[75,75,75,75,75,75,75,75,75,75,75,75,75,75,75,75,75,75,75,75,75,75,75,75,75,75,75,75,75,75,75,75,75,75,75,75,75,75,75,75,75,75,75,75,75,75,75,75,75,75,75,75,75,75,75],"card_choices":[{"not_picked":["Stack","Fusion"],"picked":"Conserve Battery","floor":1},{"not_picked":["Chill","Beam Cell"],"picked":"Cold Snap","floor":3},{"not_picked":["Ball Lightning","Cold Snap"],"picked":"Defragment","floor":6},{"not_picked":["Consume","Barrage"],"picked":"Coolheaded","floor":7},{"not_picked":["Double Energy","Conserve Battery"],"picked":"Undo","floor":8},{"not_picked":["Force Field","Redo"],"picked":"Auto Shields","floor":10},{"not_picked":["Stack","Turbo"],"picked":"Loop","floor":14},{"not_picked":["Thunder Strike","Hyperbeam"],"picked":"Amplify","floor":16},{"not_picked":["Gash+1","Turbo","Chaos"],"picked":"SKIP","floor":18},{"not_picked":["Turbo","Hologram"],"picked":"Redo+1","floor":22},{"not_picked":["Skim","Compile Driver+1"],"picked":"Go for the Eyes+1","floor":23},{"not_picked":["Rebound","Go for the Eyes"],"picked":"Reinforced Body","floor":25},{"not_picked":["Barrage","Sweeping Beam"],"picked":"Defragment","floor":28},{"not_picked":["Chill","Barrage"],"picked":"Electrodynamics","floor":30},{"not_picked":["Thunder Strike","Machine Learning"],"picked":"Buffer","floor":33},{"not_picked":[],"picked":"Stack","floor":35},{"not_picked":[],"picked":"Conserve Battery+1","floor":37},{"not_picked":["Ball Lightning+1"],"picked":"SKIP","floor":38},{"not_picked":["Barrage+1"],"picked":"SKIP","floor":40},{"not_picked":["Skim+1"],"picked":"SKIP","floor":42},{"not_picked":["Skim+1"],"picked":"SKIP","floor":46},{"not_picked":[],"picked":"Redo+1","floor":48},{"not_picked":[],"picked":"Storm","floor":54}],"player_experience":1587529,"relics_obtained":[{"floor":2,"key":"Old Coin"},{"floor":6,"key":"FossilizedHelix"},{"floor":8,"key":"Smiling Mask"},{"floor":9,"key":"Pocketwatch"},{"floor":10,"key":"Tiny Chest"},{"floor":23,"key":"Torii"},{"floor":25,"key":"Regal Pillow"},{"floor":26,"key":"DataDisk"},{"floor":31,"key":"PreservedInsect"},{"floor":37,"key":"Dead Branch"},{"floor":40,"key":"Art of War"},{"floor":42,"key":"Gremlin Horn"},{"floor":54,"key":"Lantern"}],"event_choices":[{"damage_healed":0,"gold_gain":0,"player_choice":"Relic","damage_taken":0,"max_hp_gain":0,"max_hp_loss":0,"event_name":"Wheel of Change","floor":2,"gold_loss":0},{"cards_removed":["Defend_B"],"damage_healed":0,"gold_gain":0,"player_choice":"Offered Basic","damage_taken":0,"max_hp_gain":0,"max_hp_loss":0,"event_name":"Bonfire Elementals","floor":4,"gold_loss":0},{"damage_healed":0,"gold_gain":0,"player_choice":"Bought 2 Potions","damage_taken":0,"max_hp_gain":0,"max_hp_loss":0,"event_name":"The Woman in Blue","floor":12,"gold_loss":0},{"damage_healed":0,"gold_gain":0,"player_choice":"Read","damage_taken":0,"max_hp_gain":0,"max_hp_loss":0,"event_name":"The Library","floor":19,"gold_loss":0,"cards_obtained":["Doom and Gloom"]},{"damage_healed":0,"gold_gain":0,"player_choice":"Opened","damage_taken":0,"relics_obtained":["Blue Candle"],"max_hp_gain":0,"max_hp_loss":0,"event_name":"The Mausoleum","floor":20,"gold_loss":0},{"damage_healed":0,"gold_gain":0,"player_choice":"Fight","damage_taken":0,"max_hp_gain":0,"max_hp_loss":0,"event_name":"Mysterious Sphere","floor":37,"gold_loss":0},{"damage_healed":0,"gold_gain":0,"player_choice":"Upgraded","damage_taken":0,"max_hp_gain":0,"max_hp_loss":0,"event_name":"Upgrade Shrine","floor":44,"gold_loss":0,"cards_upgraded":["Buffer"]}],"is_beta":false,"boss_relics":[{"not_picked":["Snecko Eye","Philosopher\u0027s Stone"],"picked":"Runic Pyramid"},{"not_picked":["Eternal Feather","Nuclear Battery"],"picked":"Busted Crown"}],"items_purged_floors":[5,21,29,36,53],"is_endless":false,"potions_floor_spawned":[3,7,8,23,28,30,38,42,48],"ascension_level":7}