{"gold_per_floor":[113,188,207,56,69,69,69,100,124,141,168,168,202,6,6,101,101,115,115,40,55,55,55,55,87,111,111,130,146,146,161,161,260,260,277,277,277,295,295,295,128,128,201,201,34,62,62,62,62,62],"floor_reached":50,"playtime":2198,"items_purged":["Defend_R","Strike_R"],"score":628,"play_id":"20d17c5b-5f99-4d05-9fce-64ca1bdf5df6","local_time":"20190222214433","is_ascension_mode":true,"campfire_choices":[{"data":"Spot Weakness","floor":6,"key":"SMITH"},{"data":"Iron Wave","floor":12,"key":"SMITH"},{"data":"Heavy Blade","floor":15,"key":"SMITH"},{"data":"Flex","floor":24,"key":"SMITH"},{"data":"Offering","floor":27,"key":"SMITH"},{"data":"Pommel Strike","floor":32,"key":"SMITH"},{"data":"Discovery","floor":40,"key":"SMITH"},{"data":"Fiend Fire","floor":42,"key":"SMITH"},{"data":"Seeing Red","floor":44,"key":"SMITH"},{"data":"Metallicize","floor":49,"key":"SMITH"}],"neow_cost":"NONE","seed_source_timestamp":485643839061000,"circlet_count":0,"master_deck":["Strike_R","Strike_R","Strike_R","Strike_R","Defend_R","Defend_R+1","Defend_R","Bash","Spot Weakness+1","Pommel Strike+1","Burning Pact","Armaments+1","Metallicize+1","Iron Wave+1","Heavy Blade+1","Flex+1","Offering+1","Sword Boomerang","Decay","Shrug It Off+1","Shame","Anger+1","Heavy Blade","Seeing Red+1","Fiend Fire+1","Iron Wave+1","Discovery+1","Clash","Metamorphosis","Metallicize","Warcry"],"relics":["Burning Blood","NeowsBlessing","Vajra","Mercury Hourglass","Du-Vu Doll","Oddly Smooth Stone","War Paint","Juzu Bracelet","Ancient Tea Set","Eternal Feather","Torii","Enchiridion","Kunai","Red Skull","Blood Vial","Runic Cube","Meat on the Bone","Centennial Puzzle"],"potions_floor_usage":[11,16,33,46,50],"damage_taken":[{"damage":0,"enemies":"2 Louse","floor":1,"turns":1},{"damage":0,"enemies":"Jaw Worm","floor":3,"turns":1},{"damage":0,"enemies":"Small Slimes","floor":5,"turns":1},{"damage":40,"enemies":"Lagavulin","floor":8,"turns":5},{"damage":0,"enemies":"Looter","floor":10,"turns":3},{"damage":1,"enemies":"3 Sentries","floor":11,"turns":6},{"damage":9,"enemies":"Gremlin Nob","floor":13,"turns":4},{"damage":14,"enemies":"Slime Boss","floor":16,"turns":8},{"damage":14,"enemies":"2 Thieves","floor":18,"turns":2},{"damage":14,"enemies":"Spheric Guardian","floor":21,"turns":3},{"damage":29,"enemies":"Book of Stabbing","floor":25,"turns":4},{"damage":8,"enemies":"Centurion and Healer","floor":28,"turns":4},{"damage":8,"enemies":"Snake Plant","floor":29,"turns":2},{"damage":0,"enemies":"Snecko","floor":31,"turns":2},{"damage":10,"enemies":"Collector","floor":33,"turns":6},{"damage":16,"enemies":"3 Darklings","floor":35,"turns":3},{"damage":10,"enemies":"3 Shapes","floor":38,"turns":7},{"damage":31,"enemies":"Giant Head","floor":46,"turns":6},{"damage":75,"enemies":"Awakened One","floor":50,"turns":8}],"seed_played":"7010210461250396989","potions_obtained":[{"floor":5,"key":"Swift Potion"},{"floor":8,"key":"Dexterity Potion"},{"floor":10,"key":"Strength Potion"},{"floor":13,"key":"Fire Potion"},{"floor":25,"key":"PowerPotion"},{"floor":33,"key":"SneckoOil"},{"floor":35,"key":"LiquidBronze"},{"floor":38,"key":"Energy Potion"}],"is_trial":false,"path_per_floor":["M","?","M","$","M","R","T","E","T","M","E","R","E","$","R","B",null,"M","?","$","M","?","?","R","E","T","R","M","M","T","M","R","B",null,"M","?","?","M","?","R","$","R","T","R","$","E","$","?","R","B"],"character_chosen":"IRONCLAD","items_purchased":["Vajra","Flex","Ancient Tea Set","Metamorphosis","Metallicize"],"campfire_rested":0,"item_purchase_floors":[4,14,14,41,45],"current_hp_per_floor":[80,69,75,75,80,80,80,46,46,52,57,57,54,54,54,46,72,64,64,64,56,56,40,52,29,29,41,39,37,37,45,60,58,75,67,67,67,65,65,80,80,80,80,80,80,55,55,55,73,0],"gold":62,"neow_bonus":"THREE_ENEMY_KILL","is_prod":false,"is_daily":false,"chose_seed":false,"campfire_upgraded":10,"win_rate":0,"timestamp":1550868273,"path_taken":["M","?","M","$","M","R","?","E","T","M","E","R","E","$","R","BOSS","M","?","$","M","?","?","R","E","T","R","M","M","?","M","R","BOSS","M","?","?","M","?","R","$","R","T","R","?","E","$","?","R","BOSS"],"build_version":"2019-01-23","purchased_purges":2,"victory":false,"max_hp_per_floor":[80,80,80,80,80,80,80,80,80,80,80,80,80,80,80,80,80,80,80,80,80,80,80,80,80,80,80,80,80,80,80,80,80,80,80,80,80,80,80,80,80,80,80,80,80,80,80,80,80,80],"card_choices":[{"not_picked":["Armaments","Iron Wave"],"picked":"Spot Weakness","floor":1},{"not_picked":["Clothesline","Body Slam"],"picked":"Pommel Strike","floor":3},{"not_picked":["Headbutt","Body Slam"],"picked":"Burning Pact","floor":5},{"not_picked":["Demon Form","Berserk"],"picked":"Armaments","floor":8},{"not_picked":["Heavy Blade","Power Through"],"picked":"Metallicize","floor":10},{"not_picked":["Thunderclap","Combust"],"picked":"Iron Wave","floor":11},{"not_picked":["True Grit","Clothesline"],"picked":"Heavy Blade","floor":13},{"not_picked":["Reaper","Fiend Fire"],"picked":"Offering","floor":16},{"not_picked":["Disarm","Shrug It Off"],"picked":"Sword Boomerang","floor":18},{"not_picked":["Fire Breathing","Metallicize"],"picked":"Shrug It Off+1","floor":21},{"not_picked":["Combust","Uppercut"],"picked":"Anger+1","floor":25},{"not_picked":["Flex","Sever Soul+1"],"picked":"Heavy Blade","floor":28},{"not_picked":["Rage","Iron Wave","Heavy Blade"],"picked":"SKIP","floor":29},{"not_picked":["Searing Blow+1","Wild Strike"],"picked":"Seeing Red","floor":31},{"not_picked":["Reaper","Brutality"],"picked":"Fiend Fire","floor":33},{"not_picked":["Havoc","Evolve"],"picked":"Iron Wave+1","floor":35},{"not_picked":["Mayhem","Chrysalis"],"picked":"Discovery","floor":36},{"not_picked":["Body Slam+1","Reckless Charge"],"picked":"Clash","floor":38},{"not_picked":["Whirlwind+1","Burning Pact"],"picked":"Warcry","floor":46}],"player_experience":342889,"relics_obtained":[{"floor":7,"key":"Mercury Hourglass"},{"floor":8,"key":"Du-Vu Doll"},{"floor":9,"key":"Oddly Smooth Stone"},{"floor":11,"key":"War Paint"},{"floor":13,"key":"Juzu Bracelet"},{"floor":23,"key":"Enchiridion"},{"floor":25,"key":"Kunai"},{"floor":26,"key":"Red Skull"},{"floor":30,"key":"Blood Vial"},{"floor":43,"key":"Meat on the Bone"},{"floor":46,"key":"Centennial Puzzle"}],"event_choices":[{"damage_healed":0,"gold_gain":75,"player_choice":"Gather Gold","damage_taken":11,"max_hp_gain":0,"max_hp_loss":0,"event_name":"World of Goop","floor":2,"gold_loss":0},{"damage_healed":0,"gold_gain":0,"player_choice":"Smashed Altar","damage_taken":0,"max_hp_gain":0,"max_hp_loss":0,"event_name":"Forgotten Altar","floor":19,"gold_loss":0,"cards_obtained":["Decay"]},{"damage_healed":0,"gold_gain":0,"player_choice":"Stole Relic","damage_taken":0,"relics_obtained":["Torii"],"max_hp_gain":0,"max_hp_loss":0,"event_name":"Addict","floor":22,"gold_loss":0,"cards_obtained":["Shame"]},{"damage_healed":0,"gold_gain":0,"player_choice":"Obtained Book","damage_taken":16,"max_hp_gain":0,"max_hp_loss":0,"event_name":"Cursed Tome","floor":23,"gold_loss":0},{"damage_healed":0,"gold_gain":0,"player_choice":"Memory 1","damage_taken":0,"max_hp_gain":0,"max_hp_loss":0,"event_name":"SensoryStone","floor":36,"gold_loss":0},{"damage_healed":0,"gold_gain":0,"player_choice":"Leave","damage_taken":0,"max_hp_gain":0,"max_hp_loss":0,"event_name":"FaceTrader","floor":37,"gold_loss":0},{"damage_healed":0,"gold_gain":0,"player_choice":"Ignored","damage_taken":0,"max_hp_gain":0,"max_hp_loss":0,"event_name":"Fountain of Cleansing","floor":39,"gold_loss":0},{"damage_healed":0,"gold_gain":0,"player_choice":"Ignored","damage_taken":0,"max_hp_gain":0,"max_hp_loss":0,"event_name":"Mysterious Sphere","floor":48,"gold_loss":0}],"is_beta":false,"boss_relics":[{"not_picked":["Sozu","Lizard Tail"],"picked":"Eternal Feather"},{"not_picked":["Orrery","Black Star"],"picked":"Runic Cube"}],"items_purged_floors":[20,45],"is_endless":false,"potions_floor_spawned":[5,8,10,13,25,33,35,38],"killed_by":"Awakened One","ascension_level":5}