{"gold_per_floor":[117,42,58,72,92,92,106,106,106,133,147,175,187,61,61,160,160,175,175,5,23,43,77,77,110,110,110,136,136,136,152,152,255,255,268,21,34,134,153,153,184,184,260,260,56,56,67,81,81,81],"floor_reached":51,"playtime":4402,"items_purged":["Defend_G","Strike_G"],"score":806,"play_id":"299b2a0d-d8ab-4d58-a60f-64493b7c4385","local_time":"20190212161154","is_ascension_mode":true,"campfire_choices":[{"data":"Blade Dance","floor":6.0,"key":"SMITH"},{"data":"Accuracy","floor":15.0,"key":"SMITH"},{"data":"Distraction","floor":24.0,"key":"SMITH"},{"data":"Neutralize","floor":27.0,"key":"SMITH"},{"floor":29.0,"key":"REST"},{"floor":32.0,"key":"REST"},{"floor":40,"key":"REST"},{"data":"Envenom","floor":42,"key":"SMITH"},{"data":"Malaise","floor":46,"key":"SMITH"},{"floor":49,"key":"REST"}],"neow_cost":"NONE","seed_source_timestamp":0,"circlet_count":0,"master_deck":["Defend_G+1","Defend_G+1","Defend_G","Strike_G","Strike_G","Strike_G","Strike_G","Survivor","Neutralize+1","Blade Dance","Blade Dance+1","Infinite Blades","Backflip","PiercingWail","Noxious Fumes","Infinite Blades","Slice","Accuracy+1","Cloak And Dagger","Malaise+1","Backflip+1","Choke","Accuracy","Backflip+1","Slice","Distraction+1","Backflip+1","Deflect","Venomology","Sucker Punch+1","Prepared+1","Quick Slash+1","Accuracy+1","Envenom+1","Madness","Madness","Well Laid Plans+1"],"special_seed":0,"relics":["Ring of the Serpent","War Paint","Bird Faced Urn","Bronze Scales","Sundial","Nunchaku","PreservedInsect","Bottled Flame","Bag of Marbles","Lizard Tail","Shuriken","Pocketwatch","Unceasing Top","Molten Egg 2","ClockworkSouvenir"],"potions_floor_usage":[47,50,50,50,50],"damage_taken":[{"damage":0.0,"enemies":"2 Louse","floor":1.0,"turns":3.0},{"damage":1.0,"enemies":"Jaw Worm","floor":3.0,"turns":3.0},{"damage":0.0,"enemies":"Cultist","floor":4.0,"turns":3.0},{"damage":4.0,"enemies":"3 Louse","floor":5.0,"turns":4.0},{"damage":0.0,"enemies":"Blue Slaver","floor":7.0,"turns":5.0},{"damage":0.0,"enemies":"2 Fungi Beasts","floor":11.0,"turns":4.0},{"damage":10.0,"enemies":"Lagavulin","floor":12.0,"turns":7.0},{"damage":3.0,"enemies":"Red Slaver","floor":13.0,"turns":4.0},{"damage":2.0,"enemies":"Hexaghost","floor":16.0,"turns":7.0},{"damage":22.0,"enemies":"Spheric Guardian","floor":18.0,"turns":4.0},{"damage":0.0,"enemies":"3 Byrds","floor":21.0,"turns":4.0},{"damage":12.0,"enemies":"Centurion and Healer","floor":22.0,"turns":5.0},{"damage":5.0,"enemies":"Gremlin Leader","floor":23.0,"turns":6.0},{"damage":9.0,"enemies":"Book of Stabbing","floor":25.0,"turns":6.0},{"damage":28.0,"enemies":"Slavers","floor":28.0,"turns":4.0},{"damage":0.0,"enemies":"Cultist and Chosen","floor":31.0,"turns":3.0},{"damage":34.0,"enemies":"Collector","floor":33.0,"turns":9.0},{"damage":12.0,"enemies":"3 Darklings","floor":35.0,"turns":2.0},{"damage":10.0,"enemies":"3 Shapes","floor":37.0,"turns":10.0},{"damage":0.0,"enemies":"Mind Bloom Boss Battle","floor":38.0,"turns":4.0},{"damage":18.0,"enemies":"Maw","floor":39.0,"turns":6.0},{"damage":13,"enemies":"Giant Head","floor":41,"turns":6},{"damage":12,"enemies":"3 Darklings","floor":47,"turns":5},{"damage":11,"enemies":"Spire Growth","floor":48,"turns":5},{"damage":43,"enemies":"Donu and Deca","floor":50,"turns":7}],"seed_played":"570112454503901896","potions_obtained":[{"floor":5.0,"key":"GhostInAJar"},{"floor":7.0,"key":"Explosive Potion"},{"floor":11.0,"key":"Poison Potion"},{"floor":12.0,"key":"FearPotion"},{"floor":13.0,"key":"Fire Potion"},{"floor":18.0,"key":"Dexterity Potion"},{"floor":25.0,"key":"Fire Potion"},{"floor":35.0,"key":"EssenceOfSteel"}],"is_trial":false,"path_per_floor":["M","$","M","M","M","R","M","?","T","T","M","E","M","$","R","B",null,"M","?","$","M","M","E","R","E","T","R","E","R","?","M","R","B",null,"M","$","M","?","M","R","E","R","T","?","$","R","M","M","R","B",null],"character_chosen":"THE_SILENT","items_purchased":["Accuracy","Cloak And Dagger","Accuracy","Shuriken","ClockworkSouvenir"],"campfire_rested":4,"item_purchase_floors":[14,14,20,36,45],"current_hp_per_floor":[70,70,69,69,65,65,65,58,58,58,60,54,51,51,51,57,70,48,48,48,54,52,57,57,52,52,52,34,55,42,48,70,46,75,63,63,63,73,57,75,62,62,62,53,53,53,53,52,74,40],"gold":81,"neow_bonus":"RANDOM_COMMON_RELIC","is_prod":false,"is_daily":false,"chose_seed":false,"campfire_upgraded":6,"win_rate":0,"timestamp":1549984314,"path_taken":["M","$","M","M","M","R","M","?","T","?","M","E","M","$","R","BOSS","M","?","$","M","M","E","R","E","T","R","E","R","?","M","R","BOSS","M","$","M","?","M","R","E","R","T","?","$","R","M","M","R","BOSS"],"build_version":"2019-01-23","purchased_purges":2,"victory":true,"max_hp_per_floor":[70,70,70,70,70,70,70,70,70,70,70,70,70,70,70,70,70,70,70,70,70,70,70,70,70,70,70,70,70,75,75,75,75,75,75,75,75,75,75,75,75,75,75,75,75,75,75,75,75,75],"card_choices":[{"not_picked":["Riddle With Holes","Deadly Poison"],"picked":"Blade Dance","floor":1.0},{"not_picked":["Backflip","Deadly Poison"],"picked":"Blade Dance","floor":3.0},{"not_picked":["Setup","Cloak And Dagger"],"picked":"Infinite Blades","floor":4.0},{"not_picked":["Blade Dance","Infinite Blades"],"picked":"Backflip","floor":5.0},{"not_picked":["Catalyst","Eviscerate"],"picked":"PiercingWail","floor":7.0},{"not_picked":["Flying Knee","Dagger Spray"],"picked":"Noxious Fumes","floor":11.0},{"not_picked":["PiercingWail","Quick Slash"],"picked":"Infinite Blades","floor":12.0},{"not_picked":["Bouncing Flask","Tools of the Trade"],"picked":"Slice","floor":13.0},{"not_picked":["Unload","Night Terror"],"picked":"Malaise","floor":16.0},{"not_picked":["Dagger Throw+1","Flechettes+1"],"picked":"Backflip+1","floor":18.0},{"not_picked":["Deadly Poison+1","Quick Slash+1"],"picked":"Backflip+1","floor":21.0},{"not_picked":["Backflip","Outmaneuver+1"],"picked":"Slice","floor":22.0},{"not_picked":["Heel Hook","Dodge and Roll"],"picked":"Distraction","floor":23.0},{"not_picked":["Caltrops","Reflex"],"picked":"Backflip+1","floor":25.0},{"not_picked":["Dagger Spray","Outmaneuver"],"picked":"Deflect","floor":28.0},{"not_picked":["Heel Hook","Concentrate","Bane"],"picked":"SKIP","floor":31.0},{"not_picked":["Bullet Time","Phantasmal Killer"],"picked":"Venomology","floor":33.0},{"not_picked":["Bane+1","Tactician"],"picked":"Sucker Punch+1","floor":35.0},{"not_picked":["Deadly Poison+1","Eviscerate+1"],"picked":"Prepared+1","floor":37.0},{"not_picked":["Cloak And Dagger","Skewer"],"picked":"Quick Slash+1","floor":38.0},{"not_picked":["Dagger Spray+1","Infinite Blades+1"],"picked":"Accuracy+1","floor":39.0},{"not_picked":["Backflip","Endless Agony"],"picked":"Envenom","floor":41},{"not_picked":["Sucker Punch+1","Infinite Blades+1","Quick Slash+1"],"picked":"SKIP","floor":47},{"not_picked":["Dagger Throw+1","Distraction"],"picked":"Well Laid Plans+1","floor":48}],"player_experience":271036,"relics_obtained":[{"floor":9.0,"key":"Bird Faced Urn"},{"floor":10.0,"key":"Bronze Scales"},{"floor":12.0,"key":"Sundial"},{"floor":23.0,"key":"Nunchaku"},{"floor":25.0,"key":"PreservedInsect"},{"floor":26.0,"key":"Bottled Flame"},{"floor":28.0,"key":"Bag of Marbles"},{"floor":38.0,"key":"Pocketwatch"},{"floor":41,"key":"Unceasing Top"},{"floor":43,"key":"Molten Egg 2"}],"event_choices":[{"cards_removed":["Defend_G"],"damage_healed":0.0,"max_hp_gain":0.0,"max_hp_loss":0.0,"gold_gain":0.0,"event_name":"Golden Wing","player_choice":"Card Removal","floor":8.0,"gold_loss":0.0,"damage_taken":7.0},{"damage_healed":0.0,"max_hp_gain":0.0,"max_hp_loss":0.0,"gold_gain":0.0,"event_name":"The Library","player_choice":"Read","floor":19.0,"gold_loss":0.0,"damage_taken":0.0,"cards_obtained":["Choke"]},{"damage_healed":0.0,"max_hp_gain":5.0,"max_hp_loss":0.0,"gold_gain":0.0,"event_name":"Forgotten Altar","player_choice":"Shed Blood","floor":30.0,"gold_loss":0.0,"damage_taken":18.0},{"damage_healed":0.0,"max_hp_gain":0.0,"max_hp_loss":0.0,"gold_gain":0.0,"event_name":"MindBloom","player_choice":"Fight","floor":38.0,"gold_loss":0.0,"damage_taken":0.0},{"damage_healed":0,"gold_gain":0,"player_choice":"Embrace Madness","damage_taken":9,"max_hp_gain":0,"max_hp_loss":0,"event_name":"Winding Halls","floor":44,"gold_loss":0,"cards_obtained":["Madness","Madness"]}],"is_beta":false,"boss_relics":[{"not_picked":["Snecko Eye","Eternal Feather"],"picked":"Ring of the Serpent"},{"not_picked":["Velvet Choker","Calling Bell"],"picked":"Lizard Tail"}],"items_purged_floors":[2,20],"is_endless":false,"potions_floor_spawned":[5,7,11,12,13,18,25,35,38,41,48],"ascension_level":2}