{"path_per_floor":["M","?","?","?","$","E","M","E","T","M","M","?","M","M","R","B",null,"M","M","$","M","?","R","?","R","T","?","$","M","E","M","R","B",null,"M","?","$","M","?","R","T","R","T","E","M","R","T","M","R","B"],"character_chosen":"IRONCLAD","items_purchased":["Mummified Hand","Cleave","Blood Vial","Oddly Smooth Stone","Second Wind","Apotheosis"],"gold_per_floor":[113,113,113,288,22,47,64,99,99,110,123,123,142,153,153,258,258,274,294,294,310,310,310,310,310,310,560,114,126,155,166,166,264,264,279,279,75,88,88,88,88,88,163,190,201,201,201,219,219,219],"floor_reached":51,"campfire_rested":1,"playtime":2790,"item_purchase_floors":[5,5,28,28,28,37],"current_hp_per_floor":[78,78,78,78,78,80,80,69,69,75,45,45,44,49,49,16,64,70,59,59,12,12,36,80,80,80,80,80,80,66,80,80,80,80,69,69,69,80,80,80,80,80,80,80,80,80,80,80,80,66],"items_purged":["Regret"],"gold":219,"score":1168,"play_id":"276e0283-e413-411c-9590-d9ee2a5e2240","local_time":"20180519210137","is_prod":false,"is_daily":false,"chose_seed":false,"is_ascension_mode":true,"campfire_upgraded":7,"timestamp":1526778097,"campfire_choices":[{"data":"Demon Form","floor":15,"key":"SMITH"},{"floor":23,"key":"REST"},{"data":"Warcry","floor":25,"key":"SMITH"},{"data":"Shrug It Off","floor":32,"key":"SMITH"},{"data":"Apotheosis","floor":40,"key":"SMITH"},{"data":"Heavy Blade","floor":42,"key":"SMITH"},{"data":"Havoc","floor":46,"key":"SMITH"},{"data":"Evolve","floor":49,"key":"SMITH"}],"path_taken":["M","?","?","?","$","E","M","E","T","M","M","?","M","M","R","BOSS","M","M","$","M","?","R","?","R","T","?","$","M","E","M","R","BOSS","M","?","$","M","?","R","?","R","T","E","?","R","?","M","R","BOSS"],"build_version":"2018-05-18","seed_source_timestamp":918597096620208,"purchased_purges":1,"victory":true,"master_deck":["Strike_R","Strike_R","Defend_R","Defend_R","Defend_R","Defend_R","Bash","AscendersBane","Sword Boomerang","Cleave","Evolve+1","Wild Strike","Demon Form+1","Flame Barrier","Heavy Blade+1","Headbutt","Havoc+1","Reaper","Warcry+1","Feel No Pain+1","Shrug It Off+1","Reaper","Second Wind","Warcry+1","Shrug It Off","Impervious","Disarm+1","Pommel Strike+1","Reaper+1","Apotheosis+1","Writhe","Regret","Shrug It Off+1","Clumsy","Reckless Charge+1"],"max_hp_per_floor":[80,80,80,80,80,80,80,80,80,80,80,80,80,80,80,80,80,80,80,80,80,80,80,80,80,80,80,80,80,80,80,80,80,80,80,80,80,80,80,80,80,80,80,80,80,80,80,80,80,80],"relics":["Burning Blood","NeowsBlessing","Mummified Hand","Dodecahedron","Pen Nib","Art of War","Cursed Key","Blood Vial","Oddly Smooth Stone","Bottled Tornado","Astrolabe","Mercury Hourglass","Bottled Flame","Bird Faced Urn","The Courier"],"card_choices":[{"not_picked":["Flex","Clash"],"picked":"Sword Boomerang","floor":1},{"not_picked":["Wild Strike","Sword Boomerang"],"picked":"Evolve","floor":6},{"not_picked":["Flex","Bloodletting"],"picked":"Wild Strike","floor":7},{"not_picked":["Shockwave","Pummel"],"picked":"Demon Form","floor":8},{"not_picked":["Armaments","Havoc"],"picked":"Flame Barrier","floor":10},{"not_picked":["Sword Boomerang","Headbutt"],"picked":"Heavy Blade","floor":11},{"not_picked":["Entrench","Pommel Strike"],"picked":"Headbutt","floor":13},{"not_picked":["Carnage","Dropkick"],"picked":"Havoc","floor":14},{"not_picked":["Limit Break","Dark Embrace"],"picked":"Reaper","floor":16},{"not_picked":["Anger","Sword Boomerang"],"picked":"Warcry","floor":18},{"not_picked":["Sever Soul","Corruption"],"picked":"Feel No Pain+1","floor":19},{"not_picked":["Anger+1","Fire Breathing"],"picked":"Shrug It Off","floor":21},{"not_picked":["Headbutt","Rupture"],"picked":"Warcry+1","floor":29},{"not_picked":["Pommel Strike","Havoc"],"picked":"Shrug It Off","floor":30},{"not_picked":["Body Slam","Clothesline+1","Reckless Charge"],"picked":"SKIP","floor":31},{"not_picked":["Bludgeon","Berserk"],"picked":"Impervious","floor":33},{"not_picked":["Reckless Charge","Thunderclap+1","Cleave+1"],"picked":"SKIP","floor":35},{"not_picked":["Headbutt+1","Armaments","Wild Strike"],"picked":"SKIP","floor":38},{"not_picked":["Twin Strike","Thunderclap+1","Dark Embrace"],"picked":"SKIP","floor":44},{"not_picked":["Perfected Strike","Twin Strike"],"picked":"Shrug It Off+1","floor":45},{"not_picked":["Intimidate","Dual Wield"],"picked":"Reckless Charge+1","floor":48}],"player_experience":212408,"potions_floor_usage":[8,8,8,8,11,14,16,16,29,30,33,44,50],"damage_taken":[{"damage":0,"enemies":"Jaw Worm","floor":1,"turns":1},{"damage":0,"enemies":"Gremlin Nob","floor":6,"turns":1},{"damage":0,"enemies":"Cultist","floor":7,"turns":1},{"damage":17,"enemies":"Lagavulin","floor":8,"turns":5},{"damage":0,"enemies":"Small Slimes","floor":10,"turns":3},{"damage":36,"enemies":"Exordium Thugs","floor":11,"turns":6},{"damage":7,"enemies":"3 Louse","floor":13,"turns":5},{"damage":1,"enemies":"2 Fungi Beasts","floor":14,"turns":2},{"damage":39,"enemies":"Hexaghost","floor":16,"turns":8},{"damage":0,"enemies":"3 Byrds","floor":18,"turns":3},{"damage":30,"enemies":"Shell Parasite","floor":19,"turns":8},{"damage":61,"enemies":"3 Cultists","floor":21,"turns":6},{"damage":10,"enemies":"Snake Plant","floor":29,"turns":4},{"damage":39,"enemies":"Book of Stabbing","floor":30,"turns":5},{"damage":8,"enemies":"Centurion and Healer","floor":31,"turns":7},{"damage":49,"enemies":"Automaton","floor":33,"turns":10},{"damage":17,"enemies":"Orb Walker","floor":35,"turns":5},{"damage":23,"enemies":"3 Shapes","floor":38,"turns":8},{"damage":36,"enemies":"2 Orb Walkers","floor":44,"turns":5},{"damage":18,"enemies":"Spire Growth","floor":45,"turns":6},{"damage":4,"enemies":"Flame Bruiser 2 Orb","floor":48,"turns":5},{"damage":80,"enemies":"Awakened One","floor":50,"turns":11}],"relics_obtained":[{"floor":6,"key":"Dodecahedron"},{"floor":8,"key":"Pen Nib"},{"floor":9,"key":"Art of War"},{"floor":30,"key":"Bottled Tornado"},{"floor":41,"key":"Mercury Hourglass"},{"floor":43,"key":"Bottled Flame"},{"floor":44,"key":"Bird Faced Urn"},{"floor":47,"key":"The Courier"}],"event_choices":[{"event_name":"The Lab","player_choice":"Got Potions","floor":2,"damage_taken":0},{"event_name":"Match and Keep!","player_choice":"1 cards matched","floor":3,"damage_taken":0},{"event_name":"Liars Game","player_choice":"agreed","floor":4,"damage_taken":0},{"event_name":"Living Wall","player_choice":"Forget","floor":12,"damage_taken":0},{"event_name":"Duplicator","player_choice":"One dupe","floor":22,"damage_taken":0},{"event_name":"Wheel of Change","player_choice":"Full Heal","floor":24,"damage_taken":0},{"event_name":"Golden Shrine","player_choice":"Desecrate","floor":27,"damage_taken":0},{"event_name":"Tomb of Lord Red Mask","player_choice":"Ignored","floor":36,"damage_taken":0}],"boss_relics":[{"not_picked":["Lizard Tail","Philosopher\u0027s Stone"],"picked":"Cursed Key"},{"not_picked":["Pandora\u0027s Box","Runic Dome"],"picked":"Astrolabe"}],"items_purged_floors":[28],"potions_floor_spawned":[6,8,10,11,13,16,18,19,33,44],"seed_played":"-739671242439277664","ascension_level":11,"potions_obtained":[{"floor":2,"key":"Swift Potion"},{"floor":2,"key":"FearPotion"},{"floor":2,"key":"SteroidPotion"},{"floor":6,"key":"EntropicBrew"},{"floor":8,"key":"SpeedPotion"},{"floor":10,"key":"PowerPotion"},{"floor":11,"key":"Strength Potion"},{"floor":13,"key":"Dexterity Potion"},{"floor":16,"key":"Swift Potion"},{"floor":18,"key":"SpeedPotion"},{"floor":19,"key":"FearPotion"},{"floor":33,"key":"SkillPotion"},{"floor":44,"key":"Strength Potion"}],"is_trial":false}