{"gold_per_floor":[112,125,144,155,167,167,193,204,204,236,254,286,286,314,314,414,414,424,440,459,374,299,299,117,117,172,182,182,209,227,246,246,341,341,354,365,379,399,274,274],"floor_reached":40,"playtime":5161,"items_purged":["Strike_R","Strike_R","Strike_R"],"score":444,"play_id":"97bab8cc-2bf2-4394-a194-27140952b9f0","local_time":"20180925041908","is_ascension_mode":false,"campfire_choices":[{"data":"Pummel","floor":6,"key":"SMITH"},{"data":"Bloodletting","floor":15,"key":"SMITH"},{"data":"Rupture","floor":28,"key":"SMITH"},{"data":"Shrug It Off","floor":32,"key":"SMITH"}],"neow_cost":"","seed_source_timestamp":62150539187445,"circlet_count":0,"master_deck":["Strike_R","Strike_R","Defend_R","Defend_R","Defend_R","Bash","Shrug It Off+1","Headbutt","Pummel+1","Bloodletting+1","Whirlwind","Inflame+1","Rupture+1","Power Through+1","Cleave+1","Reaper","Warcry+1"],"relics":["Burning Blood","FossilizedHelix","Toxic Egg 2","Mercury Hourglass","Pantograph","Anchor","Centennial Puzzle","Mark of Pain","Lantern","Oddly Smooth Stone","Paper Frog","Coffee Dripper"],"potions_floor_usage":[7,10,16,16,20,33,33,33,40],"damage_taken":[{"damage":5,"enemies":"Jaw Worm","floor":1,"turns":4},{"damage":1,"enemies":"2 Louse","floor":2,"turns":4},{"damage":2,"enemies":"Small Slimes","floor":3,"turns":4},{"damage":7,"enemies":"Blue Slaver","floor":4,"turns":6},{"damage":4,"enemies":"2 Fungi Beasts","floor":5,"turns":4},{"damage":17,"enemies":"Gremlin Nob","floor":7,"turns":4},{"damage":0,"enemies":"Red Slaver","floor":8,"turns":5},{"damage":19,"enemies":"3 Sentries","floor":10,"turns":9},{"damage":0,"enemies":"Exordium Wildlife","floor":11,"turns":2},{"damage":16,"enemies":"Gremlin Nob","floor":12,"turns":5},{"damage":5,"enemies":"3 Sentries","floor":14,"turns":4},{"damage":47,"enemies":"The Guardian","floor":16,"turns":14},{"damage":13,"enemies":"2 Thieves","floor":18,"turns":3},{"damage":0,"enemies":"Shell Parasite","floor":19,"turns":2},{"damage":4,"enemies":"Snecko","floor":20,"turns":5},{"damage":10,"enemies":"Snake Plant","floor":27,"turns":2},{"damage":4,"enemies":"Gremlin Leader","floor":29,"turns":4},{"damage":0,"enemies":"Centurion and Healer","floor":30,"turns":4},{"damage":12,"enemies":"Chosen and Byrds","floor":31,"turns":5},{"damage":14,"enemies":"Automaton","floor":33,"turns":6},{"damage":3,"enemies":"3 Darklings","floor":35,"turns":2},{"damage":3,"enemies":"Orb Walker","floor":36,"turns":3},{"damage":28,"enemies":"Transient","floor":37,"turns":5},{"damage":16,"enemies":"4 Shapes","floor":38,"turns":4},{"damage":65,"enemies":"Nemesis","floor":40,"turns":6}],"seed_played":"-4939070749274230016","potions_obtained":[{"floor":1,"key":"Explosive Potion"},{"floor":5,"key":"SteroidPotion"},{"floor":10,"key":"SkillPotion"},{"floor":12,"key":"GamblersBrew"},{"floor":14,"key":"FearPotion"},{"floor":16,"key":"Weak Potion"},{"floor":18,"key":"FearPotion"},{"floor":19,"key":"Strength Potion"},{"floor":20,"key":"Poison Potion"},{"floor":29,"key":"PowerPotion"},{"floor":35,"key":"Strength Potion"},{"floor":37,"key":"Ancient Potion"}],"is_trial":false,"path_per_floor":["M","M","M","M","M","R","E","M","T","E","M","E","?","E","R","B",null,"M","M","M","?","$","?","$","?","T","M","R","E","M","M","R","B",null,"M","M","M","M","$"],"character_chosen":"IRONCLAD","items_purchased":["Power Through+1"],"campfire_rested":0,"item_purchase_floors":[24],"current_hp_per_floor":[80,80,80,79,80,80,69,75,75,62,68,58,25,26,26,10,80,73,79,80,80,80,80,80,80,80,76,76,78,80,74,74,72,80,80,80,58,62,62,0],"gold":274,"neow_bonus":"","is_prod":false,"is_daily":false,"chose_seed":false,"campfire_upgraded":4,"win_rate":0,"timestamp":1537838348,"path_taken":["M","M","M","M","M","R","E","M","T","E","M","E","?","E","R","BOSS","M","M","M","?","$","?","$","?","T","M","R","E","M","?","R","BOSS","M","M","M","M","$","E"],"build_version":"2018-09-20","purchased_purges":3,"victory":false,"max_hp_per_floor":[80,80,80,80,80,80,80,80,80,80,80,80,80,80,80,80,80,80,80,80,80,80,80,80,80,80,80,80,80,80,80,80,80,80,80,80,80,80,80,80],"card_choices":[{"not_picked":["Flame Barrier","Uppercut"],"picked":"Shrug It Off","floor":1},{"not_picked":["Power Through","Armaments"],"picked":"Headbutt","floor":2},{"not_picked":["Thunderclap","Body Slam","Clash"],"picked":"SKIP","floor":3},{"not_picked":["Entrench","Sever Soul"],"picked":"Pummel","floor":4},{"not_picked":["Flame Barrier","Pummel","Carnage"],"picked":"SKIP","floor":5},{"not_picked":["Brutality","Havoc"],"picked":"Bloodletting","floor":7},{"not_picked":["Sever Soul","Headbutt","Armaments"],"picked":"SKIP","floor":8},{"not_picked":["Second Wind+1","Warcry+1"],"picked":"Whirlwind","floor":10},{"not_picked":["Clash","True Grit+1","Hemokinesis"],"picked":"SKIP","floor":11},{"not_picked":["Armaments+1","Sentinel+1","Dual Wield+1"],"picked":"SKIP","floor":12},{"not_picked":["Searing Blow","Exhume+1","Second Wind+1"],"picked":"SKIP","floor":14},{"not_picked":["Body Slam","Reckless Charge"],"picked":"Inflame+1","floor":18},{"not_picked":["Armaments+1","Clash+1","Bloodletting+1"],"picked":"SKIP","floor":19},{"not_picked":["Iron Wave","Headbutt+1"],"picked":"Rupture","floor":20},{"not_picked":["Sentinel+1","Perfected Strike"],"picked":"Cleave+1","floor":27},{"not_picked":["Clothesline+1","Anger","Metallicize+1"],"picked":"SKIP","floor":29},{"not_picked":["Fire Breathing","Clothesline","Sever Soul"],"picked":"SKIP","floor":30},{"not_picked":["Wild Strike","Anger","Evolve"],"picked":"SKIP","floor":31},{"not_picked":["Berserk","Fiend Fire"],"picked":"Reaper","floor":33},{"not_picked":["Whirlwind+1","Headbutt","Blood for Blood"],"picked":"SKIP","floor":35},{"not_picked":["Corruption+1","Pummel"],"picked":"Warcry+1","floor":36},{"not_picked":["Anger","Bloodletting+1","Inflame+1"],"picked":"SKIP","floor":37},{"not_picked":["Power Through+1","Second Wind+1","True Grit+1"],"picked":"SKIP","floor":38}],"player_experience":74839,"relics_obtained":[{"floor":7,"key":"FossilizedHelix"},{"floor":9,"key":"Toxic Egg 2"},{"floor":10,"key":"Mercury Hourglass"},{"floor":12,"key":"Pantograph"},{"floor":14,"key":"Centennial Puzzle"},{"floor":26,"key":"Oddly Smooth Stone"},{"floor":29,"key":"Paper Frog"}],"event_choices":[{"event_name":"Scrap Ooze","player_choice":"success","floor":13,"damage_taken":33},{"event_name":"Addict","player_choice":"Obtained Relic","floor":21,"damage_taken":0},{"event_name":"Purifier","player_choice":"One Purge","floor":23,"damage_taken":0},{"event_name":"Ghosts","player_choice":"Ignored","floor":25,"damage_taken":0}],"is_beta":false,"boss_relics":[{"not_picked":["Runic Pyramid","Astrolabe"],"picked":"Mark of Pain"},{"not_picked":["Velvet Choker","Cursed Key"],"picked":"Coffee Dripper"}],"items_purged_floors":[22,24,39],"is_endless":false,"potions_floor_spawned":[1,5,10,12,14,16,18,19,20,29,35,37],"killed_by":"Nemesis","ascension_level":0}