{"gold_per_floor":[113,130,146,157,176,207,207,14,14,14,14,14,14,24,24,122,122,142,142,155,155,207,222,247,247,247,264,33,33,53,65,65,164,164,184,184,204,249,1248,1248,666,666],"floor_reached":42,"playtime":2506,"items_purged":["Defragment"],"score":531,"play_id":"7354c422-dd40-4b81-ada9-81e86a852a75","local_time":"20180927155407","is_ascension_mode":true,"campfire_choices":[{"data":"Scrape","floor":7,"key":"SMITH"},{"data":"Sunder","floor":10,"key":"SMITH"},{"floor":13,"key":"REST"},{"data":"Hologram","floor":15,"key":"SMITH"},{"data":"Malaise","floor":25,"key":"SMITH"},{"floor":29,"key":"REST"},{"data":"Defragment","floor":32,"key":"SMITH"},{"floor":40,"key":"REST"}],"neow_cost":"NONE","seed_source_timestamp":341520391350363,"circlet_count":0,"master_deck":["Zap","Dualcast","Scrape+1","Streamline","Hologram+1","Gash","Glacier","Sunder+1","Backflip","Flying Knee","After Image","Conserve Battery","Capacitor","Steam Power","Steam","Defragment+1","Compile Driver","Endless Agony+1","Malaise+1","Leap+1","Shrug It Off+1","BootSequence","Malaise","Spot Weakness","Recycle","Mayhem"],"relics":["Cracked Core","Ancient Tea Set","Singing Bowl","PrismaticShard","Whetstone","Prayer Wheel","Pandora\u0027s Box","Bronze Scales","Omamori","Potion Belt","Eternal Feather","Unceasing Top","Runic Capacitor"],"potions_floor_usage":[18,20,24,24,24,33,33,33,35,37,42],"damage_taken":[{"damage":0,"enemies":"Cultist","floor":1,"turns":3},{"damage":0,"enemies":"2 Louse","floor":2,"turns":2},{"damage":2,"enemies":"Jaw Worm","floor":3,"turns":2},{"damage":1,"enemies":"Exordium Thugs","floor":4,"turns":4},{"damage":6,"enemies":"Exordium Wildlife","floor":5,"turns":2},{"damage":37,"enemies":"Lagavulin","floor":6,"turns":6},{"damage":0,"enemies":"Large Slime","floor":14,"turns":5},{"damage":26,"enemies":"The Guardian","floor":16,"turns":13},{"damage":17,"enemies":"2 Thieves","floor":18,"turns":4},{"damage":7,"enemies":"3 Byrds","floor":20,"turns":3},{"damage":3,"enemies":"Shelled Parasite and Fungi","floor":23,"turns":7},{"damage":34,"enemies":"Slavers","floor":24,"turns":7},{"damage":10,"enemies":"3 Cultists","floor":27,"turns":5},{"damage":0,"enemies":"Snecko","floor":30,"turns":5},{"damage":12,"enemies":"Snake Plant","floor":31,"turns":5},{"damage":28,"enemies":"Collector","floor":33,"turns":18},{"damage":14,"enemies":"Orb Walker","floor":35,"turns":4},{"damage":4,"enemies":"3 Darklings","floor":37,"turns":9},{"damage":75,"enemies":"Mysterious Sphere","floor":38,"turns":8},{"damage":48,"enemies":"2 Orb Walkers","floor":42,"turns":4}],"seed_played":"6706828451357477298","potions_obtained":[{"floor":3,"key":"SpeedPotion"},{"floor":14,"key":"Fire Potion"},{"floor":16,"key":"Dexterity Potion"},{"floor":18,"key":"LiquidBronze"},{"floor":21,"key":"Regen Potion"},{"floor":21,"key":"LiquidBronze"},{"floor":24,"key":"AttackPotion"},{"floor":30,"key":"Explosive Potion"},{"floor":35,"key":"Block Potion"}],"is_trial":false,"path_per_floor":["M","M","M","M","M","E","R","$","T","R","T","?","R","M","R","B",null,"M","?","M","?","T","M","E","R","T","M","$","R","M","M","R","B",null,"M","$","M","?","?","R","$"],"character_chosen":"DEFECT","items_purchased":["PrismaticShard","LiquidBronze","EssenceOfSteel","Runic Capacitor","Recycle","Mayhem","LiquidBronze","Explosive Potion"],"campfire_rested":3,"item_purchase_floors":[8,28,28,41,41,41,41,41],"current_hp_per_floor":[75,75,73,72,66,29,29,29,29,29,29,29,51,51,51,25,75,60,60,55,55,55,56,39,39,39,31,31,57,57,49,49,21,91,81,81,81,6,6,47,47,0],"gold":666,"neow_bonus":"RANDOM_COMMON_RELIC","is_prod":false,"is_daily":false,"chose_seed":false,"campfire_upgraded":5,"win_rate":0,"timestamp":1538078047,"path_taken":["M","M","M","M","M","E","R","$","T","R","?","?","R","?","R","BOSS","M","?","M","?","?","M","E","R","T","M","$","R","?","?","R","BOSS","M","$","M","?","?","R","$","E"],"build_version":"2018-09-20","purchased_purges":1,"victory":false,"max_hp_per_floor":[75,75,75,75,75,75,75,75,75,75,75,75,75,75,75,75,75,77,77,79,79,79,83,85,85,85,87,87,87,87,91,91,91,91,95,95,99,99,99,99,99,99],"card_choices":[{"not_picked":["Coolheaded","Sweeping Beam"],"picked":"Scrape","floor":1},{"not_picked":["Steam Power","Go for the Eyes"],"picked":"Streamline","floor":2},{"not_picked":["Heatsinks","Consume"],"picked":"Hologram","floor":3},{"not_picked":["Conserve Battery","Go for the Eyes"],"picked":"Gash","floor":4},{"not_picked":["Beam Cell","Tempest"],"picked":"Glacier","floor":5},{"not_picked":["Conserve Battery","Static Discharge"],"picked":"Sunder","floor":6},{"not_picked":["Skewer","Prepared"],"picked":"Backflip","floor":14},{"not_picked":["Cold Snap","Streamline"],"picked":"Flying Knee","floor":14},{"not_picked":["All For One","Master of Strategy"],"picked":"After Image","floor":16},{"not_picked":["Outmaneuver","Prepared"],"picked":"Endless Agony+1","floor":18},{"not_picked":["Body Slam+1","Dual Wield","Conserve Battery"],"picked":"Singing Bowl","floor":18},{"not_picked":["Bloodletting","Sweeping Beam"],"picked":"Malaise","floor":20},{"not_picked":["Turbo+1","Purity","Second Wind"],"picked":"Singing Bowl","floor":20},{"not_picked":["Finisher","Chaos","All Out Attack"],"picked":"Singing Bowl","floor":23},{"not_picked":["Headbutt","Armaments","Prepared"],"picked":"Singing Bowl","floor":23},{"not_picked":["Compile Driver","Capacitor+1","Core Surge"],"picked":"Singing Bowl","floor":24},{"not_picked":["Dagger Spray","Flying Knee"],"picked":"Leap+1","floor":27},{"not_picked":["Enlightenment","Hologram","Cleave+1"],"picked":"Singing Bowl","floor":27},{"not_picked":["Perfected Strike+1","Thinking Ahead"],"picked":"Shrug It Off+1","floor":30},{"not_picked":["Pommel Strike+1","Skim"],"picked":"BootSequence","floor":30},{"not_picked":["Poisoned Stab+1","Turbo","Double Tap"],"picked":"Singing Bowl","floor":31},{"not_picked":["Cloak And Dagger","Dark Shackles+1","Redo+1"],"picked":"Singing Bowl","floor":31},{"not_picked":["Berserk","Limit Break"],"picked":"Malaise","floor":33},{"not_picked":["Clothesline","Outmaneuver+1","Flex+1"],"picked":"Singing Bowl","floor":35},{"not_picked":["Accuracy","Deadly Poison+1","Wild Strike"],"picked":"Singing Bowl","floor":35},{"not_picked":["Accuracy+1","Jack Of All Trades+1","Ghostly Armor+1"],"picked":"Singing Bowl","floor":37},{"not_picked":["Steam","Rupture","Dagger Spray+1"],"picked":"Singing Bowl","floor":37},{"not_picked":["Enlightenment","Mind Blast"],"picked":"Spot Weakness","floor":38}],"player_experience":602619,"relics_obtained":[{"floor":6,"key":"Singing Bowl"},{"floor":9,"key":"Whetstone"},{"floor":11,"key":"Prayer Wheel"},{"floor":22,"key":"Bronze Scales"},{"floor":24,"key":"Omamori"},{"floor":26,"key":"Potion Belt"},{"floor":38,"key":"Unceasing Top"}],"event_choices":[{"event_name":"The Cleric","player_choice":"Leave","floor":12,"damage_taken":0},{"event_name":"Back to Basics","player_choice":"Elegance","floor":19,"damage_taken":0},{"event_name":"The Lab","player_choice":"Got Potions","floor":21,"damage_taken":0},{"event_name":"Mysterious Sphere","player_choice":"Fight","floor":38,"damage_taken":0},{"event_name":"MindBloom","player_choice":"Gold","floor":39,"damage_taken":0}],"is_beta":false,"boss_relics":[{"not_picked":["Velvet Choker","Calling Bell"],"picked":"Pandora\u0027s Box"},{"not_picked":["Astrolabe","Orrery"],"picked":"Eternal Feather"}],"items_purged_floors":[28],"is_endless":false,"potions_floor_spawned":[3,14,16,18,24,30,35],"killed_by":"2 Orb Walkers","ascension_level":3}