{"path_per_floor":["M","M","M","M","M","R","M","E","T","M","M","?","R","E","R","B",null,"M","?","$","M","M","R","M","E","T","M","$","R","E","M","R","B",null,"M","M","?","?","M","E","R","E","T","R","?","M","E","M","R","B"],"character_chosen":"IRONCLAD","items_purchased":["Evolve"],"gold_per_floor":[117,136,156,174,185,185,200,233,233,245,255,255,255,282,282,380,380,305,305,230,230,230,230,230,230,230,230,51,51,51,51,51,51,51,51,51,51,51,51,51,51,51,51,51,0,0,0,0,0,0],"floor_reached":51,"campfire_rested":1,"playtime":7449,"current_hp_per_floor":[70,64,70,64,67,67,72,60,60,57,54,40,40,35,35,37,63,49,49,49,45,48,48,43,38,38,80,80,80,82,84,84,57,77,86,91,80,80,91,86,86,101,103,103,103,105,33,50,82,98],"items_purged":["Strike_R","Strike_R"],"gold":0,"score":1062,"play_id":"54ee26be-a629-43e5-92f8-581e9873578f","local_time":"20180504132812","is_prod":false,"is_daily":false,"chose_seed":false,"is_ascension_mode":true,"campfire_upgraded":8,"timestamp":1525454892,"path_taken":["M","M","M","M","M","R","M","E","T","M","M","?","R","E","R","BOSS","M","?","$","M","M","R","M","E","T","M","$","R","E","M","R","BOSS","M","M","?","?","?","E","R","E","T","R","?","M","E","M","R","BOSS"],"build_version":"2018-05-03","seed_source_timestamp":220259259863221,"purchased_purges":2,"victory":true,"master_deck":["Strike_R+1","Defend_R+1","Defend_R","Defend_R","Defend_R","Bash+1","Ghostly Armor","Disarm","True Grit+1","Fire Breathing+1","Ghostly Armor","Clothesline+1","Wild Strike","Shrug It Off+1","Second Wind+1","Barricade+1","Feel No Pain+1","Warcry+1","Combust+1","Havoc+1","True Grit+1","Evolve+1","Feed","Madness","Madness","Corruption+1","Armaments+1","Armaments+1"],"max_hp_per_floor":[72,72,72,72,72,72,72,72,72,72,72,72,72,72,72,72,72,72,72,72,72,75,75,78,78,78,80,80,80,82,84,84,84,84,86,91,91,91,97,99,99,101,103,103,103,105,107,107,107,107],"relics":["Burning Blood","Pen Nib","Dead Branch","Happy Flower","Ectoplasm","Frozen Egg 2","Singing Bowl","Thread and Needle","Black Star","Dream Catcher","Whetstone","Juzu Bracelet","Prayer Wheel","Shuriken","Red Mask","Dodecahedron","Paper Frog"],"card_choices":[{"not_picked":["Perfected Strike","Flex"],"picked":"Ghostly Armor","floor":2},{"not_picked":["Corruption","Heavy Blade"],"picked":"Disarm","floor":3},{"not_picked":["Reckless Charge","Bloodletting"],"picked":"True Grit","floor":4},{"not_picked":["Sentinel","Iron Wave"],"picked":"Fire Breathing","floor":5},{"not_picked":["Pummel","Anger"],"picked":"Ghostly Armor","floor":7},{"not_picked":["Immolate","Thunderclap"],"picked":"Clothesline","floor":8},{"not_picked":["Entrench","Dropkick"],"picked":"Wild Strike","floor":10},{"not_picked":["Body Slam","Sentinel"],"picked":"Shrug It Off","floor":11},{"not_picked":["Reckless Charge","Fire Breathing"],"picked":"Second Wind","floor":14},{"not_picked":["Immolate","Limit Break"],"picked":"Barricade","floor":16},{"not_picked":["Spot Weakness","Flex"],"picked":"Feel No Pain","floor":18},{"not_picked":["Dropkick","Anger"],"picked":"Warcry","floor":21},{"not_picked":["Warcry","Perfected Strike"],"picked":"Combust","floor":22},{"not_picked":["Shrug It Off","Anger"],"picked":"Havoc","floor":24},{"not_picked":["Heavy Blade","Armaments"],"picked":"True Grit","floor":25},{"not_picked":["Juggernaut","Exhume"],"picked":"Feed","floor":33},{"not_picked":["Clash","Wild Strike"],"picked":"Corruption","floor":39},{"not_picked":["Sword Boomerang","Searing Blow"],"picked":"Armaments","floor":48},{"not_picked":["Havoc","Rampage"],"picked":"Armaments","floor":49}],"player_experience":446631,"potions_floor_usage":[2,7,14,14,18,27,30,40,47,50,50],"damage_taken":[{"damage":8,"enemies":"Jaw Worm","floor":1,"turns":4},{"damage":12,"enemies":"Small Slimes","floor":2,"turns":4},{"damage":0,"enemies":"Cultist","floor":3,"turns":5},{"damage":12,"enemies":"Exordium Wildlife","floor":4,"turns":6},{"damage":3,"enemies":"3 Louse","floor":5,"turns":10},{"damage":1,"enemies":"Looter","floor":7,"turns":4},{"damage":18,"enemies":"3 Sentries","floor":8,"turns":13},{"damage":9,"enemies":"Red Slaver","floor":10,"turns":7},{"damage":9,"enemies":"Exordium Wildlife","floor":11,"turns":8},{"damage":11,"enemies":"Lagavulin","floor":14,"turns":9},{"damage":4,"enemies":"The Guardian","floor":16,"turns":13},{"damage":20,"enemies":"2 Thieves","floor":18,"turns":4},{"damage":10,"enemies":"Chosen","floor":21,"turns":6},{"damage":20,"enemies":"Snake Plant","floor":22,"turns":20},{"damage":14,"enemies":"Cultist and Chosen","floor":24,"turns":13},{"damage":11,"enemies":"Book of Stabbing","floor":25,"turns":9},{"damage":7,"enemies":"Centurion and Healer","floor":27,"turns":26},{"damage":55,"enemies":"Slavers","floor":30,"turns":18},{"damage":3,"enemies":"3 Cultists","floor":31,"turns":4},{"damage":33,"enemies":"Collector","floor":33,"turns":13},{"damage":7,"enemies":"3 Darklings","floor":35,"turns":28},{"damage":0,"enemies":"Orb Walker","floor":36,"turns":4},{"damage":1,"enemies":"4 Shapes","floor":39,"turns":10},{"damage":21,"enemies":"2 Orb Walkers","floor":40,"turns":22},{"damage":0,"enemies":"Nemesis","floor":42,"turns":11},{"damage":2,"enemies":"3 Darklings","floor":46,"turns":6},{"damage":80,"enemies":"2 Orb Walkers","floor":47,"turns":5},{"damage":6,"enemies":"Maw","floor":48,"turns":8},{"damage":14,"enemies":"Time Eater","floor":50,"turns":14}],"event_choices":[{"event_name":"Shining Light","player_choice":"Entered Light","floor":12,"damage_taken":0},{"event_name":"Golden Shrine","player_choice":"Pray","floor":19,"damage_taken":0},{"event_name":"Winding Halls","player_choice":"Embrace Madness","floor":37,"damage_taken":0},{"event_name":"Golden Shrine","player_choice":"Skipped","floor":38,"damage_taken":0},{"event_name":"Tomb of Lord Red Mask","player_choice":"Paid","floor":45,"damage_taken":0}],"boss_relics":[{"not_picked":["Black Blood","Runic Pyramid"],"picked":"Ectoplasm"},{"not_picked":["Orrery","White Beast Statue"],"picked":"Black Star"}],"potions_floor_spawned":[1,4,10,11,14,21,24,27,30,35,40,46,48],"seed_played":"7156239649067015810","ascension_level":7,"is_trial":false}