{"gold_per_floor":[110,129,54,129,145,145,170,130,130,130,150,150,150],"floor_reached":13,"playtime":466,"items_purged":["Strike_B"],"score":166,"play_id":"dedc27fd-395b-4998-a639-06f9d7d8471a","local_time":"20190306201143","is_ascension_mode":true,"campfire_choices":[{"data":"Zap","floor":6,"key":"SMITH"},{"floor":10,"key":"REST"},{"floor":12,"key":"REST"}],"neow_cost":"NONE","seed_source_timestamp":1716818097138252,"circlet_count":0,"master_deck":["AscendersBane","Strike_B","Strike_B","Strike_B","Defend_B","Defend_B","Defend_B","Defend_B","Zap+1","Dualcast","Coolheaded","Consume","BootSequence","Conserve Battery"],"relics":["Cracked Core","Boot","Bottled Lightning"],"potions_floor_usage":[],"damage_taken":[{"damage":7,"enemies":"Jaw Worm","floor":1,"turns":3},{"damage":7,"enemies":"2 Louse","floor":2,"turns":3},{"damage":2,"enemies":"Cultist","floor":5,"turns":5},{"damage":18,"enemies":"Lagavulin","floor":7,"turns":9},{"damage":21,"enemies":"Exordium Thugs","floor":8,"turns":5},{"damage":21,"enemies":"Large Slime","floor":11,"turns":7},{"damage":0,"enemies":"Gremlin Gang","floor":13,"turns":1}],"seed_played":"-4709293535437938258","potions_obtained":[{"floor":2,"key":"Dexterity Potion"},{"floor":5,"key":"EssenceOfSteel"}],"is_trial":false,"path_per_floor":["M","M","$","?","M","R","E","M","T","R","M","R","M"],"character_chosen":"DEFECT","items_purchased":[],"campfire_rested":2,"item_purchase_floors":[],"current_hp_per_floor":[64,57,57,46,44,44,26,5,5,28,7,30,30],"gold":150,"neow_bonus":"TEN_PERCENT_HP_BONUS","is_prod":false,"is_daily":false,"chose_seed":false,"campfire_upgraded":1,"win_rate":0,"timestamp":1551924703,"path_taken":["M","M","$","?","M","R","E","M","T","R","M","R","M"],"build_version":"2019-01-23","purchased_purges":1,"victory":false,"max_hp_per_floor":[78,78,78,78,78,78,78,78,78,78,78,78,78],"card_choices":[{"not_picked":["Chaos","Recycle"],"picked":"Coolheaded","floor":1},{"not_picked":["Redo","Gash"],"picked":"Consume","floor":2},{"not_picked":["Heatsinks","Coolheaded"],"picked":"BootSequence","floor":5},{"not_picked":["Force Field","Sweeping Beam"],"picked":"Conserve Battery","floor":7},{"not_picked":["Gash","Leap","Reinforced Body"],"picked":"SKIP","floor":8},{"not_picked":["Undo","Conserve Battery","Coolheaded"],"picked":"SKIP","floor":11}],"player_experience":571595,"relics_obtained":[{"floor":7,"key":"Boot"},{"floor":9,"key":"Bottled Lightning"}],"event_choices":[{"damage_healed":0,"gold_gain":75,"player_choice":"Gather Gold","damage_taken":11,"max_hp_gain":0,"max_hp_loss":0,"event_name":"World of Goop","floor":4,"gold_loss":0}],"is_beta":false,"boss_relics":[],"items_purged_floors":[3],"is_endless":false,"potions_floor_spawned":[2,5,8,11],"killed_by":"Gremlin Gang","ascension_level":19}