{"gold_per_floor":[112,187,217,62,79,79,111,111,111,111,126,143,157,184,184,255,255,275,275,289,289,6,6,23,57,57,57,57,72,82,39,39,39],"floor_reached":33,"playtime":1138,"items_purged":["Strike_B","Strike_B+1"],"score":600,"play_id":"1b0b5ae3-fc14-4870-a344-35a875e188ee","local_time":"20190219004701","is_ascension_mode":true,"campfire_choices":[{"data":"Zap","floor":6,"key":"SMITH"},{"data":"Sunder","floor":8,"key":"SMITH"},{"data":"Go for the Eyes","floor":15,"key":"SMITH"},{"floor":23,"key":"REST"},{"data":"Capacitor","floor":27,"key":"SMITH"},{"floor":32,"key":"REST"}],"neow_cost":"NONE","seed_source_timestamp":2300065178011677,"circlet_count":0,"master_deck":["AscendersBane","Strike_B+1","Strike_B+1","Defend_B+1","Defend_B+1","Defend_B+1","Defend_B+1","Zap+1","Dualcast","Go for the Eyes+1","Sunder+1","Conserve Battery","FTL","Ball Lightning","Auto Shields","Multi-Cast+1","Capacitor+1","Glacier","Flash of Steel","Core Surge","Defragment"],"relics":["Cracked Core","NeowsBlessing","Tiny Chest","Pear","Thread and Needle","Boot","Cursed Key","Question Card"],"potions_floor_usage":[14,16,25,33,33],"damage_taken":[{"damage":0,"enemies":"2 Louse","floor":1,"turns":1},{"damage":0,"enemies":"Jaw Worm","floor":5,"turns":1},{"damage":0,"enemies":"Gremlin Nob","floor":7,"turns":1},{"damage":0,"enemies":"Small Slimes","floor":11,"turns":2},{"damage":0,"enemies":"Exordium Wildlife","floor":12,"turns":3},{"damage":0,"enemies":"Blue Slaver","floor":13,"turns":2},{"damage":6,"enemies":"3 Sentries","floor":14,"turns":5},{"damage":24,"enemies":"Hexaghost","floor":16,"turns":9},{"damage":0,"enemies":"Chosen","floor":18,"turns":3},{"damage":19,"enemies":"2 Thieves","floor":20,"turns":4},{"damage":0,"enemies":"3 Cultists","floor":24,"turns":6},{"damage":16,"enemies":"Book of Stabbing","floor":25,"turns":6},{"damage":4,"enemies":"Shelled Parasite and Fungi","floor":29,"turns":6},{"damage":5,"enemies":"Snake Plant","floor":30,"turns":3},{"damage":65,"enemies":"Automaton","floor":33,"turns":12}],"seed_played":"-4101596877884924427","potions_obtained":[{"floor":1,"key":"PowerPotion"},{"floor":5,"key":"Poison Potion"},{"floor":7,"key":"SkillPotion"},{"floor":20,"key":"Swift Potion"},{"floor":24,"key":"Regen Potion"},{"floor":25,"key":"LiquidBronze"},{"floor":30,"key":"AttackPotion"}],"is_trial":false,"path_per_floor":["M","?","?","$","M","R","E","R","T","?","M","M","M","E","R","B",null,"M","?","M","?","$","R","M","E","T","R","?","M","M","$","R","B"],"character_chosen":"DEFECT","items_purchased":["Sunder","Glacier","Flash of Steel","Defragment"],"campfire_rested":2,"item_purchase_floors":[4,22,22,31],"current_hp_per_floor":[64,53,42,42,42,42,52,52,52,52,52,52,52,46,46,22,66,66,43,24,24,24,49,49,48,48,48,48,44,39,39,64,0],"gold":39,"neow_bonus":"THREE_ENEMY_KILL","is_prod":false,"is_daily":false,"chose_seed":false,"campfire_upgraded":4,"win_rate":0,"timestamp":1550504821,"path_taken":["M","?","?","$","M","R","E","R","T","?","?","M","M","E","R","BOSS","M","?","M","?","?","R","M","E","T","R","?","M","M","$","R","BOSS"],"build_version":"2019-01-23","purchased_purges":2,"victory":false,"max_hp_per_floor":[71,71,71,71,71,71,81,81,81,81,81,81,81,81,81,81,81,81,86,86,86,86,86,86,86,86,86,86,86,86,86,86,86],"card_choices":[{"not_picked":["Hello World","Steam Power"],"picked":"Go for the Eyes","floor":1},{"not_picked":["Streamline","Leap"],"picked":"Conserve Battery","floor":5},{"not_picked":["Go for the Eyes","Hologram"],"picked":"FTL","floor":7},{"not_picked":["Turbo","Compile Driver","Steam Power"],"picked":"SKIP","floor":11},{"not_picked":["Beam Cell","Coolheaded"],"picked":"Ball Lightning","floor":12},{"not_picked":["BootSequence","Turbo"],"picked":"Auto Shields","floor":13},{"not_picked":["Cold Snap","Ball Lightning","Turbo"],"picked":"SKIP","floor":14},{"not_picked":["Meteor Strike","Reboot"],"picked":"Multi-Cast","floor":16},{"not_picked":["Static Discharge","Blizzard","Genetic Algorithm"],"picked":"SKIP","floor":18},{"not_picked":["Steam Power","Compile Driver"],"picked":"Capacitor","floor":20},{"not_picked":["Cold Snap","Tempest","Ball Lightning+1"],"picked":"SKIP","floor":24},{"not_picked":["Redo","Steam Power","Sweeping Beam"],"picked":"SKIP","floor":25},{"not_picked":["Capacitor","Steam Power","Hologram"],"picked":"Core Surge","floor":29},{"not_picked":["Hello World","Beam Cell","Compile Driver+1","Cold Snap"],"picked":"SKIP","floor":30}],"player_experience":565093,"relics_obtained":[{"floor":7,"key":"Pear"},{"floor":9,"key":"Thread and Needle"},{"floor":14,"key":"Boot"},{"floor":25,"key":"Question Card"}],"event_choices":[{"damage_healed":0,"gold_gain":75,"player_choice":"Gather Gold","damage_taken":11,"max_hp_gain":0,"max_hp_loss":0,"event_name":"World of Goop","floor":2,"gold_loss":0},{"damage_healed":0,"gold_gain":0,"player_choice":"Success","damage_taken":11,"relics_obtained":["Tiny Chest"],"max_hp_gain":0,"max_hp_loss":0,"event_name":"Scrap Ooze","floor":3,"gold_loss":0},{"damage_healed":0,"gold_gain":0,"player_choice":"Ignored","damage_taken":0,"max_hp_gain":0,"max_hp_loss":0,"event_name":"Liars Game","floor":10,"gold_loss":0},{"damage_healed":0,"gold_gain":0,"player_choice":"Shed Blood","damage_taken":28,"max_hp_gain":5,"max_hp_loss":0,"event_name":"Forgotten Altar","floor":19,"gold_loss":0},{"damage_healed":0,"gold_gain":0,"player_choice":"Simplicity","damage_taken":0,"max_hp_gain":0,"max_hp_loss":0,"event_name":"Back to Basics","floor":21,"gold_loss":0,"cards_upgraded":["Strike_B","Strike_B","Strike_B","Defend_B","Defend_B","Defend_B","Defend_B"]},{"damage_healed":0,"gold_gain":0,"player_choice":"Forge","damage_taken":0,"max_hp_gain":0,"max_hp_loss":0,"event_name":"Accursed Blacksmith","floor":28,"gold_loss":0,"cards_upgraded":["Multi-Cast"]}],"is_beta":false,"boss_relics":[{"not_picked":["Orrery","Runic Pyramid"],"picked":"Cursed Key"}],"items_purged_floors":[4,22],"is_endless":false,"potions_floor_spawned":[1,5,7,20,24,25,30],"killed_by":"Automaton","ascension_level":20}