{"gold_per_floor":[118,50,50,70,145,175,175,192,241,252,268,283,309,321,321,425,425,440,365,398,415,415,442,459,459],"floor_reached":25,"playtime":4040,"items_purged":["Strike_R"],"score":399,"play_id":"28709744-c6dc-41f2-8d01-fb7b57e3fd74","local_time":"20190219182716","is_ascension_mode":true,"campfire_choices":[{"floor":7,"key":"REST"},{"data":"Shockwave","floor":15,"key":"SMITH"}],"neow_cost":"NONE","seed_source_timestamp":0,"circlet_count":0,"master_deck":["Strike_R","Strike_R+1","Defend_R","Defend_R","Defend_R","Defend_R","Bash","Shockwave+1","Corruption","Clothesline","Immolate+1","Ghostly Armor","Combust","Brutality","Whirlwind","Demon Form","Feel No Pain","Sentinel"],"special_seed":0,"relics":["Burning Blood","Bronze Scales","Art of War","Blood Vial","Whetstone","Empty Cage","Red Mask","Boot"],"potions_floor_usage":[13,16,16,25],"damage_taken":[{"damage":18.0,"enemies":"Jaw Worm","floor":1.0,"turns":4.0},{"damage":2.0,"enemies":"Small Slimes","floor":4.0,"turns":3.0},{"damage":52,"enemies":"3 Sentries","floor":6,"turns":10},{"damage":4,"enemies":"Cultist","floor":8,"turns":2},{"damage":0,"enemies":"Gremlin Gang","floor":10,"turns":2},{"damage":9,"enemies":"Blue Slaver","floor":11,"turns":4},{"damage":0,"enemies":"3 Louse","floor":12,"turns":1},{"damage":21,"enemies":"Gremlin Nob","floor":13,"turns":4},{"damage":0,"enemies":"Lots of Slimes","floor":14,"turns":1},{"damage":7,"enemies":"Slime Boss","floor":16,"turns":5},{"damage":21,"enemies":"Chosen","floor":18,"turns":5},{"damage":35,"enemies":"Masked Bandits","floor":20,"turns":3},{"damage":9,"enemies":"Spheric Guardian","floor":21,"turns":4},{"damage":41,"enemies":"Slavers","floor":23,"turns":3},{"damage":29,"enemies":"Snecko","floor":24,"turns":5},{"damage":26,"enemies":"Gremlin Leader","floor":25,"turns":7}],"seed_played":"4957879165329251388","potions_obtained":[{"floor":1.0,"key":"Weak Potion"},{"floor":4.0,"key":"Weak Potion"},{"floor":12,"key":"Energy Potion"},{"floor":13,"key":"Swift Potion"},{"floor":14,"key":"Strength Potion"},{"floor":16,"key":"Energy Potion"},{"floor":21,"key":"LiquidBronze"}],"is_trial":false,"path_per_floor":["M","$","?","M","?","E","R","M","T","M","M","M","E","M","R","B",null,"M","$","?","M","?","E","M","E"],"character_chosen":"IRONCLAD","items_purchased":["Corruption"],"campfire_rested":1,"item_purchase_floors":[2],"current_hp_per_floor":[60,60,60,64,64,18,42,44,44,52,51,59,46,54,54,55,74,61,61,34,33,80,45,24,0],"gold":459,"neow_bonus":"RANDOM_COMMON_RELIC","is_prod":false,"is_daily":false,"chose_seed":false,"campfire_upgraded":1,"win_rate":0,"timestamp":1550618836,"path_taken":["M","$","?","M","?","E","R","M","T","M","M","M","E","M","R","BOSS","M","$","?","M","?","E","M","E"],"build_version":"2019-01-23","purchased_purges":1,"victory":false,"max_hp_per_floor":[80,80,80,80,80,80,80,80,80,80,80,80,80,80,80,80,80,80,80,80,80,80,80,80,80],"card_choices":[{"not_picked":["Flex","Thunderclap"],"picked":"Shockwave","floor":1.0},{"not_picked":["Rupture","Ghostly Armor"],"picked":"Clothesline","floor":4.0},{"not_picked":["Havoc","Cleave"],"picked":"Immolate","floor":6},{"not_picked":["Carnage","Armaments"],"picked":"Ghostly Armor","floor":8},{"not_picked":["Wild Strike","Shrug It Off"],"picked":"Combust","floor":10},{"not_picked":["Pummel","Clothesline"],"picked":"Brutality","floor":11},{"not_picked":["Body Slam","Carnage","Wild Strike"],"picked":"SKIP","floor":12},{"not_picked":["Hemokinesis","Uppercut"],"picked":"Whirlwind","floor":13},{"not_picked":["Whirlwind","Clash","Intimidate"],"picked":"SKIP","floor":14},{"not_picked":["Bludgeon","Brutality"],"picked":"Demon Form","floor":16},{"not_picked":["Spot Weakness+1","Rampage","Headbutt"],"picked":"SKIP","floor":18},{"not_picked":["Warcry","Clothesline"],"picked":"Feel No Pain","floor":20},{"not_picked":["Armaments+1","Evolve"],"picked":"Sentinel","floor":21},{"not_picked":["Iron Wave","Blood for Blood","Berserk"],"picked":"SKIP","floor":23},{"not_picked":["Shockwave+1","Second Wind","Corruption+1"],"picked":"SKIP","floor":24}],"player_experience":1608532,"relics_obtained":[{"floor":6,"key":"Art of War"},{"floor":9,"key":"Blood Vial"},{"floor":13,"key":"Whetstone"},{"floor":20,"key":"Red Mask"},{"floor":23,"key":"Boot"}],"event_choices":[{"damage_healed":0.0,"max_hp_gain":0.0,"max_hp_loss":0.0,"gold_gain":0.0,"event_name":"Liars Game","player_choice":"Ignored","floor":3.0,"gold_loss":0.0,"damage_taken":0.0},{"damage_healed":0.0,"max_hp_gain":0.0,"max_hp_loss":0.0,"gold_gain":75.0,"event_name":"Golden Wing","player_choice":"Gained Gold","floor":5.0,"gold_loss":0.0,"damage_taken":0.0},{"damage_healed":0,"gold_gain":0,"player_choice":"Fought Bandits","damage_taken":0,"max_hp_gain":0,"max_hp_loss":0,"event_name":"Masked Bandits","floor":20,"gold_loss":0},{"damage_healed":47,"gold_gain":0,"player_choice":"Full Heal","damage_taken":0,"max_hp_gain":0,"max_hp_loss":0,"event_name":"Wheel of Change","floor":22,"gold_loss":0}],"is_beta":false,"boss_relics":[{"not_picked":["Eternal Feather","White Beast Statue"],"picked":"Empty Cage"}],"items_purged_floors":[19],"is_endless":false,"potions_floor_spawned":[1,4,12,13,14,16,21,24],"killed_by":"Gremlin Leader","ascension_level":8}