{"gold_per_floor":[119,138,138,150,150,150,6,37,37,55,8,8,33,53,53,148,148,159,172,187,34,34],"floor_reached":22,"playtime":1314,"items_purged":[],"score":275,"play_id":"c58a54b6-f4b4-47eb-8e96-e558b418ed35","local_time":"20190212193346","is_ascension_mode":true,"campfire_choices":[{"data":"Perfected Strike","floor":6,"key":"SMITH"},{"floor":15,"key":"REST"}],"neow_cost":"NONE","seed_source_timestamp":774936882515657,"circlet_count":0,"master_deck":["Strike_R","Strike_R","Strike_R","Strike_R","Defend_R+1","Bash","Impatience","Cleave","Feel No Pain","Shrug It Off+1","Perfected Strike+1","Immolate","Pommel Strike","Warcry","Flex","Dark Embrace","Wild Strike","Fiend Fire","Spot Weakness+1","Exhume+1","Feed+1","Pommel Strike","Seeing Red","Rupture","Double Tap"],"relics":["Burning Blood","Incense Burner","Mango","Pear","Astrolabe"],"potions_floor_usage":[16],"damage_taken":[{"damage":9,"enemies":"Jaw Worm","floor":1,"turns":4},{"damage":0,"enemies":"2 Louse","floor":2,"turns":2},{"damage":10,"enemies":"Small Slimes","floor":4,"turns":3},{"damage":27,"enemies":"Lagavulin","floor":8,"turns":5},{"damage":1,"enemies":"2 Fungi Beasts","floor":10,"turns":2},{"damage":11,"enemies":"3 Sentries","floor":13,"turns":5},{"damage":14,"enemies":"3 Louse","floor":14,"turns":2},{"damage":84,"enemies":"Hexaghost","floor":16,"turns":12},{"damage":17,"enemies":"Shell Parasite","floor":18,"turns":4},{"damage":33,"enemies":"2 Thieves","floor":19,"turns":3},{"damage":61,"enemies":"Centurion and Healer","floor":20,"turns":6},{"damage":21,"enemies":"Cultist and Chosen","floor":22,"turns":4}],"seed_played":"5805270099858146163","potions_obtained":[{"floor":2,"key":"SkillPotion"},{"floor":10,"key":"Dexterity Potion"}],"is_trial":false,"path_per_floor":["M","M","?","M","?","R","$","E","T","M","$","?","E","M","R","B",null,"M","M","M","$","M"],"character_chosen":"IRONCLAD","items_purchased":["Immolate","Flex","Double Tap"],"campfire_rested":1,"item_purchase_floors":[7,11,21],"current_hp_per_floor":[77,80,80,76,81,81,81,60,74,79,79,59,64,56,88,10,109,98,71,16,16,0],"gold":34,"neow_bonus":"RANDOM_COLORLESS","is_prod":false,"is_daily":false,"chose_seed":false,"campfire_upgraded":1,"win_rate":0,"timestamp":1549996426,"path_taken":["M","M","?","M","?","R","$","E","T","M","$","?","E","M","R","BOSS","M","M","M","$","M"],"build_version":"2019-01-23","purchased_purges":0,"victory":false,"max_hp_per_floor":[80,80,80,80,85,85,85,85,99,99,99,99,109,109,109,109,109,109,109,109,109,113],"card_choices":[{"not_picked":["Pommel Strike","Flex"],"picked":"Cleave","floor":1},{"not_picked":["Armaments","Cleave"],"picked":"Feel No Pain","floor":2},{"not_picked":["Cleave","Iron Wave"],"picked":"Perfected Strike","floor":4},{"not_picked":["Twin Strike","Second Wind"],"picked":"Pommel Strike","floor":8},{"not_picked":["Perfected Strike","Sentinel"],"picked":"Warcry","floor":10},{"not_picked":["Entrench","Fire Breathing"],"picked":"Dark Embrace","floor":13},{"not_picked":["Power Through","Sword Boomerang"],"picked":"Wild Strike","floor":14},{"not_picked":["Berserk","Brutality"],"picked":"Fiend Fire","floor":16},{"not_picked":["Clothesline","Flame Barrier"],"picked":"Pommel Strike","floor":18},{"not_picked":["Heavy Blade","Iron Wave"],"picked":"Seeing Red","floor":19},{"not_picked":["Cleave","Warcry+1"],"picked":"Rupture","floor":20}],"player_experience":285184,"relics_obtained":[{"floor":8,"key":"Incense Burner"},{"floor":9,"key":"Mango"},{"floor":13,"key":"Pear"}],"event_choices":[{"damage_healed":0,"gold_gain":0,"cards_transformed":["Strike_R"],"player_choice":"Change","damage_taken":0,"max_hp_gain":0,"max_hp_loss":0,"event_name":"Living Wall","floor":3,"gold_loss":0,"cards_obtained":["Shrug It Off"]},{"damage_healed":0,"gold_gain":0,"player_choice":"Donut","damage_taken":0,"max_hp_gain":5,"max_hp_loss":0,"event_name":"Big Fish","floor":5,"gold_loss":0},{"damage_healed":0,"gold_gain":0,"player_choice":"Entered Light","damage_taken":20,"max_hp_gain":0,"max_hp_loss":0,"event_name":"Shining Light","floor":12,"gold_loss":0,"cards_upgraded":["Defend_R","Shrug It Off"]}],"is_beta":false,"boss_relics":[{"not_picked":["Fusion Hammer","Eternal Feather"],"picked":"Astrolabe"}],"items_purged_floors":[],"is_endless":false,"potions_floor_spawned":[2,10],"killed_by":"Cultist and Chosen","ascension_level":3}