{"gold_per_floor":[217,229,229,229,240,240,272,272,322,337,337,31,31,43,43,117,117,130,144,162,162],"floor_reached":21,"playtime":1146,"items_purged":[],"score":335,"play_id":"1c6650db-15e5-4a48-bfe7-c9d63cf6b556","local_time":"20190305013950","is_ascension_mode":true,"campfire_choices":[{"data":"Neutralize","floor":6,"key":"SMITH"},{"floor":8,"key":"REST"},{"data":"Cloak And Dagger","floor":11,"key":"SMITH"},{"data":"Well Laid Plans","floor":13,"key":"SMITH"},{"data":"Skewer","floor":15,"key":"SMITH"}],"neow_cost":"NONE","seed_source_timestamp":92255873541135,"circlet_count":0,"master_deck":["AscendersBane","Defend_G","Defend_G","Defend_G+1","Defend_G","Defend_G","Strike_G","Strike_G","Strike_G","Strike_G","Strike_G","Survivor+1","Neutralize+1","Cloak And Dagger+1","Sucker Punch","Backflip","Slice","Crippling Poison","Well Laid Plans+1","Backflip","Skewer+1","Burst","Leg Sweep","Deadly Poison"],"relics":["Ring of the Snake","Ancient Tea Set","PreservedInsect","War Paint","Coffee Dripper"],"potions_floor_usage":[4,7,7,16,20],"damage_taken":[{"damage":0,"enemies":"2 Louse","floor":1,"turns":5},{"damage":0,"enemies":"Cultist","floor":2,"turns":4},{"damage":0,"enemies":"Jaw Worm","floor":5,"turns":4},{"damage":36,"enemies":"Lagavulin","floor":7,"turns":9},{"damage":15,"enemies":"Red Slaver","floor":10,"turns":5},{"damage":0,"enemies":"Blue Slaver","floor":14,"turns":4},{"damage":12,"enemies":"The Guardian","floor":16,"turns":16},{"damage":7,"enemies":"3 Byrds","floor":18,"turns":5},{"damage":16,"enemies":"2 Thieves","floor":19,"turns":4},{"damage":23,"enemies":"Snecko","floor":20,"turns":7},{"damage":2,"enemies":"Cultist and Chosen","floor":21,"turns":5}],"seed_played":"-1598632264477875404","potions_obtained":[{"floor":1,"key":"Swift Potion"},{"floor":4,"key":"Swift Potion"},{"floor":4,"key":"Fruit Juice"},{"floor":5,"key":"GamblersBrew"},{"floor":16,"key":"PowerPotion"}],"is_trial":false,"path_per_floor":["M","M","?","?","M","R","E","R","T","M","R","$","R","M","R","B",null,"M","M","M","M"],"character_chosen":"THE_SILENT","items_purchased":["Well Laid Plans","Backflip","War Paint","Block Potion"],"campfire_rested":1,"item_purchase_floors":[12,12,12,12],"current_hp_per_floor":[59,59,48,53,53,53,17,38,38,23,23,23,23,23,23,11,56,49,33,10,8],"gold":162,"neow_bonus":"HUNDRED_GOLD","is_prod":false,"is_daily":false,"chose_seed":false,"campfire_upgraded":4,"win_rate":0,"timestamp":1551767990,"path_taken":["M","M","?","?","M","R","E","R","T","M","R","$","R","M","R","BOSS","M","M","M","?"],"build_version":"2019-01-23","purchased_purges":0,"victory":false,"max_hp_per_floor":[66,66,66,71,71,71,71,71,71,71,71,71,71,71,71,71,71,71,71,71,71],"card_choices":[{"not_picked":["Escape Plan","Underhanded Strike"],"picked":"Cloak And Dagger","floor":1},{"not_picked":["Acrobatics","Eviscerate"],"picked":"Sucker Punch","floor":2},{"not_picked":["Tactician","Accuracy"],"picked":"Backflip","floor":5},{"not_picked":["Bane","Backstab"],"picked":"Slice","floor":7},{"not_picked":["Slice","Deadly Poison"],"picked":"Crippling Poison","floor":10},{"not_picked":["Backflip","Caltrops"],"picked":"Skewer","floor":14},{"not_picked":["Storm of Steel","Phantasmal Killer"],"picked":"Burst","floor":16},{"not_picked":["Quick Slash","Dash"],"picked":"Leg Sweep","floor":18},{"not_picked":["Sucker Punch+1","Flying Knee"],"picked":"Deadly Poison","floor":19},{"not_picked":["Eviscerate","Sucker Punch","Flying Knee"],"picked":"SKIP","floor":20}],"player_experience":856097,"relics_obtained":[{"floor":7,"key":"Ancient Tea Set"},{"floor":9,"key":"PreservedInsect"}],"event_choices":[{"damage_healed":0,"gold_gain":0,"player_choice":"Fled","damage_taken":11,"max_hp_gain":0,"max_hp_loss":0,"event_name":"Scrap Ooze","floor":3,"gold_loss":0},{"damage_healed":0,"gold_gain":0,"player_choice":"Got Potions","damage_taken":0,"max_hp_gain":0,"max_hp_loss":0,"event_name":"Lab","floor":4,"gold_loss":0}],"is_beta":false,"boss_relics":[{"not_picked":["Snecko Eye","Black Star"],"picked":"Coffee Dripper"}],"items_purged_floors":[],"is_endless":false,"potions_floor_spawned":[1,5,16],"killed_by":"Cultist and Chosen","ascension_level":17}