{"path_per_floor":["M","M","M","M","M","R","M","R","T","E","M","M","M","$","R","B",null,"M","?","$","?","?","R","E","R","T","M","M","R","M","M","R","B",null,"M","M","M","T","M","R","$","?","T","M","?","R","M","M","R","B"],"character_chosen":"IRONCLAD","items_purchased":["Bottled Tornado","Mummified Hand","Shrug It Off","Rage","Anchor"],"gold_per_floor":[368,388,408,423,439,439,459,459,527,560,575,587,604,38,38,115,115,130,130,76,76,76,76,102,102,102,119,131,131,148,165,165,239,239,255,269,283,283,296,296,15,0,0,18,18,18,30,47,47,47],"floor_reached":51,"campfire_rested":4,"playtime":1977,"item_purchase_floors":[14,14,20,41,41],"current_hp_per_floor":[68,67,63,68,52,52,55,55,55,62,48,44,43,43,43,49,74,62,46,46,46,46,72,72,72,72,59,64,64,55,39,81,62,84,68,61,44,44,49,92,92,92,92,95,95,95,99,89,99,8],"items_purged":["Strike_R","Regret"],"gold":47,"score":1293,"play_id":"6828f532-5d88-45a0-90b2-955f8faadeb7","local_time":"20180523235907","is_prod":false,"is_daily":false,"chose_seed":false,"is_ascension_mode":true,"campfire_upgraded":6,"win_rate":0,"timestamp":1527134347,"campfire_choices":[{"data":"Whirlwind","floor":6,"key":"SMITH"},{"data":"Inflame","floor":8,"key":"SMITH"},{"data":"Demon Form","floor":15,"key":"SMITH"},{"floor":23,"key":"REST"},{"data":"Shrug It Off","floor":25,"key":"SMITH"},{"data":"Flame Barrier","floor":29,"key":"SMITH"},{"floor":32,"key":"REST"},{"floor":40,"key":"REST"},{"data":"Rage","floor":46,"key":"SMITH"},{"floor":49,"key":"REST"}],"path_taken":["M","M","M","M","M","R","M","R","T","E","M","M","M","$","R","BOSS","M","?","$","?","?","R","E","R","T","M","M","R","M","?","R","BOSS","M","M","M","?","M","R","$","?","T","M","?","R","M","M","R","BOSS"],"build_version":"2018-05-23","seed_source_timestamp":295087983731345,"purchased_purges":2,"victory":true,"master_deck":["Bash","AscendersBane","Headbutt","Inflame+1","Heavy Blade","Feel No Pain","Whirlwind+1","Demon Form+1","Thunderclap","Seeing Red","Evolve","Anger","Anger","Whirlwind","Cleave","Inflame","Thunderclap","Evolve","Wild Strike","Shrug It Off+1","Shrug It Off","Flame Barrier+1","Heavy Blade+1","Shrug It Off","Shrug It Off","Feed+1","Iron Wave+1","Battle Trance","Intimidate","Ghostly Armor+1","Rage+1","Impervious","Disarm","Sword Boomerang+1"],"max_hp_per_floor":[68,68,68,68,68,68,68,68,68,82,82,82,82,82,82,82,82,82,87,87,87,87,87,91,91,91,91,91,91,91,91,91,91,91,91,91,95,95,95,95,95,95,95,95,95,95,99,99,99,99],"relics":["Burning Blood","Letter Opener","Mango","Bottled Tornado","Mummified Hand","Pandora\u0027s Box","Torii","Regal Pillow","Molten Egg 2","Cursed Key","Mercury Hourglass","Anchor","Red Mask"],"card_choices":[{"not_picked":["Body Slam","Clash"],"picked":"Headbutt","floor":1},{"not_picked":["Second Wind","Heavy Blade"],"picked":"Inflame","floor":2},{"not_picked":["Dual Wield","Clothesline"],"picked":"Heavy Blade","floor":3},{"not_picked":["Pommel Strike","Cleave"],"picked":"Feel No Pain","floor":4},{"not_picked":["Inflame","Feed"],"picked":"Whirlwind","floor":5},{"not_picked":["Infernal Blade","Havoc","Sentinel"],"picked":"SKIP","floor":7},{"not_picked":["Anger","Searing Blow"],"picked":"Demon Form","floor":10},{"not_picked":["Flex","Clothesline"],"picked":"Thunderclap","floor":11},{"not_picked":["Sword Boomerang","Searing Blow"],"picked":"Seeing Red","floor":12},{"not_picked":["Havoc","Burning Pact"],"picked":"Evolve","floor":13},{"not_picked":["Blood for Blood","Headbutt","Body Slam"],"picked":"SKIP","floor":18},{"not_picked":["Iron Wave","Carnage"],"picked":"Shrug It Off","floor":24},{"not_picked":["Inflame","Fire Breathing"],"picked":"Flame Barrier","floor":27},{"not_picked":["Clothesline+1","Uppercut+1"],"picked":"Heavy Blade+1","floor":28},{"not_picked":["Hemokinesis+1","Clash+1"],"picked":"Shrug It Off","floor":30},{"not_picked":["Warcry","Heavy Blade+1"],"picked":"Shrug It Off","floor":31},{"not_picked":["Berserk","Immolate+1"],"picked":"Feed+1","floor":33},{"not_picked":["Inflame","Wild Strike+1"],"picked":"Iron Wave+1","floor":35},{"not_picked":["Wild Strike+1","Clothesline+1"],"picked":"Battle Trance","floor":36},{"not_picked":["Iron Wave+1","Pommel Strike+1"],"picked":"Intimidate","floor":37},{"not_picked":["Power Through","Thunderclap+1"],"picked":"Ghostly Armor+1","floor":39},{"not_picked":["Perfected Strike+1","Carnage+1"],"picked":"Impervious","floor":44},{"not_picked":["Havoc+1","Rampage+1"],"picked":"Disarm","floor":47},{"not_picked":["Iron Wave+1","Clash+1"],"picked":"Sword Boomerang+1","floor":48}],"player_experience":235352,"potions_floor_usage":[7,12,16,24,24,24,27,33,39,50,50,50],"damage_taken":[{"damage":5,"enemies":"2 Louse","floor":1,"turns":3},{"damage":7,"enemies":"Jaw Worm","floor":2,"turns":3},{"damage":10,"enemies":"Small Slimes","floor":3,"turns":4},{"damage":0,"enemies":"Exordium Wildlife","floor":4,"turns":4},{"damage":22,"enemies":"Large Slime","floor":5,"turns":4},{"damage":3,"enemies":"Blue Slaver","floor":7,"turns":4},{"damage":13,"enemies":"3 Sentries","floor":10,"turns":4},{"damage":20,"enemies":"Gremlin Gang","floor":11,"turns":3},{"damage":10,"enemies":"Red Slaver","floor":12,"turns":5},{"damage":7,"enemies":"Looter","floor":13,"turns":3},{"damage":0,"enemies":"Slime Boss","floor":16,"turns":5},{"damage":18,"enemies":"3 Byrds","floor":18,"turns":4},{"damage":19,"enemies":"Gremlin Leader","floor":24,"turns":4},{"damage":19,"enemies":"2 Thieves","floor":27,"turns":2},{"damage":1,"enemies":"Cultist and Chosen","floor":28,"turns":4},{"damage":15,"enemies":"Centurion and Healer","floor":30,"turns":3},{"damage":22,"enemies":"Slaver and Parasite","floor":31,"turns":4},{"damage":25,"enemies":"Automaton","floor":33,"turns":6},{"damage":22,"enemies":"Orb Walker","floor":35,"turns":4},{"damage":13,"enemies":"3 Darklings","floor":36,"turns":3},{"damage":27,"enemies":"Sphere and 2 Shapes","floor":37,"turns":7},{"damage":1,"enemies":"Maw","floor":39,"turns":5},{"damage":1,"enemies":"3 Darklings","floor":44,"turns":3},{"damage":1,"enemies":"Spire Growth","floor":47,"turns":3},{"damage":16,"enemies":"4 Shapes","floor":48,"turns":3},{"damage":107,"enemies":"Time Eater","floor":50,"turns":9}],"relics_obtained":[{"floor":9,"key":"Letter Opener"},{"floor":10,"key":"Mango"},{"floor":24,"key":"Regal Pillow"},{"floor":26,"key":"Molten Egg 2"},{"floor":38,"key":"Mercury Hourglass"}],"event_choices":[{"event_name":"Forgotten Altar","player_choice":"Shed Blood","floor":19,"damage_taken":0},{"event_name":"The Mausoleum","player_choice":"Yes","floor":21,"damage_taken":0},{"event_name":"The Lab","player_choice":"Got Potions","floor":22,"damage_taken":0},{"event_name":"Tomb of Lord Red Mask","player_choice":"Paid","floor":42,"damage_taken":0},{"event_name":"Mysterious Sphere","player_choice":"Ignore","floor":45,"damage_taken":0}],"boss_relics":[{"not_picked":["Tiny House","Astrolabe"],"picked":"Pandora\u0027s Box"},{"not_picked":["Lizard Tail","Philosopher\u0027s Stone"],"picked":"Cursed Key"}],"items_purged_floors":[14,41],"potions_floor_spawned":[2,3,4,10,16,18,24,27,30,35,36,44,47],"seed_played":"-5116637089022465462","ascension_level":14,"potions_obtained":[{"floor":2,"key":"PowerPotion"},{"floor":3,"key":"Block Potion"},{"floor":4,"key":"Weak Potion"},{"floor":10,"key":"SkillPotion"},{"floor":16,"key":"SpeedPotion"},{"floor":18,"key":"Regen Potion"},{"floor":22,"key":"Fruit Juice"},{"floor":22,"key":"Fire Potion"},{"floor":24,"key":"Weak Potion"},{"floor":27,"key":"Strength Potion"},{"floor":30,"key":"Strength Potion"},{"floor":35,"key":"GamblersBrew"},{"floor":36,"key":"Energy Potion"},{"floor":44,"key":"PowerPotion"},{"floor":47,"key":"Regen Potion"}],"is_trial":false}