{"gold_per_floor":[369,12,29,48,62,62,90,90,90,9,38,38,38,56,56,161,161,179,190,190],"floor_reached":20,"playtime":1106,"items_purged":["Writhe"],"score":193,"play_id":"7b0d8bc2-8441-4fbd-936d-5310665ede71","local_time":"20181017142550","is_ascension_mode":true,"campfire_choices":[{"data":"Armaments","floor":6,"key":"SMITH"},{"floor":12,"key":"REST"},{"data":"Inflame","floor":15,"key":"SMITH"}],"neow_cost":"CURSE","seed_source_timestamp":534844482616501,"circlet_count":0,"master_deck":["Strike_R","Strike_R","Strike_R","Strike_R","Strike_R","Defend_R","Defend_R","Defend_R","Bash","Shrug It Off","Armaments+1","True Grit","Inflame+1","Whirlwind","Battle Trance","Iron Wave","Ghostly Armor","Battle Trance","Offering","Anger"],"relics":["Burning Blood","MealTicket","Dodecahedron","Shuriken","Singing Bowl","The Courier","Coffee Dripper"],"potions_floor_usage":[16,18,20,20],"damage_taken":[{"damage":3,"enemies":"Jaw Worm","floor":1,"turns":4},{"damage":0,"enemies":"Small Slimes","floor":3,"turns":3},{"damage":1,"enemies":"Cultist","floor":4,"turns":4},{"damage":16,"enemies":"Gremlin Gang","floor":5,"turns":3},{"damage":14,"enemies":"3 Sentries","floor":7,"turns":3},{"damage":16,"enemies":"Lagavulin","floor":11,"turns":8},{"damage":9,"enemies":"Red Slaver","floor":14,"turns":4},{"damage":37,"enemies":"Hexaghost","floor":16,"turns":5},{"damage":12,"enemies":"Shell Parasite","floor":18,"turns":4},{"damage":6,"enemies":"Chosen","floor":19,"turns":3},{"damage":21,"enemies":"Colosseum Slavers","floor":20,"turns":3},{"damage":69,"enemies":"Colosseum Nobs","floor":20,"turns":4}],"seed_played":"-5675604642941957866","potions_obtained":[{"floor":3,"key":"Ancient Potion"},{"floor":7,"key":"Explosive Potion"},{"floor":14,"key":"Strength Potion"},{"floor":16,"key":"SteroidPotion"},{"floor":19,"key":"PowerPotion"}],"is_trial":false,"path_per_floor":["M","$","M","M","M","R","E","?","T","$","E","R","?","M","R","B",null,"M","M"],"character_chosen":"IRONCLAD","items_purchased":["Armaments","True Grit","MealTicket","Ghostly Armor"],"campfire_rested":1,"item_purchase_floors":[2,2,2,10],"current_hp_per_floor":[80,80,80,80,70,70,62,37,37,47,37,61,61,58,58,29,82,78,80,0],"gold":190,"neow_bonus":"TWO_FIFTY_GOLD","is_prod":false,"is_daily":false,"chose_seed":false,"campfire_upgraded":2,"win_rate":0,"timestamp":1539800750,"path_taken":["M","$","M","M","M","R","E","?","T","$","E","R","?","?","R","BOSS","M","M","?"],"build_version":"2018-10-11","purchased_purges":1,"victory":false,"max_hp_per_floor":[80,80,80,80,80,80,80,80,80,80,80,80,80,80,80,82,82,84,86,86],"card_choices":[{"not_picked":["Heavy Blade","Combust"],"picked":"Shrug It Off","floor":1},{"not_picked":["Headbutt","Corruption"],"picked":"Inflame","floor":3},{"not_picked":["Spot Weakness","True Grit"],"picked":"Whirlwind","floor":4},{"not_picked":["Shrug It Off","Clash"],"picked":"Battle Trance","floor":5},{"not_picked":["Clash","Infernal Blade"],"picked":"Iron Wave","floor":7},{"not_picked":["Body Slam","Headbutt"],"picked":"Battle Trance","floor":11},{"not_picked":["True Grit","Ghostly Armor"],"picked":"Anger","floor":14},{"not_picked":["Double Tap","Exhume","Juggernaut"],"picked":"Singing Bowl","floor":16},{"not_picked":["Iron Wave","Warcry","Reckless Charge"],"picked":"Singing Bowl","floor":18},{"not_picked":["Whirlwind","Burning Pact","Warcry"],"picked":"Singing Bowl","floor":19}],"player_experience":930869,"relics_obtained":[{"floor":7,"key":"Dodecahedron"},{"floor":9,"key":"Singing Bowl"},{"floor":11,"key":"The Courier"}],"event_choices":[{"event_name":"Scrap Ooze","player_choice":"success","floor":8,"damage_taken":25},{"event_name":"Transmorgrifier","player_choice":"Transform","floor":13,"damage_taken":0},{"event_name":"Colosseum","player_choice":"Fight","floor":20,"damage_taken":0},{"event_name":"Colosseum","player_choice":"Fought Nobs","floor":20,"damage_taken":0}],"is_beta":false,"boss_relics":[{"not_picked":["Calling Bell","Runic Pyramid"],"picked":"Coffee Dripper"}],"items_purged_floors":[2],"is_endless":false,"potions_floor_spawned":[3,7,14,16,19],"killed_by":"Colosseum Nobs","ascension_level":1}