{"gold_per_floor":[111,127,127,127,202,202,219,219,246,264,264,295,306,83,83,181,231,247,260,141,160,179,206,216,216],"floor_reached":25,"playtime":2557,"items_purged":["All Out Attack"],"score":225,"play_id":"86ed5e7a-0015-4f65-9c61-23b03d847f81","local_time":"20181219220431","is_ascension_mode":false,"campfire_choices":[{"data":"Dodge and Roll","floor":6.0,"key":"SMITH"},{"floor":8.0,"key":"RECALL"},{"floor":15.0,"key":"REST"}],"neow_cost":"NONE","seed_source_timestamp":0,"circlet_count":0,"master_deck":["Survivor","Neutralize","Dodge and Roll+1","Bouncing Flask","All Out Attack","Blur","Caltrops","Backflip","A Thousand Cuts","Grand Finale","Escape Plan","Catalyst+1","Dodge and Roll","Noxious Fumes","Corpse Explosion","Noxious Fumes","PiercingWail","Dash","Footwork","Acrobatics+1"],"special_seed":0,"relics":["Pandora\u0027s Box","Bag of Marbles","Darkstone Periapt","Anchor","Tiny House","Omamori"],"potions_floor_usage":[22,23,25,25,25],"damage_taken":[{"damage":0.0,"enemies":"Jaw Worm","floor":1.0,"turns":3.0},{"damage":0.0,"enemies":"2 Louse","floor":2.0,"turns":2.0},{"damage":0.0,"enemies":"Small Slimes","floor":7.0,"turns":2.0},{"damage":1.0,"enemies":"Looter","floor":10.0,"turns":3.0},{"damage":14.0,"enemies":"3 Sentries","floor":12.0,"turns":5.0},{"damage":3.0,"enemies":"Blue Slaver","floor":13.0,"turns":4.0},{"damage":12.0,"enemies":"The Guardian","floor":16.0,"turns":8.0},{"damage":2,"enemies":"Shell Parasite","floor":18,"turns":4},{"damage":0,"enemies":"Chosen","floor":19,"turns":4},{"damage":24,"enemies":"Shelled Parasite and Fungi","floor":21,"turns":7},{"damage":16,"enemies":"Centurion and Healer","floor":22,"turns":6},{"damage":11,"enemies":"Slavers","floor":23,"turns":3},{"damage":18,"enemies":"Chosen and Byrds","floor":24,"turns":6},{"damage":9,"enemies":"Book of Stabbing","floor":25,"turns":6}],"seed_played":"9181838856963212081","potions_obtained":[{"floor":1.0,"key":"Strength Potion"},{"floor":2.0,"key":"SteroidPotion"},{"floor":16.0,"key":"Weak Potion"},{"floor":22,"key":"GamblersBrew"},{"floor":24,"key":"Weak Potion"}],"is_trial":false,"path_per_floor":["M","M","?","?","?","R","M","R","T","M","?","E","M","$","R","B",null,"M","M","$","M","M","E","M","E"],"character_chosen":"THE_SILENT","items_purchased":["Anchor","Dash","Footwork"],"campfire_rested":1,"item_purchase_floors":[14,20,20],"current_hp_per_floor":[70,70,52,52,41,41,41,41,41,40,45,31,28,28,50,38,80,78,78,78,54,38,27,9,0],"gold":216,"neow_bonus":"BOSS_RELIC","is_prod":false,"is_daily":false,"chose_seed":false,"campfire_upgraded":1,"win_rate":0,"timestamp":1545278671,"path_taken":["M","M","?","?","?","R","M","R","T","?","?","E","M","$","R","BOSS","M","M","$","M","M","E","M","E"],"build_version":"2018-12-13","purchased_purges":1,"victory":false,"max_hp_per_floor":[70,70,70,70,70,70,70,70,70,70,75,75,75,75,75,75,80,80,80,80,80,80,80,80,80],"card_choices":[{"not_picked":["Accuracy","Deadly Poison"],"picked":"Escape Plan","floor":1.0},{"not_picked":["Bane","Outmaneuver"],"picked":"Catalyst","floor":2.0},{"not_picked":["Dagger Throw","Outmaneuver"],"picked":"Dodge and Roll","floor":7.0},{"not_picked":["Outmaneuver","Blur"],"picked":"Noxious Fumes","floor":10.0},{"not_picked":["Storm of Steel","Slice","All Out Attack"],"picked":"SKIP","floor":12.0},{"not_picked":["Cloak And Dagger","Slice","Reflex"],"picked":"SKIP","floor":13.0},{"not_picked":["Envenom","Glass Knife"],"picked":"Corpse Explosion","floor":16.0},{"not_picked":["PiercingWail","Acrobatics"],"picked":"Noxious Fumes","floor":17},{"not_picked":["Quick Slash","Accuracy","Flechettes"],"picked":"SKIP","floor":18},{"not_picked":["All Out Attack","Sucker Punch+1"],"picked":"PiercingWail","floor":19},{"not_picked":["Quick Slash+1","Caltrops+1","Dagger Throw+1"],"picked":"SKIP","floor":21},{"not_picked":["Masterful Stab","Night Terror","Poisoned Stab"],"picked":"SKIP","floor":22},{"not_picked":["Flechettes+1","Blade Dance","Outmaneuver+1"],"picked":"SKIP","floor":23},{"not_picked":["Cloak And Dagger","Poisoned Stab"],"picked":"Acrobatics+1","floor":24}],"player_experience":277341,"relics_obtained":[{"floor":12.0,"key":"Darkstone Periapt"},{"floor":23,"key":"Omamori"}],"event_choices":[{"damage_healed":0.0,"max_hp_gain":0.0,"max_hp_loss":0.0,"gold_gain":0.0,"event_name":"Scrap Ooze","player_choice":"Success","floor":3.0,"gold_loss":0.0,"damage_taken":18.0,"relics_obtained":["Bag of Marbles"]},{"cards_removed":["Infinite Blades"],"damage_healed":0.0,"max_hp_gain":0.0,"max_hp_loss":0.0,"gold_gain":0.0,"event_name":"Living Wall","player_choice":"Forget","floor":4.0,"gold_loss":0.0,"damage_taken":0.0},{"damage_healed":0.0,"max_hp_gain":0.0,"max_hp_loss":0.0,"gold_gain":75.0,"event_name":"World of Goop","player_choice":"Gather Gold","floor":5.0,"gold_loss":0.0,"damage_taken":11.0},{"damage_healed":0.0,"max_hp_gain":5.0,"max_hp_loss":0.0,"gold_gain":0.0,"event_name":"Big Fish","player_choice":"Donut","floor":11.0,"gold_loss":0.0,"damage_taken":0.0}],"is_beta":false,"boss_relics":[{"not_picked":["Empty Cage","Philosopher\u0027s Stone"],"picked":"Tiny House"}],"items_purged_floors":[14],"is_endless":false,"potions_floor_spawned":[1,2,16,18,21,22,24],"killed_by":"Book of Stabbing","ascension_level":0}