{"gold_per_floor":[109,109,125,140,30,30,59,19,19,51,226,236,49,61,61,163,163,177,177,190,116,131,157,157,169,169,183,213,14,14,25,25,25],"floor_reached":33,"playtime":3208,"items_purged":["Pain","Doubt"],"score":461,"play_id":"4931e57b-3051-4add-b3c8-40a8b4c4d0b5","local_time":"20190211222630","is_ascension_mode":true,"campfire_choices":[{"data":"Clothesline","floor":6,"key":"SMITH"},{"data":"Body Slam","floor":15,"key":"SMITH"},{"floor":24,"key":"REST"},{"floor":32,"key":"REST"}],"neow_cost":"NONE","seed_source_timestamp":1705818267252395,"circlet_count":0,"master_deck":["Defend_R","Defend_R","Defend_R","Defend_R","Bash","Flame Barrier","Clothesline+1","Battle Trance","Battle Trance","Inflame","Ghostly Armor","Anger","Iron Wave","Dramatic Entrance","Body Slam+1","Barricade","Clash","Headbutt","Clash","Body Slam","Body Slam","Corruption+1","Shrug It Off","Reaper","Anger","Iron Wave","Flame Barrier+1","Iron Wave","Double Tap+1","Bite","Bite","Bite","Bite","Bite","Body Slam"],"relics":["Burning Blood","WarpedTongs","Shuriken","Kunai","Question Card","Orrery","Nilry\u0027s Codex","Pen Nib","Anchor","Toxic Egg 2"],"potions_floor_usage":[0,10,10,18,23,23,23,31,33],"damage_taken":[{"damage":1,"enemies":"Cultist","floor":1,"turns":3},{"damage":16,"enemies":"Small Slimes","floor":3,"turns":5},{"damage":6,"enemies":"Jaw Worm","floor":4,"turns":4},{"damage":37,"enemies":"3 Sentries","floor":7,"turns":11},{"damage":7,"enemies":"Lagavulin","floor":10,"turns":5},{"damage":5,"enemies":"Looter","floor":12,"turns":3},{"damage":0,"enemies":"2 Fungi Beasts","floor":14,"turns":2},{"damage":11,"enemies":"The Guardian","floor":16,"turns":11},{"damage":2,"enemies":"Chosen","floor":18,"turns":5},{"damage":5,"enemies":"Shell Parasite","floor":20,"turns":5},{"damage":53,"enemies":"Cultist and Chosen","floor":22,"turns":9},{"damage":28,"enemies":"Slavers","floor":23,"turns":6},{"damage":3,"enemies":"Centurion and Healer","floor":25,"turns":5},{"damage":18,"enemies":"Snecko","floor":27,"turns":5},{"damage":23,"enemies":"Gremlin Leader","floor":28,"turns":8},{"damage":18,"enemies":"Shelled Parasite and Fungi","floor":31,"turns":6},{"damage":57,"enemies":"Automaton","floor":33,"turns":6}],"seed_played":"-3958739027018029754","potions_obtained":[{"floor":0,"key":"Fruit Juice"},{"floor":0,"key":"PowerPotion"},{"floor":0,"key":"Poison Potion"},{"floor":3,"key":"Ancient Potion"},{"floor":7,"key":"Poison Potion"},{"floor":10,"key":"Poison Potion"},{"floor":20,"key":"PowerPotion"},{"floor":22,"key":"Regen Potion"},{"floor":27,"key":"SpeedPotion"}],"is_trial":false,"path_per_floor":["M","?","M","M","$","R","E","$","T","E","?","M","$","M","R","B",null,"M","?","M","$","M","E","R","M","T","M","E","$","?","M","R","B"],"character_chosen":"IRONCLAD","items_purchased":["Battle Trance","Ghostly Armor","Dramatic Entrance","Reaper","Double Tap+1","SkillPotion"],"campfire_rested":2,"item_purchase_floors":[5,8,13,21,29,29],"current_hp_per_floor":[82,82,72,72,72,72,41,41,41,40,40,41,41,47,47,42,74,78,62,63,63,25,28,53,63,63,53,36,36,36,31,48,0],"gold":25,"neow_bonus":"THREE_SMALL_POTIONS","is_prod":false,"is_daily":false,"chose_seed":false,"campfire_upgraded":2,"win_rate":0,"timestamp":1549941990,"path_taken":["M","?","M","M","?","R","E","$","T","E","?","M","$","M","R","BOSS","M","?","M","$","M","E","R","M","T","M","E","$","?","M","R","BOSS"],"build_version":"2019-01-23","purchased_purges":2,"victory":false,"max_hp_per_floor":[85,85,85,85,85,85,85,85,85,85,85,85,85,85,85,85,85,85,85,85,85,85,85,85,85,85,85,85,85,59,59,59,59],"card_choices":[{"not_picked":["Bloodletting","Iron Wave"],"picked":"Flame Barrier","floor":1},{"not_picked":["Anger","Pummel"],"picked":"Clothesline","floor":3},{"not_picked":["Anger","Thunderclap"],"picked":"Battle Trance","floor":4},{"not_picked":["Flame Barrier","Headbutt"],"picked":"Inflame","floor":7},{"not_picked":["Armaments","Impervious"],"picked":"Anger","floor":10},{"not_picked":["Shrug It Off","True Grit","Combust"],"picked":"Iron Wave","floor":12},{"not_picked":["Pommel Strike","Combust","Thunderclap"],"picked":"Body Slam","floor":14},{"not_picked":["Immolate","Impervious","Limit Break"],"picked":"Barricade","floor":16},{"not_picked":["Armaments","Combust","Reckless Charge"],"picked":"Clash","floor":17},{"not_picked":["True Grit","Reckless Charge","Power Through"],"picked":"Headbutt","floor":17},{"not_picked":["Hemokinesis","Thunderclap","Flex"],"picked":"Clash","floor":17},{"not_picked":["Sever Soul","Berserk","Wild Strike"],"picked":"Body Slam","floor":17},{"not_picked":["Havoc","Reckless Charge","Thunderclap"],"picked":"Body Slam","floor":17},{"not_picked":["Infernal Blade","Flex+1","Iron Wave+1"],"picked":"Corruption+1","floor":18},{"not_picked":["Body Slam","Pommel Strike","Wild Strike+1"],"picked":"Shrug It Off","floor":20},{"not_picked":["Shockwave","Battle Trance+1","Heavy Blade"],"picked":"Anger","floor":22},{"not_picked":["Berserk","Headbutt+1","Iron Wave","Thunderclap"],"picked":"SKIP","floor":23},{"not_picked":["Cleave","Pommel Strike","Wild Strike"],"picked":"Iron Wave","floor":25},{"not_picked":["Armaments+1","Offering","Combust"],"picked":"Flame Barrier+1","floor":27},{"not_picked":["Clothesline","Blood for Blood+1","Armaments"],"picked":"Iron Wave","floor":28},{"not_picked":["Armaments+1","Headbutt","Warcry+1"],"picked":"Body Slam","floor":31}],"player_experience":1541985,"relics_obtained":[{"floor":7,"key":"Shuriken"},{"floor":9,"key":"Kunai"},{"floor":10,"key":"Question Card"},{"floor":19,"key":"Nilry\u0027s Codex"},{"floor":23,"key":"Pen Nib"},{"floor":26,"key":"Anchor"},{"floor":28,"key":"Toxic Egg 2"}],"event_choices":[{"damage_healed":0,"gold_gain":0,"player_choice":"Rummage","damage_taken":0,"relics_obtained":["WarpedTongs"],"max_hp_gain":0,"max_hp_loss":0,"event_name":"Accursed Blacksmith","floor":2,"gold_loss":0,"cards_obtained":["Pain"]},{"damage_healed":0,"gold_gain":175,"player_choice":"AGREE","damage_taken":0,"max_hp_gain":0,"max_hp_loss":0,"event_name":"Liars Game","floor":11,"gold_loss":0,"cards_obtained":["Doubt"]},{"damage_healed":0,"gold_gain":0,"player_choice":"Obtained Book","damage_taken":16,"max_hp_gain":0,"max_hp_loss":0,"event_name":"Cursed Tome","floor":19,"gold_loss":0},{"damage_healed":0,"gold_gain":0,"player_choice":"Became a vampire","damage_taken":0,"max_hp_gain":0,"max_hp_loss":26,"event_name":"Vampires","floor":30,"gold_loss":0,"cards_obtained":["Bite","Bite","Bite","Bite","Bite"]}],"is_beta":false,"boss_relics":[{"not_picked":["Astrolabe","Lizard Tail"],"picked":"Orrery"}],"items_purged_floors":[5,13],"is_endless":false,"potions_floor_spawned":[3,4,7,10,20,22,27],"killed_by":"Automaton","ascension_level":6}