{"path_per_floor":["M","?","M","M","M","R","$","R","T","M","?","M","M","M","R","B",null,"M","?","M","M","M","R","M","M","T","R","?","M","M","$","R","B",null,"M","?","M","M","M","R","M","R","T","M"],"character_chosen":"IRONCLAD","items_purchased":["Ice Cream","Shrug It Off","Toy Ornithopter"],"gold_per_floor":[361,361,374,391,410,410,15,15,39,58,58,69,87,105,105,207,207,218,133,150,164,174,174,187,199,199,199,199,215,231,32,32,128,128,146,146,160,180,197,197,207,207,207,225],"floor_reached":45,"campfire_rested":1,"playtime":4939,"current_hp_per_floor":[72,72,65,55,56,56,56,56,56,58,58,64,70,61,61,63,72,68,68,70,33,35,41,29,16,16,24,24,14,7,7,51,54,72,72,72,61,59,24,32,38,46,46,28],"items_purged":["Strike_R"],"gold":225,"play_id":"b92b9b2a-8c27-46d1-86ae-aa83ce3c1eb3","is_prod":false,"is_daily":false,"is_ascension_mode":false,"campfire_upgraded":7,"path_taken":["M","?","M","M","M","R","$","R","T","M","?","M","M","M","R","BOSS","M","?","M","M","?","R","M","M","T","R","?","M","M","?","R","BOSS","M","?","M","?","M","R","M","R","T","M","M"],"build_version":"2018-01-25-PROD3","purchased_purges":1,"victory":false,"master_deck":["Strike_R","Strike_R","Defend_R","Defend_R","Defend_R","Bash","Feel No Pain+1","Sever Soul+1","Whirlwind+1","Offering","Shrug It Off+1","Battle Trance+1","Barricade+1","Power Through+1","Shrug It Off+1","Seeing Red","Pommel Strike+1","Disarm","Evolve+1","Dual Wield+1","Spot Weakness+1","Heavy Blade","Warcry+1","Headbutt+1"],"max_hp_per_floor":[72,72,72,72,72,72,72,72,72,72,72,72,72,72,72,72,72,72,72,72,72,72,72,72,72,72,72,72,72,72,72,72,72,72,72,72,72,72,72,72,72,72,72,72],"relics":["Burning Blood","Ice Cream","Ancient Tea Set","Eternal Feather","Girya","Regal Pillow","Toy Ornithopter","Philosopher\u0027s Stone","Ginger"],"card_choices":[{"not_picked":["Armaments","Hemokinesis"],"picked":"Feel No Pain"},{"not_picked":["Iron Wave","Armaments"],"picked":"Sever Soul"},{"not_picked":["Burning Pact","Fire Breathing"],"picked":"Whirlwind"},{"not_picked":["True Grit","Spot Weakness"],"picked":"Offering"},{"not_picked":["Perfected Strike","Iron Wave"],"picked":"Battle Trance"},{"not_picked":["Offering","Immolate"],"picked":"Barricade"},{"not_picked":["Sword Boomerang","Sentinel"],"picked":"Power Through"},{"not_picked":["Infernal Blade","Clothesline"],"picked":"Shrug It Off"},{"not_picked":["Battle Trance","Shockwave"],"picked":"Seeing Red"},{"not_picked":["Havoc","Rage"],"picked":"Pommel Strike"},{"not_picked":["Carnage","Perfected Strike"],"picked":"Disarm"},{"not_picked":["Warcry","Combust"],"picked":"Dual Wield"},{"not_picked":["Iron Wave","Burning Pact"],"picked":"Spot Weakness"},{"not_picked":["Warcry","Shockwave"],"picked":"Heavy Blade"},{"not_picked":["Clash","Thunderclap"],"picked":"Warcry"},{"not_picked":["Burning Pact","Shockwave"],"picked":"Headbutt"}],"player_experience":326756,"potions_floor_usage":[33,38],"damage_taken":[{"damage":6.0,"enemies":"Cultist","floor":1.0,"turns":3.0},{"damage":13.0,"enemies":"Jaw Worm","floor":3.0,"turns":6.0},{"damage":16.0,"enemies":"Blue Slaver","floor":4.0,"turns":4.0},{"damage":5.0,"enemies":"2 Fungi Beasts","floor":5.0,"turns":3.0},{"damage":4.0,"enemies":"Exordium Wildlife","floor":10.0,"turns":2.0},{"damage":0.0,"enemies":"Red Slaver","floor":12.0,"turns":5.0},{"damage":0.0,"enemies":"3 Louse","floor":13.0,"turns":1.0},{"damage":15.0,"enemies":"Gremlin Gang","floor":14.0,"turns":2.0},{"damage":4.0,"enemies":"Slime Boss","floor":16.0,"turns":4.0},{"damage":10.0,"enemies":"3 Byrds","floor":18.0,"turns":3.0},{"damage":4.0,"enemies":"Shell Parasite","floor":20.0,"turns":14.0},{"damage":43.0,"enemies":"3 Cultists","floor":21.0,"turns":9.0},{"damage":4.0,"enemies":"Centurion and Healer","floor":22.0,"turns":16.0},{"damage":18.0,"enemies":"Slaver and Parasite","floor":24.0,"turns":5.0},{"damage":19.0,"enemies":"Snake Plant","floor":25.0,"turns":5.0},{"damage":16.0,"enemies":"Centurion and Healer","floor":29.0,"turns":3.0},{"damage":13,"enemies":"3 Cultists","floor":30,"turns":4},{"damage":6,"enemies":"Champ","floor":33,"turns":27},{"damage":4,"enemies":"Orb Walker","floor":35,"turns":5},{"damage":17,"enemies":"3 Shapes","floor":37,"turns":7},{"damage":11,"enemies":"Sphere and 2 Shapes","floor":38,"turns":9},{"damage":41,"enemies":"4 Shapes","floor":39,"turns":6},{"damage":0,"enemies":"3 Darklings","floor":41,"turns":1},{"damage":24,"enemies":"Sphere and 2 Shapes","floor":44,"turns":6},{"damage":28,"enemies":"Maw","floor":45,"turns":7}],"event_choices":[{"event_name":"Living Wall","player_choice":"Forget","floor":2.0,"damage_taken":0.0},{"event_name":"The Lab","player_choice":"Got Potions","floor":11.0,"damage_taken":0.0},{"event_name":"Addict","player_choice":"Obtained Relic","floor":19.0,"damage_taken":0.0},{"event_name":"Transmorgrifier","player_choice":"Transform","floor":28.0,"damage_taken":0.0}],"boss_relics":[{"not_picked":["Lizard Tail","Black Star"],"picked":"Philosopher\u0027s Stone"}],"potions_floor_spawned":[1,5,12,20,21,25,29,33,35,38,39],"seed_played":"5894685342899355222","killed_by":"Maw","ascension_level":0,"is_trial":false}