{"path_per_floor":["M","?","M","M","M","R","M","R","T","R","M","?","M","?","R","B",null,"M","M","$","M","?","R","M","?","T","?","M","M","R","E","R","B",null,"M","$","M","T","M","R","M","R","T","M","M","$","M","M","R","B"],"character_chosen":"THE_SILENT","items_purchased":["Noxious Fumes","Backflip","Dash","Regen Potion","Apotheosis","Calipers"],"gold_per_floor":[115,115,130,142,158,158,177,177,177,177,196,196,214,214,214,314,314,329,340,6,20,200,200,220,220,266,246,263,273,273,299,299,404,404,422,141,155,178,191,191,207,207,282,293,311,2,19,32,32,32],"floor_reached":51,"campfire_rested":6,"playtime":3909,"current_hp_per_floor":[70,63,60,60,60,60,60,60,60,60,44,44,44,30,30,30,70,70,49,49,59,31,52,33,17,17,17,17,10,31,9,30,14,70,57,57,21,21,21,42,37,58,58,47,47,47,47,34,55,45],"items_purged":["Strike_G","Strike_G"],"gold":32,"score":667,"play_id":"c0cb2386-2d0d-49a9-850a-01fc365ce6e8","local_time":"20180509210007","is_prod":false,"is_daily":false,"chose_seed":false,"is_ascension_mode":false,"campfire_upgraded":4,"timestamp":1525914007,"path_taken":["M","?","M","M","M","R","M","R","T","R","M","?","M","?","R","BOSS","M","M","$","M","?","R","M","?","T","?","?","M","R","E","R","BOSS","M","$","?","?","M","R","?","R","T","?","M","$","?","?","R","BOSS"],"build_version":"2018-05-08","seed_source_timestamp":53360222489986,"purchased_purges":2,"victory":true,"master_deck":["Defend_G","Defend_G","Defend_G","Defend_G","Defend_G","Strike_G+1","Survivor","Neutralize+1","PiercingWail","Noxious Fumes+1","Underhanded Strike+1","Footwork","Doppelganger","Well Laid Plans+1","Flying Knee+1","Phantasmal Killer","Skewer","Underhanded Strike+1","Noxious Fumes","Backflip","Dash","Leg Sweep","Good Instincts","Blur","Bane+1","Adrenaline","Apotheosis","Burst","Backflip+1"],"max_hp_per_floor":[70,70,70,70,70,70,70,70,70,70,70,70,70,70,70,70,70,70,70,70,70,70,70,70,70,70,70,70,70,70,70,70,70,70,70,70,70,70,70,70,70,70,70,70,70,70,70,70,70,70],"relics":["Velvet Choker","Mummified Hand","Philosopher\u0027s Stone","Nilry\u0027s Codex","Lantern","Question Card","White Beast Statue","Anchor","Tough Bandages","Calipers"],"card_choices":[{"not_picked":["Slice","Blade Dance"],"picked":"PiercingWail","floor":1},{"not_picked":["Backflip","Dodge and Roll"],"picked":"Noxious Fumes","floor":3},{"not_picked":["Sucker Punch","Outmaneuver"],"picked":"Underhanded Strike","floor":4},{"not_picked":["Noxious Fumes","Heel Hook"],"picked":"Footwork","floor":5},{"not_picked":["Dagger Spray","Heel Hook"],"picked":"Doppelganger","floor":7},{"not_picked":["Quick Slash","Eviscerate"],"picked":"Well Laid Plans","floor":11},{"not_picked":["Dagger Throw","Quick Slash"],"picked":"Flying Knee","floor":13},{"not_picked":["Venomology","Tools of the Trade"],"picked":"Phantasmal Killer","floor":16},{"not_picked":["Dodge and Roll","Underhanded Strike"],"picked":"Skewer","floor":18},{"not_picked":["Dagger Throw","Calculated Gamble"],"picked":"Underhanded Strike","floor":19},{"not_picked":["Riddle With Holes","Quick Slash"],"picked":"Leg Sweep","floor":21},{"not_picked":["Poisoned Stab","Deflect"],"picked":"Blur","floor":24},{"not_picked":["Endless Agony","Blade Dance"],"picked":"Bane","floor":31},{"not_picked":["Tools of the Trade","Wraith Form v2","Bullet Time"],"picked":"Adrenaline","floor":33},{"not_picked":["Sucker Punch","Backflip","Distraction"],"picked":"Burst","floor":39},{"not_picked":["Outmaneuver","Dodge and Roll","Prepared"],"picked":"Backflip","floor":45}],"player_experience":66583,"potions_floor_usage":[18,18,21,28,31,35,37,39,41,44,44,47,50],"damage_taken":[{"damage":0,"enemies":"Small Slimes","floor":1,"turns":4},{"damage":3,"enemies":"Jaw Worm","floor":3,"turns":5},{"damage":0,"enemies":"2 Louse","floor":4,"turns":3},{"damage":0,"enemies":"2 Fungi Beasts","floor":5,"turns":3},{"damage":0,"enemies":"Large Slime","floor":7,"turns":6},{"damage":16,"enemies":"Gremlin Gang","floor":11,"turns":4},{"damage":0,"enemies":"Red Slaver","floor":13,"turns":5},{"damage":0,"enemies":"Hexaghost","floor":16,"turns":10},{"damage":0,"enemies":"3 Byrds","floor":18,"turns":6},{"damage":21,"enemies":"2 Thieves","floor":19,"turns":4},{"damage":2,"enemies":"Centurion and Healer","floor":21,"turns":4},{"damage":19,"enemies":"Cultist and Chosen","floor":24,"turns":8},{"damage":0,"enemies":"Slaver and Parasite","floor":28,"turns":5},{"damage":7,"enemies":"Centurion and Healer","floor":29,"turns":5},{"damage":22,"enemies":"Book of Stabbing","floor":31,"turns":6},{"damage":16,"enemies":"Automaton","floor":33,"turns":10},{"damage":13,"enemies":"3 Shapes","floor":35,"turns":7},{"damage":36,"enemies":"Flame Bruiser 1 Orb","floor":37,"turns":7},{"damage":0,"enemies":"Spire Growth","floor":39,"turns":6},{"damage":5,"enemies":"Flame Bruiser 2 Orb","floor":41,"turns":7},{"damage":11,"enemies":"3 Darklings","floor":44,"turns":4},{"damage":0,"enemies":"Maw","floor":45,"turns":8},{"damage":0,"enemies":"4 Shapes","floor":47,"turns":5},{"damage":13,"enemies":"Spire Growth","floor":48,"turns":6},{"damage":10,"enemies":"Time Eater","floor":50,"turns":13}],"event_choices":[{"event_name":"Golden Wing","player_choice":"Card Removal","floor":2,"damage_taken":0},{"event_name":"Living Wall","player_choice":"Forget","floor":12,"damage_taken":0},{"event_name":"Shining Light","player_choice":"Entered Light","floor":14,"damage_taken":0},{"event_name":"Knowing Skull","player_choice":"CARD GOLD GOLD ","floor":22,"damage_taken":0},{"event_name":"Cursed Tome","player_choice":"Obtained Book","floor":25,"damage_taken":0},{"event_name":"The Woman in Blue","player_choice":"Bought 1 Potion","floor":27,"damage_taken":0}],"boss_relics":[{"not_picked":["Runic Pyramid","Lizard Tail"],"picked":"Philosopher\u0027s Stone"},{"not_picked":["Runic Dome","Black Star"],"picked":"White Beast Statue"}],"potions_floor_spawned":[5,7,11,16,21,28,29,33,35,37,39,41,44,45,47,48],"seed_played":"1471216100743536410","ascension_level":0,"is_trial":false}