{"gold_per_floor":[118,137,137,156,81,81,124,124,124,167,191,209,209,225,225,354,354,377,393,393,407,421,421,456,456,482,500,535,535,574,71,71,71],"floor_reached":33,"playtime":2223,"items_purged":["Parasite","Decay"],"score":459,"play_id":"ba593eca-7293-4b6b-befd-be7859f98aa4","local_time":"20180805032215","is_ascension_mode":true,"campfire_choices":[{"data":"Flex","floor":6,"key":"SMITH"},{"data":"Reaper","floor":8,"key":"SMITH"},{"floor":13,"key":"REST"},{"data":"Seeing Red","floor":15,"key":"SMITH"},{"data":"Offering","floor":23,"key":"SMITH"},{"floor":25,"key":"REST"},{"floor":32,"key":"REST"}],"neow_cost":"CURSE","seed_source_timestamp":40457612513960,"circlet_count":0,"master_deck":["Strike_R","Strike_R","Strike_R","Strike_R","Strike_R","Defend_R","Defend_R","Defend_R","Defend_R","Bash","Dropkick","Flex+1","Reaper+1","Pummel+1","Seeing Red+1","Offering+1","Dropkick+1","Pommel Strike+1","Whirlwind+1","Barricade","Disarm+1","Rage","Infernal Blade","Shrug It Off","Headbutt+1","Exhume+1"],"relics":["Burning Blood","Golden Idol","Torii","Molten Egg 2","Prayer Wheel","Cursed Key","Pen Nib","Regal Pillow","Mercury Hourglass","Oddly Smooth Stone","Toxic Egg 2"],"potions_floor_usage":[10,12,16,18,19,28,30,30,33],"damage_taken":[{"damage":6,"enemies":"Jaw Worm","floor":1,"turns":7},{"damage":8,"enemies":"2 Louse","floor":2,"turns":3},{"damage":1,"enemies":"Cultist","floor":4,"turns":3},{"damage":38,"enemies":"3 Sentries","floor":7,"turns":13},{"damage":42,"enemies":"Lagavulin","floor":10,"turns":6},{"damage":8,"enemies":"Lots of Slimes","floor":11,"turns":3},{"damage":0,"enemies":"Blue Slaver","floor":12,"turns":1},{"damage":9,"enemies":"Red Slaver","floor":14,"turns":2},{"damage":0,"enemies":"Slime Boss","floor":16,"turns":7},{"damage":0,"enemies":"2 Thieves","floor":18,"turns":1},{"damage":19,"enemies":"Spheric Guardian","floor":19,"turns":5},{"damage":12,"enemies":"3 Cultists","floor":21,"turns":4},{"damage":21,"enemies":"Chosen and Byrds","floor":22,"turns":6},{"damage":27,"enemies":"Gremlin Leader","floor":24,"turns":6},{"damage":13,"enemies":"Snecko","floor":27,"turns":5},{"damage":19,"enemies":"Book of Stabbing","floor":28,"turns":5},{"damage":29,"enemies":"Slavers","floor":30,"turns":3},{"damage":118,"enemies":"Collector","floor":33,"turns":11}],"seed_played":"-6007594267013361933","potions_obtained":[{"floor":7,"key":"Dexterity Potion"},{"floor":10,"key":"Fire Potion"},{"floor":12,"key":"Explosive Potion"},{"floor":14,"key":"Explosive Potion"},{"floor":16,"key":"SpeedPotion"},{"floor":19,"key":"Weak Potion"},{"floor":22,"key":"Ancient Potion"},{"floor":27,"key":"Ancient Potion"},{"floor":29,"key":"PowerPotion"},{"floor":29,"key":"Fire Potion"},{"floor":29,"key":"Swift Potion"}],"is_trial":false,"path_per_floor":["M","M","?","M","$","R","E","R","T","E","M","M","R","M","R","B",null,"M","M","?","M","M","R","E","R","T","M","E","?","E","$","R"],"character_chosen":"IRONCLAD","items_purchased":["Toxic Egg 2","Exhume+1"],"campfire_rested":3,"item_purchase_floors":[31,31],"current_hp_per_floor":[96,94,70,75,75,75,43,43,43,16,20,26,53,50,50,58,84,90,79,79,82,74,74,53,80,80,80,67,67,54,54,93,0],"gold":71,"neow_bonus":"TWENTY_PERCENT_HP_BONUS","is_prod":false,"is_daily":false,"chose_seed":false,"campfire_upgraded":4,"win_rate":0,"timestamp":1533428535,"path_taken":["M","M","?","M","$","R","E","R","T","E","M","M","R","M","R","BOSS","M","M","?","?","M","R","E","R","T","M","E","?","E","$","R","BOSS"],"build_version":"2018-08-02","purchased_purges":2,"victory":false,"max_hp_per_floor":[96,96,96,96,93,93,93,93,93,93,93,93,93,93,93,93,93,93,93,93,93,93,93,93,93,93,93,93,93,93,93,93,93],"card_choices":[{"not_picked":["Thunderclap","Burning Pact","Iron Wave"],"picked":"SKIP","floor":1},{"not_picked":["Fire Breathing","Entrench"],"picked":"Dropkick","floor":2},{"not_picked":["Reckless Charge","Intimidate"],"picked":"Flex","floor":4},{"not_picked":["Headbutt","Feel No Pain"],"picked":"Reaper","floor":7},{"not_picked":["Blood for Blood+1","Corruption"],"picked":"Pummel+1","floor":10},{"not_picked":["Corruption","Dual Wield"],"picked":"Seeing Red","floor":11},{"not_picked":["Anger+1","Clash+1","Body Slam+1"],"picked":"SKIP","floor":11},{"not_picked":["Bloodletting","Sword Boomerang+1"],"picked":"Offering","floor":12},{"not_picked":["Perfected Strike+1","Anger+1"],"picked":"Dropkick+1","floor":12},{"not_picked":["Sword Boomerang+1","Warcry"],"picked":"Pommel Strike+1","floor":14},{"not_picked":["Wild Strike+1","Shrug It Off"],"picked":"Whirlwind+1","floor":14},{"not_picked":["Impervious","Juggernaut"],"picked":"Barricade","floor":16},{"not_picked":["Body Slam+1","Hemokinesis+1"],"picked":"Disarm+1","floor":18},{"not_picked":["Iron Wave+1","Dual Wield+1","Hemokinesis+1"],"picked":"SKIP","floor":18},{"not_picked":["Sword Boomerang+1","Corruption"],"picked":"Rage","floor":19},{"not_picked":["Flex","Warcry","Thunderclap+1"],"picked":"SKIP","floor":19},{"not_picked":["Second Wind","Headbutt+1"],"picked":"Infernal Blade","floor":21},{"not_picked":["Clash+1","Sword Boomerang+1","Clothesline+1"],"picked":"SKIP","floor":21},{"not_picked":["Sword Boomerang+1","Rampage+1"],"picked":"Shrug It Off","floor":22},{"not_picked":["Second Wind","Twin Strike+1","Thunderclap+1"],"picked":"SKIP","floor":22},{"not_picked":["Perfected Strike+1","Berserk","Clothesline+1"],"picked":"SKIP","floor":24},{"not_picked":["Reckless Charge+1","Blood for Blood+1","Anger+1"],"picked":"SKIP","floor":27},{"not_picked":["Warcry","Entrench","Havoc"],"picked":"SKIP","floor":27},{"not_picked":["Clash+1","Heavy Blade+1","Body Slam+1"],"picked":"SKIP","floor":28},{"not_picked":["Heavy Blade+1","Dual Wield"],"picked":"Headbutt+1","floor":30}],"player_experience":179340,"relics_obtained":[{"floor":7,"key":"Torii"},{"floor":9,"key":"Molten Egg 2"},{"floor":10,"key":"Prayer Wheel"},{"floor":24,"key":"Pen Nib"},{"floor":26,"key":"Regal Pillow"},{"floor":28,"key":"Mercury Hourglass"},{"floor":30,"key":"Oddly Smooth Stone"}],"event_choices":[{"event_name":"Golden Idol","player_choice":"Take Damage","floor":3,"damage_taken":0},{"event_name":"Vampires","player_choice":"Ignored","floor":20,"damage_taken":0},{"event_name":"The Lab","player_choice":"Got Potions","floor":29,"damage_taken":0}],"is_beta":false,"boss_relics":[{"not_picked":["Empty Cage","Orrery"],"picked":"Cursed Key"}],"items_purged_floors":[5,31],"is_endless":false,"potions_floor_spawned":[7,10,12,14,16,19,22,27],"killed_by":"Collector","ascension_level":5}