{"gold_per_floor":[148,162,7,21,21,49,49,49,73,73,90,90,118,118,118,221,221,239,239,34,34,52,52,72,72,72,72,89,103,16,35,35,133,133,143,157,157,33,45,45,63,13,13,45,45,45,45,45,45,45],"floor_reached":51,"playtime":2832,"items_purged":["Strike_B+1","Strike_B+1","Strike_B+1"],"score":1051,"play_id":"850ab355-27b6-456d-bdd0-d29d5433f069","local_time":"20181002020226","is_ascension_mode":true,"campfire_choices":[{"floor":7,"key":"REST"},{"data":"Defragment","floor":10,"key":"SMITH"},{"data":"Defragment","floor":12,"key":"SMITH"},{"data":"Dualcast","floor":15,"key":"SMITH"},{"data":"Skim","floor":23,"key":"SMITH"},{"data":"Zap","floor":25,"key":"SMITH"},{"data":"Coolheaded","floor":27,"key":"SMITH"},{"data":"Thinking Ahead","floor":32,"key":"SMITH"},{"data":"Echo Form","floor":40,"key":"SMITH"},{"data":"Coolheaded","floor":47,"key":"SMITH"},{"data":"Rainbow","floor":49,"key":"SMITH"}],"neow_cost":"NONE","seed_source_timestamp":20313452167684,"circlet_count":0,"master_deck":["Defend_B+1","Defend_B+1","Defend_B+1","Defend_B+1","Zap+1","Dualcast+1","Coolheaded+1","Coolheaded+1","Defragment+1","Core Surge","Skim+1","Rainbow+1","Defragment+1","Undo","Thinking Ahead+1","Capacitor","Ghostly Armor","Echo Form+1","Madness+1","Go for the Eyes+1","Force Field+1","Madness","Madness"],"relics":["Cracked Core","Tiny Chest","Regal Pillow","Cables","Oddly Smooth Stone","Smiling Mask","Coffee Dripper","PrismaticShard","Meat on the Bone","White Beast Statue","Dream Catcher","Bag of Preparation","Nunchaku"],"potions_floor_usage":[13,16,29,33,33,35,39,39,44,50,50,50],"damage_taken":[{"damage":8,"enemies":"2 Louse","floor":1,"turns":2},{"damage":9,"enemies":"Small Slimes","floor":2,"turns":4},{"damage":3,"enemies":"Jaw Worm","floor":4,"turns":4},{"damage":13,"enemies":"3 Sentries","floor":6,"turns":12},{"damage":8,"enemies":"Large Slime","floor":11,"turns":5},{"damage":8,"enemies":"Gremlin Nob","floor":13,"turns":3},{"damage":14,"enemies":"Slime Boss","floor":16,"turns":6},{"damage":9,"enemies":"2 Thieves","floor":18,"turns":4},{"damage":0,"enemies":"Spheric Guardian","floor":22,"turns":3},{"damage":0,"enemies":"3 Cultists","floor":24,"turns":4},{"damage":10,"enemies":"Centurion and Healer","floor":28,"turns":6},{"damage":6,"enemies":"Snake Plant","floor":29,"turns":4},{"damage":0,"enemies":"Chosen and Byrds","floor":31,"turns":5},{"damage":0,"enemies":"Automaton","floor":33,"turns":12},{"damage":27,"enemies":"3 Darklings","floor":35,"turns":6},{"damage":20,"enemies":"3 Shapes","floor":36,"turns":5},{"damage":0,"enemies":"Maw","floor":39,"turns":7},{"damage":0,"enemies":"Spire Growth","floor":41,"turns":5},{"damage":0,"enemies":"Giant Head","floor":44,"turns":16},{"damage":39,"enemies":"Awakened One","floor":50,"turns":16}],"seed_played":"-8206143893001609590","potions_obtained":[{"floor":6,"key":"PowerPotion"},{"floor":11,"key":"PowerPotion"},{"floor":16,"key":"AttackPotion"},{"floor":22,"key":"Dexterity Potion"},{"floor":24,"key":"Poison Potion"},{"floor":31,"key":"EssenceOfSteel"},{"floor":35,"key":"EssenceOfSteel"},{"floor":36,"key":"PowerPotion"},{"floor":39,"key":"FocusPotion"},{"floor":41,"key":"FocusPotion"},{"floor":44,"key":"SpeedPotion"}],"is_trial":false,"path_per_floor":["M","M","$","M","?","E","R","T","T","R","M","R","E","?","R","B",null,"M","?","$","?","M","R","M","R","T","R","M","M","$","M","R","B",null,"M","M","?","$","M","R","M","$","T","E","?","?","R","T","R","B"],"character_chosen":"DEFECT","items_purchased":["Defragment","Core Surge","PrismaticShard","Capacitor","Regen Potion"],"campfire_rested":1,"item_purchase_floors":[3,3,20,30,38],"current_hp_per_floor":[60,51,51,48,33,20,57,57,57,57,49,49,41,75,75,61,72,63,63,63,85,85,85,85,85,85,85,75,69,69,69,69,69,81,54,46,46,46,61,61,61,61,61,61,50,50,50,50,50,23],"gold":45,"neow_bonus":"RANDOM_COMMON_RELIC","is_prod":false,"is_daily":false,"chose_seed":false,"campfire_upgraded":10,"win_rate":0,"timestamp":1538460146,"path_taken":["M","M","$","M","?","E","R","?","T","R","M","R","E","?","R","BOSS","M","?","$","?","M","R","M","R","T","R","?","M","?","M","R","BOSS","M","M","?","$","M","R","M","?","T","E","?","?","R","?","R","BOSS"],"build_version":"2018-09-27","purchased_purges":3,"victory":true,"max_hp_per_floor":[75,75,75,75,75,75,75,75,75,75,75,75,75,75,75,75,75,75,75,75,85,85,85,85,85,85,85,85,85,85,85,85,85,85,85,85,85,85,85,85,85,85,85,85,85,85,85,85,85,85],"card_choices":[{"not_picked":["Hologram","Steam"],"picked":"Coolheaded","floor":1},{"not_picked":["BootSequence","Steam"],"picked":"Coolheaded","floor":2},{"not_picked":["Self Repair","Tempest"],"picked":"Skim","floor":4},{"not_picked":["Coolheaded","White Noise"],"picked":"Rainbow","floor":6},{"not_picked":["Stack","Gash"],"picked":"Defragment","floor":11},{"not_picked":["Self Repair","Stack"],"picked":"Undo","floor":13},{"not_picked":["Thunder Strike","Fission"],"picked":"Amplify","floor":16},{"not_picked":["Barrage","Fusion","Aggregate+1"],"picked":"SKIP","floor":18},{"not_picked":["Underhanded Strike","Armaments","Beam Cell"],"picked":"SKIP","floor":22},{"not_picked":["Storm","Headbutt","Sever Soul"],"picked":"SKIP","floor":24},{"not_picked":["Flying Knee","Iron Wave","Storm"],"picked":"SKIP","floor":28},{"not_picked":["Cloak And Dagger","Panacea+1"],"picked":"Thinking Ahead","floor":29},{"not_picked":["Prepared","Masterful Stab"],"picked":"Ghostly Armor","floor":31},{"not_picked":["Sadistic Nature","All For One"],"picked":"Echo Form","floor":33},{"not_picked":["Reflex+1","Thunderclap","Bouncing Flask"],"picked":"SKIP","floor":35},{"not_picked":["Perfected Strike","Steam+1"],"picked":"Madness+1","floor":36},{"not_picked":["Dagger Spray+1","Pommel Strike"],"picked":"Go for the Eyes+1","floor":39},{"not_picked":["Infinite Blades","Anger"],"picked":"Force Field+1","floor":41},{"not_picked":["Dropkick+1","Mind Blast","Setup+1"],"picked":"SKIP","floor":44}],"player_experience":646219,"relics_obtained":[{"floor":6,"key":"Regal Pillow"},{"floor":8,"key":"Cables"},{"floor":9,"key":"Oddly Smooth Stone"},{"floor":13,"key":"Smiling Mask"},{"floor":26,"key":"Meat on the Bone"},{"floor":43,"key":"Dream Catcher"},{"floor":44,"key":"Bag of Preparation"},{"floor":48,"key":"Nunchaku"}],"event_choices":[{"event_name":"Shining Light","player_choice":"Entered Light","floor":5,"damage_taken":0},{"event_name":"Wheel of Change","player_choice":"Full Heal","floor":14,"damage_taken":0},{"event_name":"Back to Basics","player_choice":"Simplicity","floor":19,"damage_taken":0},{"event_name":"Bonfire Elementals","player_choice":"RARE","floor":21,"damage_taken":0},{"event_name":"Falling","player_choice":"Removed Attack","floor":37,"damage_taken":0},{"event_name":"Winding Halls","player_choice":"Embrace Madness","floor":45,"damage_taken":0},{"event_name":"Mysterious Sphere","player_choice":"Ignore","floor":46,"damage_taken":0}],"is_beta":false,"boss_relics":[{"not_picked":["Lizard Tail","FrozenCore"],"picked":"Coffee Dripper"},{"not_picked":["Runic Pyramid","Pandora\u0027s Box"],"picked":"White Beast Statue"}],"items_purged_floors":[30,38,42],"is_endless":false,"potions_floor_spawned":[6,11,16,22,24,31,35,36,39,41,44],"ascension_level":8}