{"path_per_floor":["M","M","M","M","M","R","M","R","T","M","R","E","M","M","R","B",null,"M","?","M","M","$","R","M","R","T","M","M","R","?","$","R","B",null,"M","?","M","$","$","R","$","R","T","M","R","$","R","M","R","B"],"character_chosen":"IRONCLAD","items_purchased":["Bottled Tornado","Dexterity Potion"],"gold_per_floor":[117,132,145,164,176,176,194,194,194,206,206,233,253,266,266,369,369,383,383,396,411,97,97,113,113,138,158,172,172,172,72,72,167,167,177,177,189,189,12,12,12,12,12,32,32,32,32,51,51,51],"floor_reached":51,"campfire_rested":0,"playtime":2448,"current_hp_per_floor":[80,80,78,80,71,71,72,72,82,80,80,74,84,82,82,50,102,91,75,76,82,82,82,62,62,62,74,82,82,82,82,82,81,110,110,110,110,110,110,110,110,110,110,105,105,105,105,99,99,72],"items_purged":["Strike_R","Strike_R","Strike_R"],"gold":51,"play_id":"273eca74-e17f-4d30-a4df-51cc2fc4b40e","is_prod":false,"is_daily":false,"is_ascension_mode":false,"campfire_upgraded":10,"path_taken":["M","M","M","M","M","R","M","R","T","M","R","E","M","M","R","BOSS","M","?","?","M","$","R","M","R","T","?","M","R","?","$","R","BOSS","M","?","?","?","$","R","?","R","T","M","R","$","R","M","R","BOSS"],"build_version":"2018-01-25-PROD3","purchased_purges":3,"victory":true,"master_deck":["Strike_R","Strike_R","Defend_R","Defend_R","Defend_R","Defend_R","Bash+1","Iron Wave+1","Whirlwind+1","Rampage+1","Inflame+1","Headbutt","Metallicize+1","Shrug It Off","Reaper","Battle Trance+1","Necronomicurse","Disarm+1","Clothesline","Shockwave","Shrug It Off","Barricade+1","Entrench+1"],"max_hp_per_floor":[80,80,80,80,80,80,80,80,90,90,90,90,94,98,98,102,102,106,106,106,106,106,106,106,106,106,110,110,110,110,110,110,110,110,110,110,110,110,110,110,110,110,110,110,110,110,110,110,110,110],"relics":["Black Blood","Pear","Sundial","Runic Dome","Necronomicon","Bottled Tornado","Bag of Preparation","Mummified Hand","Shovel","Gambling Chip","Matryoshka","Ice Cream"],"card_choices":[{"not_picked":["Heavy Blade","Second Wind"],"picked":"Iron Wave"},{"not_picked":["Thunderclap","Evolve"],"picked":"Whirlwind"},{"not_picked":["Thunderclap","Body Slam"],"picked":"Rampage"},{"not_picked":["Sword Boomerang","Twin Strike"],"picked":"Inflame"},{"not_picked":["Wild Strike","Cleave"],"picked":"Feed"},{"not_picked":["Juggernaut","Iron Wave"],"picked":"Headbutt"},{"not_picked":["Clothesline","Headbutt"],"picked":"Metallicize"},{"not_picked":["Rampage","Intimidate"],"picked":"Shrug It Off"},{"not_picked":["Dark Embrace","Brutality"],"picked":"Reaper"},{"not_picked":["Metallicize","Hemokinesis"],"picked":"Battle Trance"},{"not_picked":["Body Slam","Armaments"],"picked":"Disarm"},{"not_picked":["Pommel Strike","Evolve"],"picked":"Clothesline"},{"not_picked":["Reckless Charge","Iron Wave"],"picked":"Shockwave"},{"not_picked":["Body Slam","Havoc"],"picked":"Shrug It Off"},{"not_picked":["Berserk","Fiend Fire"],"picked":"Barricade"},{"not_picked":["Clash","Thunderclap"],"picked":"Entrench"}],"player_experience":319513,"potions_floor_usage":[4,10,12,12,16,20,21,33,50,50],"damage_taken":[{"damage":6,"enemies":"Cultist","floor":1,"turns":3},{"damage":5,"enemies":"2 Louse","floor":2,"turns":2},{"damage":8,"enemies":"Blue Slaver","floor":3,"turns":5},{"damage":3,"enemies":"Lots of Slimes","floor":4,"turns":2},{"damage":15,"enemies":"Large Slime","floor":5,"turns":9},{"damage":5,"enemies":"Looter","floor":7,"turns":3},{"damage":8,"enemies":"Gremlin Gang","floor":10,"turns":3},{"damage":12,"enemies":"3 Sentries","floor":12,"turns":3},{"damage":0,"enemies":"Large Slime","floor":13,"turns":4},{"damage":12,"enemies":"Looter","floor":14,"turns":3},{"damage":42,"enemies":"Hexaghost","floor":16,"turns":8},{"damage":25,"enemies":"2 Thieves","floor":18,"turns":3},{"damage":5,"enemies":"Shell Parasite","floor":20,"turns":4},{"damage":0,"enemies":"Chosen and Byrds","floor":21,"turns":1},{"damage":26,"enemies":"Snake Plant","floor":24,"turns":4},{"damage":26,"enemies":"Slaver and Parasite","floor":27,"turns":5},{"damage":12,"enemies":"Centurion and Healer","floor":28,"turns":4},{"damage":25,"enemies":"Automaton","floor":33,"turns":5},{"damage":0,"enemies":"Orb Walker","floor":35,"turns":2},{"damage":0,"enemies":"3 Darklings","floor":37,"turns":2},{"damage":15,"enemies":"Maw","floor":44,"turns":6},{"damage":16,"enemies":"4 Shapes","floor":48,"turns":1},{"damage":61,"enemies":"Donu and Deca","floor":50,"turns":8}],"event_choices":[{"event_name":"Cursed Tome","player_choice":"Obtained Book","floor":19,"damage_taken":0},{"event_name":"The Mausoleum","player_choice":"Yes","floor":30,"damage_taken":0}],"boss_relics":[{"not_picked":["Eternal Feather","Black Star"],"picked":"Runic Dome"},{"not_picked":["Pandora\u0027s Box","Runic Cube"],"picked":"Black Blood"}],"potions_floor_spawned":[3,7,10,12,14,24,27,28,48],"seed_played":"7182625502665086466","ascension_level":0,"is_trial":false}