{"path_per_floor":["M","$","M","M","?","E","M","R","T","R","E","?","R","M","R","B",null],"character_chosen":"THE_SILENT","items_purchased":["Backstab"],"gold_per_floor":[117,41,57,72,72,100,118,118,142,142,171,171,171,183,183,288,288,288],"floor_reached":18,"campfire_rested":1,"playtime":1078,"current_hp_per_floor":[66,66,66,66,52,39,39,39,39,60,54,59,59,53,53,31,85,73],"items_purged":[],"gold":288,"score":238,"play_id":"e98860ee-2512-4577-9d42-e68723af9dd8","local_time":"20180412195844","is_prod":false,"is_daily":false,"is_ascension_mode":true,"campfire_upgraded":3,"timestamp":1523555924,"path_taken":["M","$","M","M","?","E","M","R","T","R","E","?","R","?","R","BOSS","M"],"build_version":"2018-04-05v2","purchased_purges":0,"victory":false,"master_deck":["Defend_G","Defend_G","Defend_G","Defend_G","Defend_G","Strike_G","Strike_G","Strike_G","Strike_G","Strike_G","Survivor","Neutralize+1","Quick Slash+1","Backstab","Leg Sweep+1","Quick Slash+1","Endless Agony","Dodge and Roll+1","Adrenaline","Injury","Regret","Pain"],"max_hp_per_floor":[70,70,70,70,70,70,70,70,70,70,72,77,77,79,79,79,97,97],"relics":["Ring of the Snake","Darkstone Periapt","Singing Bowl","Art of War","Calling Bell","Snake Skull","Orichalcum","Prayer Wheel"],"card_choices":[{"not_picked":["Masterful Stab","Dodge and Roll"],"picked":"Quick Slash","floor":1},{"not_picked":["Caltrops","Deflect"],"picked":"Leg Sweep","floor":3},{"not_picked":["Outmaneuver","Bane"],"picked":"Quick Slash","floor":4},{"not_picked":["Prepared","Quick Slash"],"picked":"Endless Agony","floor":6},{"not_picked":["Riddle With Holes","Quick Slash"],"picked":"Dodge and Roll","floor":7},{"not_picked":["Unload","Wraith Form"],"picked":"Adrenaline","floor":16}],"player_experience":221579,"potions_floor_usage":[11,16,16,16],"damage_taken":[{"damage":4,"enemies":"2 Louse","floor":1,"turns":3},{"damage":0,"enemies":"Small Slimes","floor":3,"turns":3},{"damage":0,"enemies":"Jaw Worm","floor":4,"turns":3},{"damage":13,"enemies":"Gremlin Nob","floor":6,"turns":5},{"damage":0,"enemies":"Large Slime","floor":7,"turns":4},{"damage":8,"enemies":"Lagavulin","floor":11,"turns":7},{"damage":8,"enemies":"Lots of Slimes","floor":14,"turns":3},{"damage":37,"enemies":"Slime Boss","floor":16,"turns":15},{"damage":12,"enemies":"Shell Parasite","floor":18,"turns":9}],"event_choices":[{"event_name":"Shining Light","player_choice":"Entered Light","floor":5,"damage_taken":0},{"event_name":"Big Fish","player_choice":"Donut","floor":12,"damage_taken":0}],"boss_relics":[{"not_picked":["Lizard Tail","Tiny House"],"picked":"Calling Bell"}],"potions_floor_spawned":[1,4,6,7,11],"seed_played":"-6303737776236493574","killed_by":"Shell Parasite","ascension_level":5,"is_trial":false}