{"gold_per_floor":[118,135,151,167,179,179,208,2,50,85,85,85,10,41,41,137,137,156,255,3,3,21,21],"floor_reached":23,"playtime":1315,"items_purged":["Strike_R","Strike_R"],"score":334,"play_id":"cce1ec24-be55-4491-b6cb-2b6d569ffb2b","local_time":"20190227230848","is_ascension_mode":true,"campfire_choices":[{"data":"Cleave","floor":6,"key":"SMITH"},{"floor":12,"key":"REST"},{"floor":15,"key":"REST"}],"neow_cost":"NONE","seed_source_timestamp":609727975879120,"circlet_count":0,"master_deck":["AscendersBane","Strike_R","Defend_R","Defend_R","Defend_R","Defend_R","Bash","Shrug It Off","Cleave+1","Headbutt","Burning Pact","Shrug It Off","Seek","After Image","Cleave+1","Adrenaline"],"relics":["Snecko Eye","Matryoshka","PrismaticShard","Potion Belt","Vajra","Happy Flower","Empty Cage","Membership Card"],"potions_floor_usage":[4,10,14,16,23],"damage_taken":[{"damage":1,"enemies":"Cultist","floor":1,"turns":3},{"damage":0,"enemies":"Jaw Worm","floor":2,"turns":3},{"damage":0,"enemies":"Small Slimes","floor":3,"turns":3},{"damage":6,"enemies":"Looter","floor":4,"turns":3},{"damage":13,"enemies":"Red Slaver","floor":5,"turns":4},{"damage":14,"enemies":"3 Sentries","floor":7,"turns":8},{"damage":16,"enemies":"Lagavulin","floor":10,"turns":6},{"damage":25,"enemies":"3 Sentries","floor":14,"turns":7},{"damage":13,"enemies":"The Guardian","floor":16,"turns":15},{"damage":19,"enemies":"3 Byrds","floor":18,"turns":5},{"damage":4,"enemies":"Shell Parasite","floor":22,"turns":3},{"damage":72,"enemies":"Gremlin Leader","floor":23,"turns":8}],"seed_played":"-3675009734340903828","potions_obtained":[{"floor":1,"key":"SneckoOil"},{"floor":4,"key":"Weak Potion"},{"floor":10,"key":"GamblersBrew"},{"floor":14,"key":"SneckoOil"},{"floor":22,"key":"Regen Potion"}],"is_trial":false,"path_per_floor":["M","M","M","M","M","R","E","$","T","E","?","R","$","E","R","B",null,"M","?","$","?","M","E"],"character_chosen":"IRONCLAD","items_purchased":["PrismaticShard","Membership Card"],"campfire_rested":2,"item_purchase_floors":[8,20],"current_hp_per_floor":[71,71,71,65,52,52,38,38,38,22,22,46,46,21,45,32,68,49,49,49,49,45,0],"gold":21,"neow_bonus":"BOSS_RELIC","is_prod":false,"is_daily":false,"chose_seed":false,"campfire_upgraded":1,"win_rate":0,"timestamp":1551326928,"path_taken":["M","M","M","M","?","R","E","$","T","E","?","R","$","E","R","BOSS","M","?","$","?","M","E"],"build_version":"2019-01-23","purchased_purges":2,"victory":false,"max_hp_per_floor":[80,80,80,80,80,80,80,80,80,80,80,80,80,80,80,80,80,80,80,80,80,80,80],"card_choices":[{"not_picked":["Inflame","Clash"],"picked":"Shrug It Off","floor":1},{"not_picked":["Havoc","Bloodletting"],"picked":"Cleave","floor":2},{"not_picked":["Second Wind","Sword Boomerang"],"picked":"Headbutt","floor":3},{"not_picked":["Sword Boomerang","Heavy Blade"],"picked":"Burning Pact","floor":4},{"not_picked":["Perfected Strike","Havoc","Reckless Charge"],"picked":"SKIP","floor":5},{"not_picked":["Sentinel","Iron Wave","Dropkick"],"picked":"SKIP","floor":7},{"not_picked":["Prepared","Warcry"],"picked":"Shrug It Off","floor":10},{"not_picked":["Calculated Gamble","Perfected Strike"],"picked":"Seek","floor":14},{"not_picked":["Limit Break","Burst"],"picked":"After Image","floor":16},{"not_picked":["Leap","Redo"],"picked":"Cleave+1","floor":18},{"not_picked":["Go for the Eyes","PiercingWail"],"picked":"Adrenaline","floor":22}],"player_experience":727453,"relics_obtained":[{"floor":7,"key":"Matryoshka"},{"floor":9,"key":"Potion Belt"},{"floor":10,"key":"Vajra"},{"floor":14,"key":"Happy Flower"}],"event_choices":[{"damage_healed":0,"gold_gain":0,"player_choice":"Ignored","damage_taken":0,"max_hp_gain":0,"max_hp_loss":0,"event_name":"Liars Game","floor":11,"gold_loss":0},{"damage_healed":0,"gold_gain":99,"player_choice":"Stole From Cult","damage_taken":0,"max_hp_gain":0,"max_hp_loss":0,"event_name":"Nest","floor":19,"gold_loss":0},{"damage_healed":0,"gold_gain":0,"player_choice":"Ignored","damage_taken":0,"max_hp_gain":0,"max_hp_loss":0,"event_name":"Vampires","floor":21,"gold_loss":0}],"is_beta":false,"boss_relics":[{"not_picked":["Tiny House","Calling Bell"],"picked":"Empty Cage"}],"items_purged_floors":[13,20],"is_endless":false,"potions_floor_spawned":[1,4,10,14,22],"killed_by":"Gremlin Leader","ascension_level":12}