{"gold_per_floor":[146,146,157,157,168,168,34,46,94,114,114,131,131,111,111,187,187,203,229,244,244],"floor_reached":21,"playtime":715,"items_purged":["Defend_B"],"score":333,"play_id":"f710a8c4-31a1-4b93-a592-e84b7121fb17","local_time":"20190216140700","is_ascension_mode":true,"campfire_choices":[{"data":"Zap","floor":6,"key":"SMITH"},{"data":"Defragment","floor":11,"key":"SMITH"},{"data":"Static Discharge","floor":13,"key":"SMITH"},{"floor":15,"key":"REST"}],"neow_cost":"NONE","seed_source_timestamp":2089288885399925,"circlet_count":0,"master_deck":["AscendersBane","Strike_B","Strike_B","Strike_B","Strike_B","Defend_B","Defend_B","Defend_B","Zap+1","Dualcast","Consume","Undo","Conserve Battery","Defragment+1","Go for the Eyes","Static Discharge+1","Echo Form"],"relics":["Cracked Core","Tiny Chest","StoneCalendar","Question Card","Anchor","Nuclear Battery","Vajra"],"potions_floor_usage":[10,16,16,21],"damage_taken":[{"damage":1,"enemies":"Cultist","floor":1,"turns":3},{"damage":9,"enemies":"Jaw Worm","floor":3,"turns":4},{"damage":9,"enemies":"Small Slimes","floor":5,"turns":3},{"damage":3,"enemies":"Red Slaver","floor":8,"turns":3},{"damage":14,"enemies":"Gremlin Gang","floor":10,"turns":4},{"damage":0,"enemies":"Blue Slaver","floor":12,"turns":4},{"damage":21,"enemies":"Slime Boss","floor":16,"turns":7},{"damage":12,"enemies":"Shell Parasite","floor":18,"turns":5},{"damage":23,"enemies":"Spheric Guardian","floor":20,"turns":3},{"damage":27,"enemies":"3 Cultists","floor":21,"turns":3}],"seed_played":"-3824412821296827669","potions_obtained":[{"floor":8,"key":"AttackPotion"},{"floor":10,"key":"FearPotion"},{"floor":12,"key":"Block Potion"},{"floor":14,"key":"Strength Potion"},{"floor":16,"key":"Dexterity Potion"},{"floor":18,"key":"Swift Potion"},{"floor":20,"key":"FocusPotion"}],"is_trial":false,"path_per_floor":["M","T","M","T","M","R","$","M","T","M","R","M","R","?","R","B",null,"M","T","M","M"],"character_chosen":"DEFECT","items_purchased":["Conserve Battery"],"campfire_rested":1,"item_purchase_floors":[7],"current_hp_per_floor":[63,63,54,54,45,45,45,42,42,28,28,28,28,28,49,28,60,48,48,25,0],"gold":244,"neow_bonus":"RANDOM_COMMON_RELIC","is_prod":false,"is_daily":false,"chose_seed":false,"campfire_upgraded":3,"win_rate":0,"timestamp":1550293620,"path_taken":["M","?","M","?","M","R","$","M","T","M","R","M","R","?","R","BOSS","M","?","M","M"],"build_version":"2019-01-23","purchased_purges":1,"victory":false,"max_hp_per_floor":[71,71,71,71,71,71,71,71,71,71,71,71,71,71,71,71,71,71,71,71,71],"card_choices":[{"not_picked":["Steam","Redo"],"picked":"Consume","floor":1},{"not_picked":["Stack","Compile Driver"],"picked":"Undo","floor":3},{"not_picked":["Lockon","Loop","Turbo","Aggregate"],"picked":"SKIP","floor":5},{"not_picked":["Go for the Eyes","Cold Snap","Fusion"],"picked":"Defragment","floor":8},{"not_picked":["Consume","Conserve Battery","BootSequence"],"picked":"Go for the Eyes","floor":10},{"not_picked":["Capacitor","Coolheaded","Cold Snap"],"picked":"Static Discharge","floor":12},{"not_picked":["Core Surge","Buffer","Electrodynamics"],"picked":"Echo Form","floor":16},{"not_picked":["Coolheaded","Compile Driver","Sweeping Beam","Stack"],"picked":"SKIP","floor":18},{"not_picked":["Stack","Compile Driver","Turbo","Cold Snap"],"picked":"SKIP","floor":20}],"player_experience":550909,"relics_obtained":[{"floor":2,"key":"StoneCalendar"},{"floor":4,"key":"Question Card"},{"floor":9,"key":"Anchor"},{"floor":19,"key":"Vajra"}],"event_choices":[{"damage_healed":0,"gold_gain":0,"player_choice":"Bought 1 Potion","damage_taken":0,"max_hp_gain":0,"max_hp_loss":0,"event_name":"The Woman in Blue","floor":14,"gold_loss":0}],"is_beta":false,"boss_relics":[{"not_picked":["Eternal Feather","Snecko Eye"],"picked":"Nuclear Battery"}],"items_purged_floors":[7],"is_endless":false,"potions_floor_spawned":[8,10,12,16,18,20],"killed_by":"3 Cultists","ascension_level":19}