{"gold_per_floor":[118,132,132,12,12,47,47,65,138,138,155,189,203,203,203,279,279,291,341,358,377,397,397,427,427,506,506,523,541,541,558,558,558],"floor_reached":33,"playtime":2387,"items_purged":[],"score":680,"play_id":"b5e6d7db-850e-4d30-a494-a6da14c92167","local_time":"20190309134621","is_ascension_mode":true,"campfire_choices":[{"data":"Cloak And Dagger","floor":7,"key":"SMITH"},{"data":"Slice","floor":10,"key":"SMITH"},{"data":"Noxious Fumes","floor":15,"key":"SMITH"},{"data":"Wraith Form v2","floor":23,"key":"SMITH"},{"data":"Well Laid Plans","floor":25,"key":"SMITH"},{"data":"Caltrops","floor":27,"key":"SMITH"},{"data":"Tactician","floor":32,"key":"SMITH"}],"neow_cost":"NONE","seed_source_timestamp":480214780267456,"circlet_count":0,"master_deck":["AscendersBane","Defend_G","Defend_G","Defend_G","Defend_G","Defend_G","Survivor","Neutralize+1","Flying Knee","Noxious Fumes+1","Blur","Cloak And Dagger+1","Slice+1","Poisoned Stab","Caltrops+1","Blur","Wraith Form v2+1","Infinite Blades","Endless Agony","Crippling Poison","Leg Sweep","Well Laid Plans+1","Tactician+1","Dagger Spray+1","Bite","Bite","Bite","Bite","Bite"],"relics":["Ring of the Snake","NeowsBlessing","Centennial Puzzle","Darkstone Periapt","Meat on the Bone","Lantern","Snecko Eye","Singing Bowl","Shuriken"],"potions_floor_usage":[16,22,28],"damage_taken":[{"damage":0,"enemies":"Cultist","floor":1,"turns":1},{"damage":0,"enemies":"Jaw Worm","floor":2,"turns":1},{"damage":0,"enemies":"Gremlin Nob","floor":6,"turns":1},{"damage":0,"enemies":"Small Slimes","floor":8,"turns":3},{"damage":0,"enemies":"Blue Slaver","floor":11,"turns":5},{"damage":13,"enemies":"3 Sentries","floor":12,"turns":8},{"damage":0,"enemies":"Looter","floor":13,"turns":4},{"damage":0,"enemies":"Slime Boss","floor":16,"turns":13},{"damage":15,"enemies":"Spheric Guardian","floor":18,"turns":6},{"damage":7,"enemies":"Chosen","floor":20,"turns":6},{"damage":36,"enemies":"Centurion and Healer","floor":21,"turns":9},{"damage":9,"enemies":"3 Cultists","floor":22,"turns":6},{"damage":19,"enemies":"Slavers","floor":24,"turns":6},{"damage":4,"enemies":"Cultist and Chosen","floor":28,"turns":7},{"damage":3,"enemies":"Centurion and Healer","floor":29,"turns":6},{"damage":8,"enemies":"Snake Plant","floor":31,"turns":5},{"damage":36,"enemies":"Collector","floor":33,"turns":4}],"seed_played":"2907760885754689699","potions_obtained":[{"floor":6,"key":"SmokeBomb"},{"floor":11,"key":"FairyPotion"},{"floor":13,"key":"AttackPotion"},{"floor":16,"key":"Regen Potion"},{"floor":22,"key":"Energy Potion"},{"floor":24,"key":"Regen Potion"}],"is_trial":false,"path_per_floor":["M","M","?","$","?","E","R","M","T","R","M","E","M","?","R","B",null,"M","?","M","M","M","R","E","R","T","R","M","M","?","M","R","B"],"character_chosen":"THE_SILENT","items_purchased":["Noxious Fumes","Blur"],"campfire_rested":0,"item_purchase_floors":[4,4],"current_hp_per_floor":[59,59,59,59,59,59,59,59,59,59,59,46,46,46,46,46,61,46,46,39,15,33,33,26,26,26,26,37,34,34,30,30,0],"gold":558,"neow_bonus":"THREE_ENEMY_KILL","is_prod":false,"is_daily":false,"chose_seed":false,"campfire_upgraded":7,"win_rate":0,"timestamp":1552157181,"path_taken":["M","?","?","$","?","E","R","M","T","R","M","E","?","?","R","BOSS","M","?","M","M","M","R","E","R","T","R","M","M","?","M","R","BOSS"],"build_version":"2019-01-23","purchased_purges":0,"victory":false,"max_hp_per_floor":[66,66,66,66,66,66,66,66,66,66,66,66,66,66,66,66,66,66,66,66,66,66,66,66,66,66,66,66,66,46,48,48,48],"card_choices":[{"not_picked":["Poisoned Stab","Dagger Spray"],"picked":"Flying Knee","floor":1},{"not_picked":["Sucker Punch","Reflex"],"picked":"Deflect","floor":2},{"not_picked":["Reflex","Infinite Blades"],"picked":"Cloak And Dagger","floor":6},{"not_picked":["Crippling Poison","Die Die Die"],"picked":"Slice","floor":8},{"not_picked":["Dagger Spray","Dodge and Roll"],"picked":"Poisoned Stab","floor":11},{"not_picked":["Sucker Punch","Quick Slash"],"picked":"Caltrops","floor":12},{"not_picked":["Calculated Gamble","Backflip"],"picked":"Blur","floor":13},{"not_picked":["Doppelganger","Grand Finale"],"picked":"Wraith Form v2","floor":16},{"not_picked":["Dodge and Roll","Dagger Spray"],"picked":"Infinite Blades","floor":18},{"not_picked":["Noxious Fumes","Flechettes"],"picked":"Endless Agony","floor":20},{"not_picked":["Backflip","Heel Hook"],"picked":"Crippling Poison","floor":21},{"not_picked":["Acrobatics","Prepared"],"picked":"Leg Sweep","floor":22},{"not_picked":["Deadly Poison+1","Calculated Gamble"],"picked":"Well Laid Plans","floor":24},{"not_picked":["Acrobatics","Sucker Punch"],"picked":"Tactician","floor":28},{"not_picked":["Expertise","Deadly Poison"],"picked":"Dagger Spray+1","floor":29},{"not_picked":["Acrobatics","Slice","Escape Plan"],"picked":"Singing Bowl","floor":31}],"player_experience":903830,"relics_obtained":[{"floor":6,"key":"Darkstone Periapt"},{"floor":9,"key":"Meat on the Bone"},{"floor":12,"key":"Lantern"},{"floor":24,"key":"Singing Bowl"},{"floor":26,"key":"Shuriken"}],"event_choices":[{"damage_healed":0,"gold_gain":0,"player_choice":"Grow","damage_taken":0,"max_hp_gain":0,"max_hp_loss":0,"event_name":"Living Wall","floor":3,"gold_loss":0,"cards_upgraded":["Neutralize"]},{"cards_removed":["Deflect"],"damage_healed":0,"gold_gain":0,"player_choice":"Gave Card","damage_taken":0,"relics_obtained":["Centennial Puzzle"],"max_hp_gain":0,"max_hp_loss":0,"event_name":"WeMeetAgain","floor":5,"gold_loss":0},{"damage_healed":0,"gold_gain":0,"player_choice":"Ignored","damage_taken":0,"max_hp_gain":0,"max_hp_loss":0,"event_name":"Shining Light","floor":14,"gold_loss":0},{"damage_healed":0,"gold_gain":50,"player_choice":"Stole From Cult","damage_taken":0,"max_hp_gain":0,"max_hp_loss":0,"event_name":"Nest","floor":19,"gold_loss":0},{"damage_healed":0,"gold_gain":0,"player_choice":"Became a vampire","damage_taken":0,"max_hp_gain":0,"max_hp_loss":20,"event_name":"Vampires","floor":30,"gold_loss":0,"cards_obtained":["Bite","Bite","Bite","Bite","Bite"]}],"is_beta":false,"boss_relics":[{"not_picked":["Tiny House","Astrolabe"],"picked":"Snecko Eye"}],"items_purged_floors":[],"is_endless":false,"potions_floor_spawned":[6,11,13,16,20,21,22,24],"killed_by":"Collector","ascension_level":17}