{"path_per_floor":["M","?","?","?","?","E","$","E","T","R","M","M","M","M","R","B",null,"M","?","M","$","M","R","E","M","T","R","M","E","M","M","R"],"character_chosen":"THE_SILENT","items_purchased":["Noxious Fumes","Toxic Egg 2"],"gold_per_floor":[118,118,118,118,118,159,88,129,153,153,171,187,203,224,224,317,317,336,261,276,19,38,38,72,87,135,135,151,186,206,227,227,227],"floor_reached":33,"campfire_rested":2,"playtime":1840,"current_hp_per_floor":[63,68,61,43,43,43,43,43,43,43,45,47,45,46,46,41,67,53,53,54,54,42,42,28,5,5,27,23,11,13,2,24,0],"items_purged":[],"gold":227,"score":576,"play_id":"2069d009-825e-4728-aeaf-dac211974f8c","local_time":"20180421105817","is_prod":false,"is_daily":false,"chose_seed":false,"is_ascension_mode":true,"campfire_upgraded":3,"timestamp":1524301097,"path_taken":["M","?","?","?","?","E","?","E","T","R","M","?","M","M","R","BOSS","M","?","M","$","M","R","E","M","T","R","M","E","M","M","R","BOSS"],"build_version":"2018-04-19","seed_source_timestamp":318530883052833,"purchased_purges":0,"victory":false,"master_deck":["Defend_G","Defend_G","Defend_G","Defend_G","Defend_G","Strike_G","Strike_G","Survivor","Neutralize","AscendersBane","Finisher+1","Die Die Die","Backstab","Noxious Fumes+1","Dagger Spray","Crippling Poison","Quick Slash","Predator","Backflip+1","Tools of the Trade","Deadly Poison+1","Cloak And Dagger+1","Acrobatics+1","Cloak And Dagger+1","Doppelganger+1","Underhanded Strike","Acrobatics+1"],"max_hp_per_floor":[70,75,75,75,75,75,75,75,75,75,75,75,75,75,75,75,75,75,75,75,75,75,75,75,75,75,75,75,75,75,75,75,75],"relics":["Ring of the Snake","NeowsBlessing","Golden Idol","Bag of Preparation","Blood Vial","Ancient Tea Set","Sozu","Toxic Egg 2","Tough Bandages","Bronze Scales","Tingsha"],"card_choices":[{"not_picked":["Bouncing Flask","Accuracy"],"picked":"Finisher","floor":1},{"not_picked":["Acrobatics","Backflip"],"picked":"Backstab","floor":6},{"not_picked":["Finisher","Expertise"],"picked":"Dagger Spray","floor":8},{"not_picked":["Eviscerate","Masterful Stab"],"picked":"Crippling Poison","floor":11},{"not_picked":["Underhanded Strike","Flechettes"],"picked":"Quick Slash","floor":12},{"not_picked":["Deadly Poison","Dagger Throw"],"picked":"Predator","floor":13},{"not_picked":["Burst","Dodge and Roll"],"picked":"Backflip","floor":14},{"not_picked":["Corpse Explosion","Venomology"],"picked":"Tools of the Trade","floor":16},{"not_picked":["Distraction","Acrobatics"],"picked":"Deadly Poison","floor":18},{"not_picked":["Bane","Underhanded Strike"],"picked":"Cloak And Dagger","floor":22},{"not_picked":["Malaise","Deadly Poison"],"picked":"Acrobatics","floor":25},{"not_picked":["Skewer","Poisoned Stab"],"picked":"Cloak And Dagger","floor":28},{"not_picked":["Poisoned Stab","Sucker Punch"],"picked":"Doppelganger","floor":29},{"not_picked":["Slice","Predator"],"picked":"Underhanded Strike","floor":30},{"not_picked":["Blur","Flechettes"],"picked":"Acrobatics","floor":31}],"player_experience":387969,"potions_floor_usage":[22,29,33],"damage_taken":[{"damage":0,"enemies":"2 Louse","floor":1,"turns":1},{"damage":0,"enemies":"3 Sentries","floor":6,"turns":1},{"damage":0,"enemies":"Gremlin Nob","floor":8,"turns":1},{"damage":0,"enemies":"Cultist","floor":11,"turns":3},{"damage":0,"enemies":"Jaw Worm","floor":12,"turns":3},{"damage":4,"enemies":"Exordium Wildlife","floor":13,"turns":3},{"damage":1,"enemies":"Looter","floor":14,"turns":2},{"damage":7,"enemies":"The Guardian","floor":16,"turns":10},{"damage":16,"enemies":"Chosen","floor":18,"turns":5},{"damage":1,"enemies":"3 Byrds","floor":20,"turns":3},{"damage":26,"enemies":"Centurion and Healer","floor":22,"turns":6},{"damage":16,"enemies":"Book of Stabbing","floor":24,"turns":6},{"damage":25,"enemies":"Snecko","floor":25,"turns":6},{"damage":6,"enemies":"Slaver and Parasite","floor":28,"turns":5},{"damage":14,"enemies":"Gremlin Leader","floor":29,"turns":6},{"damage":0,"enemies":"Centurion and Healer","floor":30,"turns":5},{"damage":13,"enemies":"Snecko","floor":31,"turns":3},{"damage":29,"enemies":"Collector","floor":33,"turns":3}],"event_choices":[{"event_name":"Big Fish","player_choice":"Donut","floor":2,"damage_taken":0},{"event_name":"Golden Wing","player_choice":"Card Removal","floor":3,"damage_taken":0},{"event_name":"Golden Idol","player_choice":"Take Damage","floor":4,"damage_taken":0},{"event_name":"Living Wall","player_choice":"Change","floor":5,"damage_taken":0},{"event_name":"Beggar","player_choice":"Gave Gold","floor":19,"damage_taken":0}],"boss_relics":[{"not_picked":["Calling Bell","White Beast Statue"],"picked":"Sozu"}],"potions_floor_spawned":[1,6,13,16,20,24,28,31],"seed_played":"500350305262236802","killed_by":"Collector","ascension_level":13,"is_trial":false}