{"path_per_floor":["M","M","M","M","M","R","E","R","T","R","?","?","M","E","R","B",null,"M","?","?","M","M","M","?","$","T","T","M","M","R","M","R","B",null,"M","?","M","M","M","R","?","M","T","R","?","E"],"character_chosen":"THE_SILENT","items_purchased":[],"gold_per_floor":[99,99,99,99,99,99,99,99,99,99,99,99,99,99,99,99,99,54,54,54,54,54,54,24,24,24,24,24,24,24,24,24,24,24,24,24,24,24,24,24,24,24,24,24,24,24],"floor_reached":47,"campfire_rested":3,"playtime":3854,"current_hp_per_floor":[70,70,70,70,65,65,44,44,44,44,44,44,44,33,33,28,70,49,49,49,47,29,19,19,19,19,19,15,11,32,32,32,3,70,54,54,52,26,24,45,45,4,4,25,25,16],"items_purged":[],"gold":24,"play_id":"1e96f72f-5068-427b-a64c-557e36eba694","is_prod":false,"is_daily":false,"campfire_rituals":0,"campfire_upgraded":5,"is_hardmode":false,"path_taken":["M","M","M","M","M","R","E","R","T","R","?","?","M","E","R","BOSS","M","?","?","M","M","M","?","?","T","?","M","?","R","M","R","BOSS","M","?","M","M","M","R","?","M","T","R","?","E","M"],"build_version":"2018-01-18-PROD4","purchased_purges":0,"victory":false,"master_deck":["Survivor","Neutralize","Backflip","Infinite Blades","Accuracy","Blade Dance","Neutralize","Regret","Malaise","Adrenaline","Prepared","Dagger Throw","Distraction","PiercingWail","Leg Sweep","Backstab","Distraction","PiercingWail","Sucker Punch","Poisoned Stab","Predator","Regret","Decay","Finisher","Acrobatics","Cloak And Dagger","Flechettes","Backflip","Choke","After Image","Infinite Blades","Footwork","Acrobatics","Accuracy","Outmaneuver","Prepared","Escape Plan","After Image","Quick Slash","After Image","Predator"],"max_hp_per_floor":[70,70,70,70,70,70,70,70,70,70,70,70,70,70,70,70,70,70,70,70,70,70,70,70,70,70,70,70,70,70,70,70,70,70,70,70,70,70,70,70,70,70,70,70,70,70],"relics":["Ectoplasm","Bronze Scales","Bottled Lightning","War Paint","Molten Egg","Pandora\u0027s Box","Mercury Hourglass","Oddly Smooth Stone","Orrery","Dream Catcher","Smiling Mask"],"campfire_meditates":0,"card_choices":[{"not_picked":["PiercingWail","Underhanded Strike"],"picked":"Backflip"},{"not_picked":["Terror","Prepared"],"picked":"Skewer"},{"not_picked":["PiercingWail","Backstab"],"picked":"Infinite Blades"},{"not_picked":["Blur","Flying Knee"],"picked":"Accuracy"},{"not_picked":["PiercingWail","Underhanded Strike"],"picked":"Blade Dance"},{"not_picked":["Deadly Poison","Calculated Gamble"],"picked":"Malaise"},{"not_picked":["Doppelganger","A Thousand Cuts"],"picked":"Adrenaline"},{"not_picked":["Acrobatics","Riddle With Holes"],"picked":"Predator"},{"not_picked":["PiercingWail","Infinite Blades"],"picked":"Finisher"},{"not_picked":["Underhanded Strike","Cloak And Dagger"],"picked":"Acrobatics"},{"not_picked":["Infinite Blades","Concentrate"],"picked":"Cloak And Dagger"},{"not_picked":["PiercingWail","Heel Hook"],"picked":"Flechettes"},{"not_picked":["Crippling Poison","Bane"],"picked":"Backflip"},{"not_picked":["Dagger Throw","Finisher"],"picked":"Choke"},{"not_picked":["Glass Knife","A Thousand Cuts"],"picked":"After Image"},{"not_picked":["Skewer","Bane"],"picked":"Infinite Blades"},{"not_picked":["Masterful Stab","Poisoned Stab"],"picked":"Footwork"},{"not_picked":["All Out Attack","Skewer"],"picked":"Acrobatics"},{"not_picked":["Dagger Spray","Flying Knee"],"picked":"Accuracy"},{"not_picked":["Setup","Dagger Throw"],"picked":"Outmaneuver"},{"not_picked":["Poisoned Stab","Flying Knee"],"picked":"Prepared"},{"not_picked":["PiercingWail","Well Laid Plans"],"picked":"Escape Plan"},{"not_picked":["Cloak And Dagger","Terror"],"picked":"After Image"},{"not_picked":["PiercingWail","Riddle With Holes"],"picked":"Quick Slash"},{"not_picked":["Dodge and Roll","Bouncing Flask"],"picked":"After Image"},{"not_picked":["Underhanded Strike","Deadly Poison"],"picked":"Predator"}],"player_experience":386515,"potions_floor_usage":[14,14,16,21,23,28,29,29,33,37,42,46,46],"damage_taken":[{"damage":0.0,"enemies":"Cultist","floor":1.0,"turns":5.0},{"damage":0.0,"enemies":"Small Slimes","floor":2.0,"turns":3.0},{"damage":0,"enemies":"2 Louse","floor":3,"turns":3},{"damage":0,"enemies":"2 Fungi Beasts","floor":4,"turns":3},{"damage":5,"enemies":"3 Louse","floor":5,"turns":4},{"damage":21,"enemies":"3 Sentries","floor":7,"turns":7},{"damage":0,"enemies":"Gremlin Gang","floor":13,"turns":3},{"damage":11,"enemies":"Lagavulin","floor":14,"turns":4},{"damage":5,"enemies":"Hexaghost","floor":16,"turns":9},{"damage":21,"enemies":"2 Thieves","floor":18,"turns":3},{"damage":2,"enemies":"3 Byrds","floor":21,"turns":3},{"damage":18,"enemies":"Centurion and Healer","floor":22,"turns":4},{"damage":10,"enemies":"Snake Plant","floor":23,"turns":3},{"damage":4,"enemies":"3 Cultists","floor":28,"turns":5},{"damage":7,"enemies":"Centurion and Healer","floor":29,"turns":3},{"damage":0,"enemies":"Snecko","floor":31,"turns":3},{"damage":29,"enemies":"Collector","floor":33,"turns":11},{"damage":16,"enemies":"Orb Walker","floor":35,"turns":4},{"damage":2,"enemies":"3 Shapes","floor":37,"turns":3},{"damage":26,"enemies":"Sphere and 2 Shapes","floor":38,"turns":5},{"damage":2,"enemies":"Maw","floor":39,"turns":8},{"damage":41,"enemies":"4 Shapes","floor":42,"turns":4},{"damage":9,"enemies":"Giant Head","floor":46,"turns":8},{"damage":19,"enemies":"Sphere and 2 Shapes","floor":47,"turns":3}],"event_choices":[{"event_name":"Match and Keep!","player_choice":"1 cards matched","floor":11,"damage_taken":0},{"event_name":"Big Fish","player_choice":"Box","floor":12,"damage_taken":0},{"event_name":"Golden Shrine","player_choice":"Desecrate","floor":19,"damage_taken":0},{"event_name":"Wheel of Change","player_choice":"Curse","floor":20,"damage_taken":0},{"event_name":"The Woman in Blue","player_choice":"Bought 2 Potions","floor":24,"damage_taken":0},{"event_name":"The Lab","player_choice":"Got Potions","floor":41,"damage_taken":0},{"event_name":"Mysterious Sphere","player_choice":"Ignore","floor":45,"damage_taken":0}],"boss_relics":[{"not_picked":["Tiny House","Sozu"],"picked":"Pandora\u0027s Box"},{"not_picked":["White Beast Statue","Runic Pyramid"],"picked":"Orrery"}],"potions_floor_spawned":[4,5,7,13,14,18,22,28,31,35,42,46],"seed_played":"-6966041997450441440","killed_by":"Sphere and 2 Shapes","is_trial":false}