{"gold_per_floor":[109,119,136,154,172,172,203,203,203,235,120,120,136,136,136,235,235,246,246,226,245,258,258,183,199,268,295,307,339,339,339,339,339],"floor_reached":33,"playtime":2087,"items_purged":["Strike_B"],"score":322,"play_id":"29bc587e-2dd0-41a8-ad0b-de127fe9ac68","local_time":"20180710000825","is_ascension_mode":false,"campfire_choices":[{"data":"Electrodynamics","floor":6,"key":"SMITH"},{"data":"Redo","floor":8,"key":"SMITH"},{"data":"Biased Cognition","floor":15,"key":"SMITH"},{"floor":23,"key":"REST"},{"floor":30,"key":"REST"},{"data":"Amplify","floor":32,"key":"SMITH"}],"neow_cost":"","seed_source_timestamp":0,"circlet_count":0,"master_deck":["Strike_B","Defend_B","Defend_B","Defend_B","Defend_B","Zap","Dualcast+1","Redo+1","Gash+1","BootSequence","Rebound","Electrodynamics+1","Gash","Biased Cognition+1","Capacitor","Amplify+1","Heatsinks","RitualDagger","Self Repair","White Noise+1","Chill","Capacitor"],"special_seed":17722,"relics":["Cracked Core","Mummified Hand","Lantern","Strawberry","Nuclear Battery","Dodecahedron","Bottled Lightning","Pear","Oddly Smooth Stone"],"potions_floor_usage":[16,29,33],"damage_taken":[{"damage":1,"enemies":"Cultist","floor":1,"turns":3},{"damage":1,"enemies":"Small Slimes","floor":2,"turns":2},{"damage":1,"enemies":"Jaw Worm","floor":3,"turns":3},{"damage":0,"enemies":"Looter","floor":4,"turns":2},{"damage":0,"enemies":"3 Louse","floor":5,"turns":3},{"damage":14,"enemies":"3 Sentries","floor":7,"turns":4},{"damage":11,"enemies":"Lagavulin","floor":10,"turns":7},{"damage":0,"enemies":"2 Fungi Beasts","floor":13,"turns":2},{"damage":27,"enemies":"The Guardian","floor":16,"turns":8},{"damage":16,"enemies":"Chosen","floor":18,"turns":5},{"damage":20,"enemies":"2 Thieves","floor":21,"turns":3},{"damage":33,"enemies":"Snake Plant","floor":22,"turns":4},{"damage":0,"enemies":"Centurion and Healer","floor":25,"turns":2},{"damage":27,"enemies":"Gremlin Leader","floor":27,"turns":5},{"damage":12,"enemies":"3 Cultists","floor":28,"turns":3},{"damage":38,"enemies":"Slavers","floor":29,"turns":4},{"damage":67,"enemies":"Champ","floor":33,"turns":7}],"seed_played":"-163716102511872118","potions_obtained":[{"floor":2,"key":"Energy Potion"},{"floor":4,"key":"Strength Potion"},{"floor":10,"key":"Poison Potion"},{"floor":20,"key":"FairyPotion"},{"floor":22,"key":"PowerPotion"}],"is_trial":false,"path_per_floor":["M","M","M","M","M","R","E","R","T","E","$","?","M","?","R","B",null,"M","?","?","M","M","R","?","M","T","E","M","E","R","T","R"],"character_chosen":"DEFECT","items_purchased":["Capacitor"],"campfire_rested":2,"item_purchase_floors":[11],"current_hp_per_floor":[74,73,72,72,72,72,58,58,58,54,54,54,54,38,38,11,82,66,60,60,40,14,38,38,45,45,32,27,25,52,52,52,0],"gold":339,"neow_bonus":"","is_prod":false,"is_daily":false,"chose_seed":false,"campfire_upgraded":4,"win_rate":0,"timestamp":1531195705,"path_taken":["M","M","M","M","M","R","E","R","T","E","$","?","M","?","R","BOSS","M","?","?","M","M","R","?","M","T","E","M","E","R","?","R","BOSS"],"build_version":"2018-07-05","purchased_purges":1,"victory":false,"max_hp_per_floor":[75,75,75,75,75,75,75,75,75,82,82,82,82,82,82,82,82,82,82,82,82,82,82,82,82,82,82,82,92,92,92,92,92],"card_choices":[{"not_picked":["Conserve Battery","Doom and Gloom"],"picked":"Redo","floor":1},{"not_picked":["Go for the Eyes","Chill"],"picked":"Gash","floor":2},{"not_picked":["Rebound","Hologram"],"picked":"BootSequence","floor":3},{"not_picked":["Redo","Barrage"],"picked":"Rebound","floor":4},{"not_picked":["Defragment","Hologram"],"picked":"Electrodynamics","floor":5},{"not_picked":["Leap","Sweeping Beam"],"picked":"Gash","floor":7},{"not_picked":["Scrape","Heatsinks"],"picked":"Biased Cognition","floor":10},{"not_picked":["Redo","Go for the Eyes","Steam Power"],"picked":"SKIP","floor":13},{"not_picked":["Echo Form","Core Surge"],"picked":"Amplify","floor":16},{"not_picked":["Redo+1","Ball Lightning"],"picked":"Heatsinks","floor":18},{"not_picked":["Capacitor","Coolheaded"],"picked":"Self Repair","floor":21},{"not_picked":["Aggregate","Steam"],"picked":"White Noise+1","floor":22},{"not_picked":["Compile Driver+1","Rebound+1"],"picked":"Chill","floor":25},{"not_picked":["Conserve Battery+1","Aggregate","Compile Driver"],"picked":"SKIP","floor":27},{"not_picked":["Ball Lightning","Compile Driver"],"picked":"Capacitor","floor":28},{"not_picked":["Sweeping Beam+1","Doom and Gloom+1","Turbo"],"picked":"SKIP","floor":29}],"player_experience":668665,"relics_obtained":[{"floor":7,"key":"Mummified Hand"},{"floor":9,"key":"Lantern"},{"floor":10,"key":"Strawberry"},{"floor":26,"key":"Dodecahedron"},{"floor":27,"key":"Bottled Lightning"},{"floor":29,"key":"Pear"},{"floor":31,"key":"Oddly Smooth Stone"}],"event_choices":[{"event_name":"Living Wall","player_choice":"Forget","floor":12,"damage_taken":0},{"event_name":"Shining Light","player_choice":"Entered Light","floor":14,"damage_taken":0},{"event_name":"Nest","player_choice":"Joined the Cult","floor":19,"damage_taken":0},{"event_name":"The Woman in Blue","player_choice":"Bought 1 Potion","floor":20,"damage_taken":0},{"event_name":"Beggar","player_choice":"Gave Gold","floor":24,"damage_taken":0}],"boss_relics":[{"not_picked":["Black Star","White Beast Statue"],"picked":"Nuclear Battery"}],"items_purged_floors":[11],"is_endless":false,"potions_floor_spawned":[2,4,10,13,21,22,25],"killed_by":"Champ","ascension_level":0}