{"gold_per_floor":[18,18,35,54,54,81,81,97,120,69,69,100,110,135,135,232,232,247,259,259,271,271,271,305,323,400,400,414,441,441,454,454,550,550,568,123,139,139,139,165,165,178,178,178,27,84,95,112,112,112],"floor_reached":51,"playtime":4520,"items_purged":[],"score":721,"play_id":"38339300-b17a-4eb2-96e1-acfd70a99e1e","local_time":"20180806012819","is_ascension_mode":true,"campfire_choices":[{"floor":7,"key":"REST"},{"data":"After Image","floor":11,"key":"SMITH"},{"floor":15,"key":"REST"},{"data":"Crippling Poison","floor":23,"key":"SMITH"},{"floor":27,"key":"REST"},{"floor":30,"key":"REST"},{"floor":32,"key":"REST"},{"data":"Night Terror","floor":41,"key":"SMITH"},{"data":"Noxious Fumes","floor":44,"key":"SMITH"},{"floor":49,"key":"REST"}],"neow_cost":"NO_GOLD","seed_source_timestamp":117723135828290,"circlet_count":0,"master_deck":["Defend_G+1","Defend_G","Defend_G","Defend_G+1","Defend_G","Strike_G","Strike_G","Strike_G","Strike_G","Strike_G","Survivor","Neutralize","After Image+1","Predator","Escape Plan","Riddle With Holes","Deflect","Envenom","Noxious Fumes+1","Crippling Poison+1","After Image+1","Reflex","Bouncing Flask","Blur","Tactician","Night Terror+1","Master of Strategy","Bane+1","Writhe","After Image","Well Laid Plans","Burst"],"relics":["Ring of the Snake","Boot","Blood Vial","Snake Skull","Vajra","Matryoshka","HoveringKite","Letter Opener","Art of War","Pantograph","Sundial","Velvet Choker","Question Card","Pear","Anchor","Omamori","Centennial Puzzle","Tiny Chest"],"potions_floor_usage":[6,12,16,16,29,31,33,40,50,50,50],"damage_taken":[{"damage":0,"enemies":"Cultist","floor":1,"turns":4},{"damage":3,"enemies":"Jaw Worm","floor":3,"turns":6},{"damage":0,"enemies":"2 Louse","floor":4,"turns":3},{"damage":26,"enemies":"Gremlin Nob","floor":6,"turns":5},{"damage":5,"enemies":"Exordium Wildlife","floor":8,"turns":6},{"damage":23,"enemies":"Lagavulin","floor":12,"turns":10},{"damage":0,"enemies":"2 Fungi Beasts","floor":13,"turns":3},{"damage":16,"enemies":"Gremlin Nob","floor":14,"turns":4},{"damage":3,"enemies":"Slime Boss","floor":16,"turns":13},{"damage":6,"enemies":"2 Thieves","floor":18,"turns":5},{"damage":2,"enemies":"Shell Parasite","floor":19,"turns":6},{"damage":5,"enemies":"3 Cultists","floor":21,"turns":6},{"damage":16,"enemies":"Book of Stabbing","floor":24,"turns":6},{"damage":20,"enemies":"Snake Plant","floor":25,"turns":5},{"damage":5,"enemies":"Cultist and Chosen","floor":28,"turns":5},{"damage":35,"enemies":"Slavers","floor":29,"turns":7},{"damage":17,"enemies":"3 Cultists","floor":31,"turns":5},{"damage":5,"enemies":"Automaton","floor":33,"turns":10},{"damage":18,"enemies":"3 Shapes","floor":35,"turns":3},{"damage":3,"enemies":"3 Darklings","floor":37,"turns":4},{"damage":24,"enemies":"Nemesis","floor":40,"turns":7},{"damage":3,"enemies":"4 Shapes","floor":42,"turns":4},{"damage":15,"enemies":"Maw","floor":47,"turns":7},{"damage":2,"enemies":"Sphere and 2 Shapes","floor":48,"turns":5},{"damage":44,"enemies":"Time Eater","floor":50,"turns":13}],"seed_played":"-7746390335060859067","potions_obtained":[{"floor":3,"key":"LiquidBronze"},{"floor":6,"key":"Block Potion"},{"floor":8,"key":"Fire Potion"},{"floor":14,"key":"Swift Potion"},{"floor":16,"key":"SpeedPotion"},{"floor":25,"key":"PowerPotion"},{"floor":29,"key":"Regen Potion"},{"floor":31,"key":"Explosive Potion"},{"floor":33,"key":"FearPotion"},{"floor":35,"key":"Dexterity Potion"},{"floor":42,"key":"SteroidPotion"}],"is_trial":false,"path_per_floor":["M","$","M","M","?","E","R","M","T","?","R","E","M","E","R","B",null,"M","M","$","M","?","R","E","M","T","R","M","E","R","M","R","B",null,"M","$","M","?","$","E","R","M","T","R","$","T","M","M","R","B"],"character_chosen":"THE_SILENT","items_purchased":["Question Card","Master of Strategy","Centennial Puzzle"],"campfire_rested":6,"item_purchase_floors":[36,36,45],"current_hp_per_floor":[70,70,67,67,53,27,48,43,43,43,43,22,24,10,31,30,70,64,64,64,61,61,61,47,29,29,50,47,14,35,29,50,65,70,52,52,51,69,69,56,56,55,55,55,55,55,42,42,66,36],"gold":112,"neow_bonus":"THREE_RARE_CARDS","is_prod":false,"is_daily":false,"chose_seed":false,"campfire_upgraded":4,"win_rate":0,"timestamp":1533508099,"path_taken":["M","?","M","M","?","E","R","M","T","?","R","E","M","E","R","BOSS","M","M","$","?","?","R","E","M","T","R","M","E","R","M","R","BOSS","M","$","M","?","?","E","R","M","T","R","$","?","M","M","R","BOSS"],"build_version":"2018-08-02","purchased_purges":0,"victory":true,"max_hp_per_floor":[70,70,70,70,70,70,70,70,70,70,70,70,70,70,70,70,70,70,70,70,70,70,70,70,70,70,70,70,70,70,70,70,70,70,70,70,70,70,70,80,80,80,80,80,80,80,80,80,80,80],"card_choices":[{"not_picked":["Venomology","Unload"],"picked":"After Image","floor":0},{"not_picked":["PiercingWail","Poisoned Stab","Slice"],"picked":"SKIP","floor":1},{"not_picked":["Outmaneuver","Dagger Spray"],"picked":"Predator","floor":3},{"not_picked":["Quick Slash","Tactician","Endless Agony"],"picked":"SKIP","floor":4},{"not_picked":["Outmaneuver","Quick Slash","Concentrate"],"picked":"SKIP","floor":6},{"not_picked":["Backstab","Poisoned Stab"],"picked":"Escape Plan","floor":8},{"not_picked":["Expertise","Heel Hook"],"picked":"Riddle With Holes","floor":12},{"not_picked":["Quick Slash","Outmaneuver","Bane"],"picked":"SKIP","floor":13},{"not_picked":["All Out Attack","Slice"],"picked":"Deflect","floor":14},{"not_picked":["Grand Finale","Burst"],"picked":"Envenom","floor":16},{"not_picked":["Flying Knee+1","Expertise"],"picked":"Noxious Fumes","floor":18},{"not_picked":["Quick Slash","Slice","Dagger Throw"],"picked":"SKIP","floor":19},{"not_picked":["Blade Dance","Caltrops"],"picked":"Crippling Poison","floor":21},{"not_picked":["Outmaneuver","Finisher"],"picked":"Reflex","floor":24},{"not_picked":["Cloak And Dagger","Dodge and Roll+1"],"picked":"Bouncing Flask","floor":25},{"not_picked":["Acrobatics+1","Caltrops+1"],"picked":"Blur","floor":28},{"not_picked":["Dash","Dagger Throw"],"picked":"Tactician","floor":29},{"not_picked":["Finisher+1","Dagger Throw","Accuracy"],"picked":"SKIP","floor":31},{"not_picked":["Malaise","Envenom"],"picked":"Night Terror","floor":33},{"not_picked":["Outmaneuver+1","Deadly Poison","Acrobatics"],"picked":"SKIP","floor":35},{"not_picked":["Dodge and Roll","Distraction+1","Deadly Poison+1"],"picked":"Bane+1","floor":37},{"not_picked":["Crippling Poison","Cloak And Dagger+1","Choke"],"picked":"After Image","floor":40},{"not_picked":["Outmaneuver+1","Flying Knee+1","Dodge and Roll"],"picked":"Well Laid Plans","floor":42},{"not_picked":["Flying Knee","Masterful Stab+1","Poisoned Stab+1"],"picked":"Burst","floor":47},{"not_picked":["Flying Knee+1","Outmaneuver+1","Dodge and Roll","Sucker Punch+1"],"picked":"SKIP","floor":48}],"player_experience":195498,"relics_obtained":[{"floor":6,"key":"Boot"},{"floor":9,"key":"Blood Vial"},{"floor":12,"key":"Vajra"},{"floor":14,"key":"Matryoshka"},{"floor":24,"key":"Letter Opener"},{"floor":26,"key":"Art of War"},{"floor":26,"key":"Pantograph"},{"floor":29,"key":"Sundial"},{"floor":40,"key":"Pear"},{"floor":43,"key":"Anchor"},{"floor":43,"key":"Omamori"},{"floor":46,"key":"Tiny Chest"}],"event_choices":[{"event_name":"Shining Light","player_choice":"Entered Light","floor":5,"damage_taken":0},{"event_name":"WeMeetAgain","player_choice":"Gold","floor":10,"damage_taken":0},{"event_name":"Duplicator","player_choice":"One dupe","floor":22,"damage_taken":0},{"event_name":"Winding Halls","player_choice":"Writhe","floor":38,"damage_taken":0}],"is_beta":false,"boss_relics":[{"not_picked":["White Beast Statue","WristBlade"],"picked":"HoveringKite"},{"not_picked":["Lizard Tail","Runic Dome"],"picked":"Velvet Choker"}],"items_purged_floors":[],"is_endless":false,"potions_floor_spawned":[3,6,8,14,16,25,29,31,33,35,42],"ascension_level":1}