{"gold_per_floor":[116,41,53,63,63,63,79,79,104,117,137,153,65,83,83,180,180,195,44,56,70,89,89,116,130,130,130,130],"floor_reached":28,"playtime":1647,"items_purged":["Strike_B","Pain","Strike_B"],"score":236,"play_id":"3db546e3-c12d-4f90-a1ac-18c5d4d80b8b","local_time":"20190309023650","is_ascension_mode":false,"campfire_choices":[{"data":"Loop","floor":6,"key":"SMITH"},{"data":"FTL","floor":8,"key":"SMITH"},{"floor":15,"key":"REST"},{"floor":23,"key":"REST"}],"neow_cost":"NONE","seed_source_timestamp":683836286052864,"circlet_count":0,"master_deck":["Strike_B","Strike_B","Defend_B","Defend_B","Defend_B","Defend_B","Zap","Dualcast","Reinforced Body","Storm","Loop+1","FTL+1","Coolheaded","Defragment","White Noise","Creative AI","Capacitor","Conserve Battery","Aggregate","Reinforced Body","Coolheaded","Biased Cognition","BootSequence"],"relics":["Cracked Core","WarpedTongs","Smiling Mask","Sozu","Boot","Toxic Egg 2"],"potions_floor_usage":[16,24,24],"damage_taken":[{"damage":1,"enemies":"2 Louse","floor":1,"turns":3},{"damage":0,"enemies":"Cultist","floor":3,"turns":3},{"damage":0,"enemies":"Small Slimes","floor":4,"turns":3},{"damage":25,"enemies":"Gremlin Gang","floor":7,"turns":6},{"damage":12,"enemies":"Blue Slaver","floor":10,"turns":2},{"damage":2,"enemies":"Large Slime","floor":11,"turns":4},{"damage":14,"enemies":"Exordium Wildlife","floor":12,"turns":4},{"damage":4,"enemies":"3 Louse","floor":14,"turns":4},{"damage":43,"enemies":"Slime Boss","floor":16,"turns":14},{"damage":13,"enemies":"3 Byrds","floor":18,"turns":5},{"damage":5,"enemies":"Shell Parasite","floor":20,"turns":4},{"damage":0,"enemies":"3 Cultists","floor":21,"turns":3},{"damage":15,"enemies":"Shelled Parasite and Fungi","floor":22,"turns":5},{"damage":70,"enemies":"Gremlin Leader","floor":24,"turns":7},{"damage":14,"enemies":"Cultist and Chosen","floor":25,"turns":7},{"damage":6,"enemies":"Snake Plant","floor":28,"turns":4}],"seed_played":"6704086217996298794","potions_obtained":[{"floor":10,"key":"Strength Potion"},{"floor":11,"key":"Poison Potion"},{"floor":12,"key":"Regen Potion"},{"floor":16,"key":"Energy Potion"}],"is_trial":false,"path_per_floor":["M","$","M","M","?","R","M","R","T","M","M","M","$","M","R","B",null,"M","$","M","M","M","R","E","M","T","?","M"],"character_chosen":"DEFECT","items_purchased":["Defragment","Conserve Battery","Aggregate"],"campfire_rested":2,"item_purchase_floors":[13,19,19],"current_hp_per_floor":[81,81,81,81,81,81,56,56,56,44,42,28,28,24,48,5,82,69,69,64,64,49,73,17,3,3,3,0],"gold":130,"neow_bonus":"TEN_PERCENT_HP_BONUS","is_prod":false,"is_daily":false,"chose_seed":false,"campfire_upgraded":2,"win_rate":0,"timestamp":1552117010,"path_taken":["M","$","M","M","?","R","M","R","T","M","M","M","$","M","R","BOSS","M","$","?","M","M","R","E","M","T","?","M"],"build_version":"2019-01-23","purchased_purges":3,"victory":false,"max_hp_per_floor":[82,82,82,82,82,82,82,82,82,82,82,82,82,82,82,82,82,82,82,82,82,82,82,82,82,82,82,82],"card_choices":[{"not_picked":["Leap","Darkness"],"picked":"Reinforced Body","floor":1},{"not_picked":["Rip and Tear","Stack"],"picked":"Storm","floor":3},{"not_picked":["Skim","Steam"],"picked":"Loop","floor":4},{"not_picked":["Blizzard","Storm"],"picked":"FTL","floor":7},{"not_picked":["Go for the Eyes","Leap"],"picked":"Coolheaded","floor":10},{"not_picked":["Undo","Sweeping Beam","Static Discharge"],"picked":"SKIP","floor":11},{"not_picked":["Steam","Beam Cell","Ball Lightning"],"picked":"SKIP","floor":12},{"not_picked":["Barrage","Reinforced Body"],"picked":"White Noise","floor":14},{"not_picked":["Fission","Multi-Cast"],"picked":"Creative AI","floor":16},{"not_picked":["Coolheaded","Rebound+1"],"picked":"Capacitor","floor":18},{"not_picked":["Ball Lightning+1","Streamline"],"picked":"Reinforced Body","floor":20},{"not_picked":["Streamline+1","Skim","Steam"],"picked":"SKIP","floor":21},{"not_picked":["Streamline","Skim+1"],"picked":"Coolheaded","floor":22},{"not_picked":["Reinforced Body","Sweeping Beam"],"picked":"Biased Cognition","floor":24},{"not_picked":["Hologram","Streamline"],"picked":"BootSequence","floor":25}],"player_experience":1166111,"relics_obtained":[{"floor":9,"key":"Smiling Mask"},{"floor":24,"key":"Boot"},{"floor":26,"key":"Toxic Egg 2"}],"event_choices":[{"damage_healed":0,"gold_gain":0,"player_choice":"Rummage","damage_taken":0,"relics_obtained":["WarpedTongs"],"max_hp_gain":0,"max_hp_loss":0,"event_name":"Accursed Blacksmith","floor":5,"gold_loss":0,"cards_obtained":["Pain"]},{"damage_healed":0,"gold_gain":0,"player_choice":"Bought 0 Potions","damage_taken":0,"max_hp_gain":0,"max_hp_loss":0,"event_name":"The Woman in Blue","floor":27,"gold_loss":0}],"is_beta":false,"boss_relics":[{"not_picked":["Astrolabe","Lizard Tail"],"picked":"Sozu"}],"items_purged_floors":[2,13,19],"is_endless":false,"potions_floor_spawned":[10,11,12,16,18],"killed_by":"Snake Plant","ascension_level":0}