{"gold_per_floor":[110,120,195,120,120,120,145,67,120,295,295,310,345,37,37,135,135,148,148,160,172,195,195,227,152,152,152,152],"floor_reached":28,"playtime":988,"items_purged":["Strike_G"],"score":290,"play_id":"d35859e3-fdd5-4e4b-a20f-6c48f0a5cd76","local_time":"20190220190158","is_ascension_mode":true,"campfire_choices":[{"data":"Survivor","floor":6,"key":"SMITH"},{"data":"Infinite Blades","floor":11,"key":"SMITH"},{"floor":15,"key":"REST"},{"floor":23,"key":"REST"}],"neow_cost":"NONE","seed_source_timestamp":304298391061100,"circlet_count":0,"master_deck":["Defend_G","Defend_G","Strike_G","Strike_G","Strike_G","Survivor+1","Neutralize","Accuracy","Acrobatics","Tactician","Infinite Blades+1","Quick Slash","Cloak And Dagger","Corpse Explosion","Normality","Slice+1","Caltrops+1","Blade Dance","Dodge and Roll+1","Backflip","Backflip"],"relics":["Ring of the Snake","NeowsBlessing","Orichalcum","Potion Belt","Mercury Hourglass","Thread and Needle","Astrolabe","Juzu Bracelet","Strawberry","Bottled Tornado"],"potions_floor_usage":[13,24,24],"damage_taken":[{"damage":0,"enemies":"2 Louse","floor":1,"turns":1},{"damage":0,"enemies":"Jaw Worm","floor":2,"turns":1},{"damage":0,"enemies":"Small Slimes","floor":12,"turns":1},{"damage":33,"enemies":"Lagavulin","floor":13,"turns":9},{"damage":31,"enemies":"Slime Boss","floor":16,"turns":13},{"damage":0,"enemies":"3 Byrds","floor":18,"turns":1},{"damage":21,"enemies":"2 Thieves","floor":20,"turns":3},{"damage":14,"enemies":"Snecko","floor":21,"turns":5},{"damage":28,"enemies":"Gremlin Leader","floor":24,"turns":6},{"damage":11,"enemies":"Slavers","floor":28,"turns":1}],"seed_played":"2605913747360318037","potions_obtained":[{"floor":2,"key":"PowerPotion"},{"floor":18,"key":"LiquidBronze"},{"floor":21,"key":"Block Potion"}],"is_trial":false,"path_per_floor":["M","M","?","$","?","R","T","$","T","?","R","M","E","$","R","B",null,"M","?","M","M","T","R","E","?","T","?","E"],"character_chosen":"THE_SILENT","items_purchased":["Infinite Blades","Thread and Needle"],"campfire_rested":2,"item_purchase_floors":[8,14],"current_hp_per_floor":[70,70,59,59,59,59,59,59,59,59,59,59,26,26,47,16,57,57,44,23,9,9,31,10,10,10,10,0],"gold":152,"neow_bonus":"THREE_ENEMY_KILL","is_prod":false,"is_daily":false,"chose_seed":false,"campfire_upgraded":2,"win_rate":0,"timestamp":1550685718,"path_taken":["M","M","?","$","?","R","?","$","T","?","R","?","E","$","R","BOSS","M","?","M","M","?","R","E","?","T","?","E"],"build_version":"2019-01-23","purchased_purges":1,"victory":false,"max_hp_per_floor":[70,70,70,70,70,70,70,70,70,70,70,70,70,70,70,70,70,70,75,75,75,75,75,82,82,82,82,82],"card_choices":[{"not_picked":["Slice","Backstab"],"picked":"Accuracy","floor":1},{"not_picked":["Dagger Throw","Footwork"],"picked":"Acrobatics","floor":2},{"not_picked":["Outmaneuver","Poisoned Stab"],"picked":"Quick Slash","floor":12},{"not_picked":["Quick Slash","Skewer"],"picked":"Cloak And Dagger","floor":13},{"not_picked":["Die Die Die","A Thousand Cuts"],"picked":"Corpse Explosion","floor":16},{"not_picked":["Finisher+1","Quick Slash"],"picked":"Blade Dance","floor":18},{"not_picked":["Sucker Punch","Bane"],"picked":"Dodge and Roll+1","floor":20},{"not_picked":["Masterful Stab","Sucker Punch"],"picked":"Backflip","floor":21},{"not_picked":["Deadly Poison+1","Sucker Punch"],"picked":"Backflip","floor":24}],"player_experience":334335,"relics_obtained":[{"floor":7,"key":"Orichalcum"},{"floor":9,"key":"Potion Belt"},{"floor":13,"key":"Mercury Hourglass"},{"floor":22,"key":"Juzu Bracelet"},{"floor":24,"key":"Strawberry"},{"floor":26,"key":"Bottled Tornado"}],"event_choices":[{"damage_healed":0,"gold_gain":75,"player_choice":"Gather Gold","damage_taken":11,"max_hp_gain":0,"max_hp_loss":0,"event_name":"World of Goop","floor":3,"gold_loss":0},{"damage_healed":0,"gold_gain":0,"cards_transformed":["Defend_G"],"player_choice":"Change","damage_taken":0,"max_hp_gain":0,"max_hp_loss":0,"event_name":"Living Wall","floor":5,"gold_loss":0,"cards_obtained":["Tactician"]},{"damage_healed":0,"gold_gain":175,"player_choice":"AGREE","damage_taken":0,"max_hp_gain":0,"max_hp_loss":0,"event_name":"Liars Game","floor":10,"gold_loss":0,"cards_obtained":["Doubt"]},{"damage_healed":0,"gold_gain":0,"player_choice":"Shed Blood","damage_taken":18,"max_hp_gain":5,"max_hp_loss":0,"event_name":"Forgotten Altar","floor":19,"gold_loss":0},{"cards_removed":["Defend_G"],"damage_healed":0,"gold_gain":0,"player_choice":"Gave Gold","damage_taken":0,"max_hp_gain":0,"max_hp_loss":0,"event_name":"Beggar","floor":25,"gold_loss":75},{"damage_healed":0,"gold_gain":0,"player_choice":"Ignored","damage_taken":0,"max_hp_gain":0,"max_hp_loss":0,"event_name":"Cursed Tome","floor":27,"gold_loss":0}],"is_beta":false,"boss_relics":[{"not_picked":["Runic Pyramid","Fusion Hammer"],"picked":"Astrolabe"}],"items_purged_floors":[4],"is_endless":false,"potions_floor_spawned":[2,18,21],"killed_by":"Slavers","ascension_level":5}