{"gold_per_floor":[211,161,175,52,52,52,52,52,52,83,101,111,138,148,148,249,249,268,268,283,382,401,401,418,418,444,444,458,477,200,200,200,296,296,315,390,405,405,425,452,150,150,150,150,165,181,181,195,195,195],"floor_reached":51,"playtime":995,"items_purged":["Strike_R","Defend_R"],"score":764,"play_id":"87176792-d5b5-4cce-9dba-805d4f6b128d","local_time":"20180716201734","is_ascension_mode":false,"campfire_choices":[{"data":"Whirlwind","floor":6,"key":"SMITH"},{"data":"Bash","floor":8,"key":"SMITH"},{"floor":15,"key":"REST"},{"data":"Flex","floor":23,"key":"SMITH"},{"data":"Flex","floor":25,"key":"SMITH"},{"floor":32,"key":"REST"},{"data":"Apotheosis","floor":42,"key":"SMITH"},{"data":"Flex","floor":44,"key":"SMITH"},{"data":"Offering","floor":49,"key":"SMITH"}],"neow_cost":"NONE","seed_source_timestamp":348010896687132,"circlet_count":0,"master_deck":["Strike_R","Strike_R+1","Strike_R","Strike_R","Defend_R","Bash+1","Whirlwind+1","Flex+1","Offering+1","Flex+1","Bloodletting","Flex+1","Necronomicurse","Apotheosis+1","Heavy Blade+1","Iron Wave+1"],"relics":["Burning Blood","Bottled Lightning","Ornamental Fan","Self Forming Clay","Molten Egg 2","Mark of Pain","Strawberry","Red Skull","Necronomicon","Busted Crown","Kunai","Whetstone"],"potions_floor_usage":[16,16,16,33,33,33,35,48,50,50],"damage_taken":[{"damage":18,"enemies":"Jaw Worm","floor":1,"turns":3},{"damage":14,"enemies":"Small Slimes","floor":3,"turns":3},{"damage":20,"enemies":"Gremlin Nob","floor":10,"turns":4},{"damage":2,"enemies":"Cultist","floor":11,"turns":3},{"damage":8,"enemies":"2 Fungi Beasts","floor":12,"turns":2},{"damage":16,"enemies":"3 Sentries","floor":13,"turns":4},{"damage":5,"enemies":"Gremlin Gang","floor":14,"turns":2},{"damage":53,"enemies":"Hexaghost","floor":16,"turns":8},{"damage":4,"enemies":"3 Byrds","floor":18,"turns":2},{"damage":19,"enemies":"Shell Parasite","floor":20,"turns":4},{"damage":15,"enemies":"Chosen and Byrds","floor":22,"turns":4},{"damage":14,"enemies":"Snecko","floor":24,"turns":4},{"damage":21,"enemies":"Snake Plant","floor":28,"turns":2},{"damage":4,"enemies":"Sentry and Sphere","floor":29,"turns":2},{"damage":10,"enemies":"Champ","floor":33,"turns":6},{"damage":8,"enemies":"Orb Walker","floor":35,"turns":2},{"damage":7,"enemies":"Flame Bruiser 1 Orb","floor":37,"turns":1},{"damage":4,"enemies":"3 Darklings","floor":39,"turns":1},{"damage":3,"enemies":"2 Orb Walkers","floor":40,"turns":1},{"damage":7,"enemies":"Maw","floor":45,"turns":2},{"damage":0,"enemies":"Flame Bruiser 2 Orb","floor":46,"turns":2},{"damage":10,"enemies":"Transient","floor":48,"turns":5},{"damage":70,"enemies":"Awakened One","floor":50,"turns":8}],"seed_played":"-5007222119161366064","potions_obtained":[{"floor":1,"key":"SkillPotion"},{"floor":11,"key":"Poison Potion"},{"floor":13,"key":"Energy Potion"},{"floor":16,"key":"Dexterity Potion"},{"floor":18,"key":"EssenceOfSteel"},{"floor":24,"key":"Explosive Potion"},{"floor":29,"key":"Strength Potion"},{"floor":33,"key":"Swift Potion"},{"floor":35,"key":"EssenceOfSteel"},{"floor":37,"key":"EssenceOfSteel"},{"floor":46,"key":"SteroidPotion"}],"is_trial":false,"path_per_floor":["M","?","M","$","?","R","T","R","T","E","M","M","E","M","R","B",null,"M","?","M","?","M","R","M","R","T","?","M","M","$","?","R","B",null,"M","?","M","?","M","E","$","R","T","R","M","M","?","M","R","B"],"character_chosen":"IRONCLAD","items_purchased":["Whirlwind","FearPotion","Red Skull","Flex","Apotheosis"],"campfire_rested":2,"item_purchase_floors":[4,4,30,30,41],"current_hp_per_floor":[68,68,60,60,60,60,60,60,60,46,50,48,38,39,63,16,80,80,80,67,67,58,58,50,50,57,57,42,44,44,28,54,50,87,85,77,76,76,78,81,81,81,81,81,80,86,86,82,82,18],"gold":195,"neow_bonus":"HUNDRED_GOLD","is_prod":false,"is_daily":false,"chose_seed":false,"campfire_upgraded":7,"win_rate":0,"timestamp":1531761454,"path_taken":["M","?","?","$","?","R","?","R","T","E","M","M","E","M","R","BOSS","M","?","?","?","M","R","M","R","T","?","?","M","$","?","R","BOSS","M","?","M","?","?","E","$","R","T","R","M","M","?","M","R","BOSS"],"build_version":"2018-07-12","purchased_purges":2,"victory":true,"max_hp_per_floor":[80,80,80,80,80,80,80,80,80,80,80,80,80,80,80,80,80,80,80,80,80,80,80,80,80,87,87,87,87,87,87,87,87,87,87,87,87,87,87,87,87,87,87,87,87,87,87,87,87,87],"card_choices":[{"not_picked":["Power Through","Shrug It Off","Cleave"],"picked":"SKIP","floor":1},{"not_picked":["Cleave","Warcry"],"picked":"Pommel Strike","floor":3},{"not_picked":["Anger","Carnage","Havoc"],"picked":"SKIP","floor":10},{"not_picked":["Carnage","Pommel Strike"],"picked":"Flex","floor":11},{"not_picked":["Thunderclap","Twin Strike","Cleave"],"picked":"SKIP","floor":12},{"not_picked":["Dual Wield","Reaper","Havoc"],"picked":"SKIP","floor":13},{"not_picked":["Rage","Body Slam+1","Wild Strike+1"],"picked":"SKIP","floor":14},{"not_picked":["Juggernaut","Exhume"],"picked":"Offering","floor":16},{"not_picked":["Clothesline+1","Anger+1","Cleave+1"],"picked":"SKIP","floor":18},{"not_picked":["Havoc","Fire Breathing+1","Cleave+1"],"picked":"SKIP","floor":20},{"not_picked":["Infernal Blade","Pommel Strike+1","Wild Strike+1"],"picked":"SKIP","floor":22},{"not_picked":["Seeing Red","Battle Trance"],"picked":"Flex","floor":24},{"not_picked":["Ghostly Armor","Armaments","Inflame"],"picked":"SKIP","floor":28},{"not_picked":["Wild Strike+1","Clothesline+1"],"picked":"Bloodletting","floor":29},{"not_picked":["Wild Strike+1"],"picked":"SKIP","floor":35},{"not_picked":["Body Slam+1"],"picked":"SKIP","floor":37},{"not_picked":["Rampage+1"],"picked":"SKIP","floor":39},{"not_picked":["Evolve+1"],"picked":"SKIP","floor":40},{"not_picked":[],"picked":"Heavy Blade+1","floor":45},{"not_picked":[],"picked":"Iron Wave+1","floor":46},{"not_picked":["Anger+1"],"picked":"SKIP","floor":48}],"player_experience":110562,"relics_obtained":[{"floor":7,"key":"Bottled Lightning"},{"floor":9,"key":"Ornamental Fan"},{"floor":10,"key":"Self Forming Clay"},{"floor":13,"key":"Molten Egg 2"},{"floor":26,"key":"Strawberry"},{"floor":31,"key":"Necronomicon"},{"floor":40,"key":"Kunai"},{"floor":43,"key":"Whetstone"}],"event_choices":[{"event_name":"The Cleric","player_choice":"Card Removal","floor":2,"damage_taken":0},{"event_name":"Accursed Blacksmith","player_choice":"Ignore","floor":5,"damage_taken":0},{"event_name":"Back to Basics","player_choice":"Elegance","floor":19,"damage_taken":0},{"event_name":"Nest","player_choice":"Stole From Cult","floor":21,"damage_taken":0},{"event_name":"Ghosts","player_choice":"Ignored","floor":27,"damage_taken":0},{"event_name":"Cursed Tome","player_choice":"Obtained Book","floor":31,"damage_taken":0},{"event_name":"FaceTrader","player_choice":"Touch","floor":36,"damage_taken":0},{"event_name":"SensoryStone","player_choice":"Memory 1","floor":38,"damage_taken":0},{"event_name":"Falling","player_choice":"Removed Attack","floor":47,"damage_taken":0}],"boss_relics":[{"not_picked":["White Beast Statue","Black Star"],"picked":"Mark of Pain"},{"not_picked":["Lizard Tail","Runic Cube"],"picked":"Busted Crown"}],"items_purged_floors":[30,41],"is_endless":false,"potions_floor_spawned":[1,11,13,16,18,24,29,33,35,37,46],"ascension_level":0}