{"path_per_floor":["M","?","M","$","?","R","M","E","T","M","R","M","M","E","R","B",null,"M","?","M","M","M","R","M","E","T","R","M","M","M","$","R","B",null,"M","$","M","$","M","R","M","M","T","?","R","M","R","?","R","B"],"character_chosen":"IRONCLAD","items_purchased":["Battle Trance","Inflame","Reaper","Vajra","Inflame"],"gold_per_floor":[115,190,204,58,58,58,72,107,107,126,126,138,150,177,177,282,282,300,300,317,335,347,347,362,391,391,391,406,420,433,122,122,224,224,240,240,253,214,232,232,243,263,263,263,263,277,277,277,277,277],"floor_reached":51,"campfire_rested":0,"playtime":2093,"current_hp_per_floor":[80,69,69,69,74,74,74,49,49,51,51,53,51,29,29,21,85,85,85,83,85,78,78,84,79,79,79,81,83,78,78,78,29,85,78,78,80,80,82,82,85,85,85,85,85,85,85,85,85,64],"items_purged":["Strike_R"],"gold":277,"score":710,"play_id":"c7558708-724f-4141-bb7f-33e38d98e67b","local_time":"20180507133726","is_prod":false,"is_daily":false,"chose_seed":false,"is_ascension_mode":false,"campfire_upgraded":10,"timestamp":1525714646,"path_taken":["M","?","M","?","?","R","M","E","T","?","R","M","M","E","R","BOSS","M","?","?","M","?","R","M","E","T","R","M","M","M","$","R","BOSS","M","$","M","$","M","R","M","?","T","?","R","M","R","?","R","BOSS"],"build_version":"2018-05-03","seed_source_timestamp":485386760190135,"purchased_purges":1,"victory":true,"master_deck":["Strike_R+1","Strike_R+1","Strike_R+1","Strike_R+1","Defend_R+1","Defend_R+1","Defend_R+1","Defend_R+1","Bash+1","Pommel Strike","Cleave","Battle Trance+1","Limit Break+1","Flex+1","Offering+1","Immolate+1","Bloodletting+1","Heavy Blade+1","Rampage+1","Pommel Strike+1","Battle Trance+1","Second Wind+1","Inflame+1","Reaper+1","Offering+1","Shrug It Off+1","Anger+1","Inflame","Feel No Pain+1","Flex+1","Dual Wield+1"],"max_hp_per_floor":[80,80,80,80,85,85,85,85,85,85,85,85,85,85,85,85,85,85,85,85,85,85,85,85,85,85,85,85,85,85,85,85,85,85,85,85,85,85,85,85,85,85,85,85,85,85,85,85,85,85],"relics":["Burning Blood","Letter Opener","Molten Egg 2","Ancient Tea Set","Runic Dome","Unceasing Top","Bottled Lightning","Vajra","Cursed Key"],"card_choices":[{"not_picked":["Clash","Anger"],"picked":"Pommel Strike","floor":1},{"not_picked":["Evolve","Clash"],"picked":"Cleave","floor":3},{"not_picked":["Twin Strike","Rupture"],"picked":"Limit Break","floor":8},{"not_picked":["Thunderclap","Body Slam"],"picked":"Flex","floor":12},{"not_picked":["Clash","Havoc"],"picked":"Offering","floor":14},{"not_picked":["Brutality","Limit Break"],"picked":"Immolate","floor":16},{"not_picked":["Armaments","Flame Barrier"],"picked":"Bloodletting","floor":18},{"not_picked":["Intimidate","Burning Pact"],"picked":"Heavy Blade","floor":20},{"not_picked":["Warcry","Havoc"],"picked":"Rampage","floor":21},{"not_picked":["True Grit","Seeing Red"],"picked":"Pommel Strike","floor":22},{"not_picked":["Uppercut","Sword Boomerang"],"picked":"Battle Trance","floor":25},{"not_picked":["Wild Strike","Infernal Blade"],"picked":"Second Wind","floor":28},{"not_picked":["Exhume","Juggernaut"],"picked":"Offering","floor":33},{"not_picked":["Thunderclap","Perfected Strike"],"picked":"Shrug It Off","floor":35},{"not_picked":["Iron Wave","Warcry"],"picked":"Anger","floor":37},{"not_picked":["Thunderclap","Perfected Strike"],"picked":"Feel No Pain","floor":41},{"not_picked":["Havoc","Perfected Strike"],"picked":"Flex","floor":42},{"not_picked":["Ghostly Armor","Shrug It Off"],"picked":"Dual Wield","floor":46}],"player_experience":535963,"potions_floor_usage":[16,24,25,33,50,50],"damage_taken":[{"damage":5,"enemies":"2 Louse","floor":1,"turns":4},{"damage":6,"enemies":"Cultist","floor":3,"turns":3},{"damage":6,"enemies":"Jaw Worm","floor":7,"turns":4},{"damage":31,"enemies":"Lagavulin","floor":8,"turns":7},{"damage":4,"enemies":"2 Fungi Beasts","floor":10,"turns":3},{"damage":4,"enemies":"Blue Slaver","floor":12,"turns":4},{"damage":8,"enemies":"Gremlin Gang","floor":13,"turns":3},{"damage":28,"enemies":"Gremlin Nob","floor":14,"turns":4},{"damage":14,"enemies":"Hexaghost","floor":16,"turns":7},{"damage":0,"enemies":"Spheric Guardian","floor":18,"turns":3},{"damage":8,"enemies":"Shell Parasite","floor":20,"turns":2},{"damage":4,"enemies":"Centurion and Healer","floor":21,"turns":3},{"damage":13,"enemies":"Snake Plant","floor":22,"turns":2},{"damage":0,"enemies":"Slaver and Parasite","floor":24,"turns":2},{"damage":11,"enemies":"Slavers","floor":25,"turns":3},{"damage":4,"enemies":"Chosen and Byrds","floor":28,"turns":1},{"damage":4,"enemies":"Centurion and Healer","floor":29,"turns":2},{"damage":11,"enemies":"Sentry and Sphere","floor":30,"turns":4},{"damage":77,"enemies":"Champ","floor":33,"turns":7},{"damage":13,"enemies":"3 Darklings","floor":35,"turns":2},{"damage":4,"enemies":"Orb Walker","floor":37,"turns":2},{"damage":4,"enemies":"4 Shapes","floor":39,"turns":1},{"damage":4,"enemies":"3 Darklings","floor":41,"turns":2},{"damage":8,"enemies":"Maw","floor":42,"turns":4},{"damage":0,"enemies":"Sphere and 2 Shapes","floor":46,"turns":1},{"damage":71,"enemies":"Donu and Deca","floor":50,"turns":8}],"event_choices":[{"event_name":"World of Goop","player_choice":"Gather Gold","floor":2,"damage_taken":0},{"event_name":"Big Fish","player_choice":"Donut","floor":5,"damage_taken":0},{"event_name":"Back to Basics","player_choice":"Simplicity","floor":19,"damage_taken":0},{"event_name":"Tomb of Lord Red Mask","player_choice":"Ignored","floor":44,"damage_taken":0},{"event_name":"Mysterious Sphere","player_choice":"Ignore","floor":48,"damage_taken":0}],"boss_relics":[{"not_picked":["Snecko Eye","Runic Pyramid"],"picked":"Runic Dome"},{"not_picked":["Velvet Choker","Black Star"],"picked":"Cursed Key"}],"potions_floor_spawned":[8,12,13,14,21,22,28,33,39,41],"seed_played":"-7772656132523786046","ascension_level":0,"is_trial":false}