{"gold_per_floor":[109,124,199,216,231,259,259,277,348,383,345,31,31,47,47,172,172,185,185,198,214,235,235,273,273,273,291,312,335,335,18,18,141,141,162,183,1182,1182,1182,1182,1216,1239,1262,1262,1278,848,864,82,82,82],"floor_reached":51,"playtime":13031,"items_purged":["Strike_G","Strike_G"],"score":711,"play_id":"2469a726-82fa-4f1a-b3ca-c785e39b2060","local_time":"20190201190817","is_ascension_mode":false,"campfire_choices":[{"floor":13.0,"key":"REST"},{"data":"Glass Knife","floor":15.0,"key":"SMITH"},{"data":"Backstab","floor":23.0,"key":"SMITH"},{"data":"Backstab","floor":25.0,"key":"SMITH"},{"data":"Leg Sweep","floor":30.0,"key":"SMITH"},{"data":"Dagger Spray","floor":32.0,"key":"SMITH"},{"data":"Endless Agony","floor":40.0,"key":"SMITH"},{"data":"Trip","floor":44,"key":"SMITH"},{"data":"Thinking Ahead","floor":49,"key":"SMITH"}],"neow_cost":"NONE","seed_source_timestamp":0,"circlet_count":0,"master_deck":["Defend_G","Defend_G","Defend_G","Defend_G","Defend_G","Strike_G","Strike_G","Strike_G","Survivor","Neutralize+1","Dagger Spray+1","PiercingWail","Deflect","Glass Knife+1","Sucker Punch","Leg Sweep+1","Endless Agony+1","Footwork+1","Footwork+1","Tools of the Trade+1","Dodge and Roll","Trip+1","Backstab+1","Expertise+1","Dagger Throw+1","Backstab+1","Terror","Noxious Fumes+1","Unload+1","Footwork+1","After Image+1","Slice+1","All Out Attack+1","Swift Strike+1","Terror","Blur+1","Eviscerate+1","Caltrops+1","Underhanded Strike+1","Heel Hook+1","Die Die Die+1","Caltrops+1","Thinking Ahead+1","Bane+1"],"special_seed":0,"relics":["Ring of the Snake","Shuriken","Golden Idol","Blue Candle","Mango","Frozen Egg 2","Eternal Feather","PreservedInsect","Molten Egg 2","HandDrill","Velvet Choker","Bag of Marbles","Anchor","OrangePellets","Letter Opener"],"potions_floor_usage":[47,50,50,50],"damage_taken":[{"damage":2.0,"enemies":"Jaw Worm","floor":1.0,"turns":5.0},{"damage":0.0,"enemies":"Cultist","floor":2.0,"turns":3.0},{"damage":0.0,"enemies":"2 Louse","floor":4.0,"turns":2.0},{"damage":7.0,"enemies":"Large Slime","floor":5.0,"turns":11.0},{"damage":18.0,"enemies":"3 Sentries","floor":6.0,"turns":8.0},{"damage":0.0,"enemies":"Exordium Wildlife","floor":8.0,"turns":5.0},{"damage":20.0,"enemies":"Gremlin Nob","floor":10.0,"turns":5.0},{"damage":0.0,"enemies":"Red Slaver","floor":14.0,"turns":2.0},{"damage":4.0,"enemies":"Hexaghost","floor":16.0,"turns":11.0},{"damage":0.0,"enemies":"Spheric Guardian","floor":18.0,"turns":6.0},{"damage":1.0,"enemies":"2 Thieves","floor":20.0,"turns":4.0},{"damage":3.0,"enemies":"3 Cultists","floor":21.0,"turns":5.0},{"damage":10.0,"enemies":"Snecko","floor":22.0,"turns":11.0},{"damage":11.0,"enemies":"Book of Stabbing","floor":24.0,"turns":6.0},{"damage":16.0,"enemies":"Snake Plant","floor":27.0,"turns":3.0},{"damage":1.0,"enemies":"Centurion and Healer","floor":28.0,"turns":7.0},{"damage":11.0,"enemies":"3 Cultists","floor":29.0,"turns":5.0},{"damage":41.0,"enemies":"Champ","floor":33.0,"turns":12.0},{"damage":0.0,"enemies":"3 Shapes","floor":35.0,"turns":5.0},{"damage":19.0,"enemies":"3 Darklings","floor":36.0,"turns":5.0},{"damage":9.0,"enemies":"Nemesis","floor":41.0,"turns":5.0},{"damage":1,"enemies":"Sphere and 2 Shapes","floor":42,"turns":6},{"damage":2,"enemies":"Maw","floor":45,"turns":7},{"damage":0,"enemies":"4 Shapes","floor":47,"turns":5},{"damage":75,"enemies":"Awakened One","floor":50,"turns":13}],"seed_played":"8030472840252294466","potions_obtained":[{"floor":4.0,"key":"Weak Potion"},{"floor":8.0,"key":"Explosive Potion"},{"floor":14.0,"key":"AttackPotion"},{"floor":16.0,"key":"Weak Potion"},{"floor":21.0,"key":"Fruit Juice"},{"floor":22.0,"key":"PowerPotion"},{"floor":27.0,"key":"Dexterity Potion"},{"floor":29.0,"key":"FearPotion"},{"floor":33.0,"key":"Dexterity Potion"},{"floor":36.0,"key":"Poison Potion"},{"floor":45,"key":"PowerPotion"}],"is_trial":false,"path_per_floor":["M","M","?","M","M","E","?","M","T","E","?","$","R","M","R","B",null,"M","?","M","M","M","R","E","R","T","M","M","M","R","$","R","B",null,"M","M","?","?","?","R","E","M","T","R","M","$","M","$","R","B",null],"character_chosen":"THE_SILENT","items_purchased":["Frozen Egg 2","Footwork+1","Footwork+1","HandDrill","OrangePellets","Caltrops+1","Underhanded Strike+1","AttackPotion","Poison Potion","Die Die Die+1","Caltrops+1","Thinking Ahead","Letter Opener","Bane+1"],"campfire_rested":1,"item_purchase_floors":[12,12,31,31,46,46,46,48,48,48,48,48,48,48],"current_hp_per_floor":[68,68,61,61,54,36,36,36,36,30,30,30,53,53,53,49,79,79,65,64,61,51,66,55,70,70,54,53,47,65,65,83,42,84,84,65,65,65,65,84,75,74,74,84,82,82,82,82,84,9],"gold":82,"neow_bonus":"UPGRADE_CARD","is_prod":false,"is_daily":false,"chose_seed":false,"campfire_upgraded":8,"win_rate":0.0,"timestamp":1549076897,"path_taken":["M","M","?","M","?","E","?","M","T","E","?","?","R","M","R","BOSS","M","?","M","?","M","R","E","R","T","M","M","M","R","?","R","BOSS","M","M","?","?","?","R","E","M","T","R","M","$","M","$","R","BOSS"],"build_version":"2019-01-23","purchased_purges":2,"victory":true,"max_hp_per_floor":[70,70,70,70,70,70,65,65,65,79,79,79,79,79,79,79,79,79,79,79,79,79,79,79,79,79,79,79,84,84,84,84,84,84,84,84,84,84,84,84,84,84,84,84,84,84,84,84,84,84],"card_choices":[{"not_picked":["Dagger Throw","Deadly Poison"],"picked":"Dagger Spray","floor":1.0},{"not_picked":["Dagger Throw","Sucker Punch"],"picked":"PiercingWail","floor":2.0},{"not_picked":["Outmaneuver","Dagger Spray"],"picked":"Deflect","floor":4.0},{"not_picked":["Leg Sweep","Eviscerate"],"picked":"Glass Knife","floor":5.0},{"not_picked":["Poisoned Stab","Outmaneuver"],"picked":"Sucker Punch","floor":6.0},{"not_picked":["Deflect","Reflex"],"picked":"Leg Sweep","floor":8.0},{"not_picked":["Noxious Fumes","Dodge and Roll"],"picked":"Endless Agony","floor":10.0},{"not_picked":["Deflect","Sucker Punch"],"picked":"Footwork+1","floor":14.0},{"not_picked":["Unload","Doppelganger"],"picked":"Tools of the Trade+1","floor":16.0},{"not_picked":["Quick Slash","Prepared"],"picked":"Dodge and Roll","floor":18.0},{"not_picked":["Calculated Gamble","Bane+1"],"picked":"Backstab","floor":20.0},{"not_picked":["Catalyst","Prepared"],"picked":"Expertise+1","floor":21.0},{"not_picked":["Sucker Punch","Deadly Poison"],"picked":"Dagger Throw+1","floor":22.0},{"not_picked":["Predator","Underhanded Strike"],"picked":"Backstab","floor":24.0},{"not_picked":["Escape Plan+1","Prepared"],"picked":"Terror","floor":27.0},{"not_picked":["Eviscerate+1","Prepared+1"],"picked":"Noxious Fumes+1","floor":28.0},{"not_picked":["Bane+1","Dodge and Roll"],"picked":"Unload+1","floor":29.0},{"not_picked":["Phantasmal Killer","Bullet Time"],"picked":"After Image+1","floor":33.0},{"not_picked":["Quick Slash+1","Catalyst"],"picked":"Slice+1","floor":35.0},{"not_picked":["Flying Knee+1","Sucker Punch+1"],"picked":"All Out Attack+1","floor":36.0},{"not_picked":["Bandage Up","Impatience"],"picked":"Swift Strike+1","floor":38.0},{"not_picked":["Blade Dance","Dagger Spray+1"],"picked":"Terror","floor":41},{"not_picked":["Dagger Spray+1","Masterful Stab+1"],"picked":"Blur+1","floor":42},{"not_picked":["Dodge and Roll+1","Blade Dance"],"picked":"Eviscerate+1","floor":45},{"not_picked":["Backstab+1","Doppelganger"],"picked":"Heel Hook+1","floor":47}],"player_experience":91583,"relics_obtained":[{"floor":6.0,"key":"Shuriken"},{"floor":9.0,"key":"Blue Candle"},{"floor":10.0,"key":"Mango"},{"floor":24.0,"key":"PreservedInsect"},{"floor":26.0,"key":"Molten Egg 2"},{"floor":41,"key":"Bag of Marbles"},{"floor":43,"key":"Anchor"}],"event_choices":[{"damage_healed":0.0,"max_hp_gain":0.0,"max_hp_loss":0.0,"gold_gain":75.0,"event_name":"FaceTrader","player_choice":"Touch","floor":3.0,"gold_loss":0.0,"damage_taken":7.0},{"damage_healed":0.0,"max_hp_gain":0.0,"max_hp_loss":5.0,"gold_gain":0.0,"event_name":"Golden Idol","player_choice":"Lose Max HP","floor":7.0,"gold_loss":0.0,"damage_taken":0.0,"relics_obtained":["Golden Idol"]},{"damage_healed":0.0,"max_hp_gain":0.0,"max_hp_loss":0.0,"gold_gain":0.0,"event_name":"World of Goop","player_choice":"Left Gold","floor":11.0,"gold_loss":38.0,"damage_taken":0.0},{"damage_healed":0.0,"max_hp_gain":0.0,"max_hp_loss":0.0,"gold_gain":0.0,"event_name":"Knowing Skull","player_choice":"CARD ","floor":19.0,"potions_obtained":[],"gold_loss":0.0,"damage_taken":14.0,"cards_obtained":["Trip"]},{"damage_healed":0.0,"max_hp_gain":0.0,"max_hp_loss":0.0,"gold_gain":999.0,"event_name":"MindBloom","player_choice":"Gold","floor":37.0,"gold_loss":0.0,"damage_taken":0.0,"cards_obtained":["Normality","Normality"]},{"damage_healed":0.0,"max_hp_gain":0.0,"max_hp_loss":0.0,"gold_gain":0.0,"event_name":"SensoryStone","player_choice":"Memory 1","floor":38.0,"gold_loss":0.0,"damage_taken":0.0},{"cards_removed":["Normality","Normality"],"damage_healed":0.0,"max_hp_gain":0.0,"max_hp_loss":0.0,"gold_gain":0.0,"event_name":"Fountain of Cleansing","player_choice":"Removed Curses","floor":39.0,"gold_loss":0.0,"damage_taken":0.0}],"is_beta":false,"boss_relics":[{"not_picked":["Snecko Eye","Fusion Hammer"],"picked":"Eternal Feather"},{"not_picked":["Busted Crown","Sozu"],"picked":"Velvet Choker"}],"items_purged_floors":[31,46],"is_endless":false,"potions_floor_spawned":[4,8,14,16,21,22,27,29,33,36,45],"ascension_level":0}