{"path_per_floor":["M","M","M","?","M","R","E","M","T","M","R","M","T","M","R"],"character_chosen":"THE_SILENT","items_purchased":[],"gold_per_floor":[118,130,141,141,161,161,195,211,237,251,251,269,296,308,308,308],"floor_reached":16,"campfire_rested":1,"playtime":1080,"current_hp_per_floor":[70,68,68,61,59,59,40,40,40,40,40,28,28,25,46,0],"items_purged":[],"gold":308,"score":133,"play_id":"58185acf-9882-450c-b404-476ad762e78b","local_time":"20180503204008","is_prod":false,"is_daily":false,"chose_seed":false,"is_ascension_mode":true,"campfire_upgraded":2,"timestamp":1525394408,"path_taken":["M","?","M","?","M","R","E","M","T","M","R","M","?","M","R","BOSS"],"build_version":"2018-04-28v2","seed_source_timestamp":166160372527848,"purchased_purges":0,"victory":false,"master_deck":["Defend_G","Defend_G","Defend_G","Defend_G","Defend_G","Strike_G","Strike_G+1","Strike_G+1","Strike_G","Survivor","Neutralize","Poisoned Stab","Well Laid Plans","Underhanded Strike+1","Acrobatics+1","Dagger Throw","Backflip","Backflip","Expertise","Riddle With Holes"],"max_hp_per_floor":[70,70,70,70,70,70,70,70,70,70,70,70,70,70,70,70],"relics":["Ring of the Snake","Whetstone","Happy Flower","Dream Catcher"],"card_choices":[{"not_picked":["Masterful Stab","Heel Hook"],"picked":"Poisoned Stab","floor":1},{"not_picked":["Setup","Bane"],"picked":"Well Laid Plans","floor":2},{"not_picked":["Catalyst","Slice"],"picked":"Underhanded Strike","floor":3},{"not_picked":["Bane","Reflex"],"picked":"Acrobatics","floor":5},{"not_picked":["Slice","Cloak And Dagger"],"picked":"Dagger Throw","floor":7},{"not_picked":["Heel Hook","Poisoned Stab"],"picked":"Backflip","floor":8},{"not_picked":["Deadly Poison","Dagger Spray"],"picked":"Backflip","floor":12},{"not_picked":["Distraction","Dagger Spray"],"picked":"Expertise","floor":14},{"not_picked":["Well Laid Plans","Masterful Stab"],"picked":"Riddle With Holes","floor":15}],"player_experience":408108,"potions_floor_usage":[5,7,10,16,16],"damage_taken":[{"damage":0,"enemies":"Cultist","floor":1,"turns":6},{"damage":2,"enemies":"2 Louse","floor":2,"turns":4},{"damage":0,"enemies":"Jaw Worm","floor":3,"turns":4},{"damage":2,"enemies":"Exordium Wildlife","floor":5,"turns":5},{"damage":19,"enemies":"Gremlin Nob","floor":7,"turns":4},{"damage":0,"enemies":"3 Louse","floor":8,"turns":2},{"damage":0,"enemies":"Looter","floor":10,"turns":2},{"damage":12,"enemies":"Large Slime","floor":12,"turns":4},{"damage":3,"enemies":"Blue Slaver","floor":14,"turns":4},{"damage":55,"enemies":"Slime Boss","floor":16,"turns":7}],"event_choices":[{"event_name":"Golden Wing","player_choice":"Card Removal","floor":4,"damage_taken":0}],"boss_relics":[],"potions_floor_spawned":[2,3,7,10,12],"seed_played":"1644231068215504617","killed_by":"Slime Boss","ascension_level":5,"is_trial":false}