{"gold_per_floor":[118,118,129,129,139,139,155,171,171,171,189,114,161,336,336,336],"floor_reached":16,"playtime":805,"items_purged":["Defend_R"],"score":122,"play_id":"7514958d-8a52-4b53-a2bf-8a7d12a96405","local_time":"20180712214751","is_ascension_mode":true,"campfire_choices":[{"floor":6,"key":"REST"},{"data":"Flex","floor":10,"key":"SMITH"},{"data":"Body Slam","floor":15,"key":"SMITH"}],"neow_cost":"FIFTY_PERCENT_DAMAGE","seed_source_timestamp":181840092904126,"circlet_count":0,"master_deck":["Strike_R","Strike_R","Strike_R","Strike_R","Defend_R+1","Defend_R","Defend_R+1","Bash","Body Slam+1","Iron Wave","Flex+1","Cleave","Dropkick","Doubt"],"relics":["Burning Blood","Gremlin Horn","Pen Nib"],"potions_floor_usage":[16,16,16],"damage_taken":[{"damage":1,"enemies":"Small Slimes","floor":1,"turns":4},{"damage":3,"enemies":"Jaw Worm","floor":3,"turns":5},{"damage":0,"enemies":"2 Louse","floor":5,"turns":2},{"damage":16,"enemies":"Blue Slaver","floor":7,"turns":4},{"damage":10,"enemies":"Looter","floor":8,"turns":3},{"damage":4,"enemies":"Exordium Wildlife","floor":11,"turns":3},{"damage":62,"enemies":"Hexaghost","floor":16,"turns":11}],"seed_played":"-8790211343632974405","potions_obtained":[{"floor":1,"key":"Block Potion"},{"floor":3,"key":"SpeedPotion"},{"floor":8,"key":"FearPotion"}],"is_trial":false,"path_per_floor":["M","?","M","?","M","R","M","M","T","R","M","$","T","?","R"],"character_chosen":"IRONCLAD","items_purchased":[],"campfire_rested":1,"item_purchase_floors":[],"current_hp_per_floor":[53,34,37,37,43,71,61,57,57,57,59,59,59,59,59,0],"gold":336,"neow_bonus":"TWENTY_PERCENT_HP_BONUS","is_prod":false,"is_daily":false,"chose_seed":false,"campfire_upgraded":2,"win_rate":0,"timestamp":1531457271,"path_taken":["M","?","M","?","M","R","M","?","T","R","M","$","?","?","R","BOSS"],"build_version":"2018-07-12","purchased_purges":1,"victory":false,"max_hp_per_floor":[96,96,96,96,96,96,96,96,96,96,96,96,96,96,96,96],"card_choices":[{"not_picked":["Combust","Power Through"],"picked":"Body Slam","floor":1},{"not_picked":["Whirlwind","Disarm"],"picked":"Iron Wave","floor":3},{"not_picked":["Shockwave","Anger"],"picked":"Flex","floor":5},{"not_picked":["Anger","Iron Wave"],"picked":"Cleave","floor":7},{"not_picked":["Heavy Blade","Perfected Strike"],"picked":"Dropkick","floor":8},{"not_picked":["Twin Strike","Warcry","Disarm"],"picked":"SKIP","floor":11}],"player_experience":31101,"relics_obtained":[{"floor":9,"key":"Gremlin Horn"},{"floor":13,"key":"Pen Nib"}],"event_choices":[{"event_name":"Shining Light","player_choice":"Entered Light","floor":2,"damage_taken":0},{"event_name":"Living Wall","player_choice":"Forget","floor":4,"damage_taken":0},{"event_name":"Liars Game","player_choice":"agreed","floor":14,"damage_taken":0}],"boss_relics":[],"items_purged_floors":[12],"is_endless":false,"potions_floor_spawned":[1,3,8],"killed_by":"Hexaghost","ascension_level":1}