{"path_per_floor":["M","?","T","?","M","R","E","?","T","M","$","M","M","M","R"],"character_chosen":"IRONCLAD","items_purchased":["Bloodletting"],"gold_per_floor":[115,115,115,115,131,131,165,165,218,239,93,108,129,153,153],"floor_reached":16,"campfire_rested":1,"playtime":1354,"current_hp_per_floor":[69,69,69,49,55,55,36,20,20,33,33,28,25,13,52],"items_purged":["Strike_R"],"gold":153,"play_id":"b57e51d0-1472-4dac-a9b8-518e87b2a86b","is_prod":false,"is_daily":false,"campfire_rituals":0,"campfire_upgraded":1,"is_hardmode":false,"path_taken":["M","?","?","?","M","R","E","?","T","M","?","?","?","M","R","BOSS"],"build_version":"2018-01-11-PROD2","purchased_purges":1,"victory":false,"master_deck":["Strike_R","Strike_R","Strike_R","Strike_R","Defend_R","Defend_R","Defend_R","Defend_R","Bash","Thunderclap","Dropkick","Dual Wield","Warcry","Shrug It Off","Bloodletting","Burning Pact","Seeing Red","Anger"],"max_hp_per_floor":[80,80,80,80,80,80,80,80,80,80,80,80,80,80,80],"relics":["Burning Blood","Regal Pillow","Golden Idol","Ancient Tea Set","Blood Vial"],"campfire_meditates":0,"card_choices":[{"not_picked":["Clothesline","Intimidate"],"picked":"Thunderclap"},{"not_picked":["True Grit","Warcry"],"picked":"Dropkick"},{"not_picked":["Sword Boomerang","Barricade"],"picked":"Dual Wield"},{"not_picked":["Flame Barrier","Sword Boomerang"],"picked":"Warcry"},{"not_picked":["Heavy Blade","Feel No Pain"],"picked":"Shrug It Off"},{"not_picked":["Demon Form","Warcry"],"picked":"Burning Pact"},{"not_picked":["True Grit","Blood for Blood"],"picked":"Seeing Red"},{"not_picked":["Impervious","Sever Soul"],"picked":"Anger"}],"player_experience":39119,"potions_floor_usage":[10],"damage_taken":[{"damage":17,"enemies":"Small Slimes","floor":1,"turns":3},{"damage":0,"enemies":"2 Louse","floor":5,"turns":3},{"damage":25,"enemies":"Gremlin Nob","floor":7,"turns":4},{"damage":4,"enemies":"Blue Slaver","floor":10,"turns":4},{"damage":13,"enemies":"2 Fungi Beasts","floor":12,"turns":5},{"damage":11,"enemies":"Exordium Wildlife","floor":13,"turns":7},{"damage":20,"enemies":"Large Slime","floor":14,"turns":7},{"damage":45,"enemies":"Slime Boss","floor":16,"turns":9}],"event_choices":[{"event_name":"Living Wall","player_choice":"Grow","floor":2,"damage_taken":0},{"event_name":"Golden Idol","player_choice":"Take Damage","floor":4,"damage_taken":0},{"event_name":"Shining Light","player_choice":"Entered Light","floor":8,"damage_taken":0}],"boss_relics":[],"potions_floor_spawned":[1,7,14],"seed_played":"1943298110387427011","killed_by":"Slime Boss","is_trial":false}