{"gold_per_floor":[118,137,10,30,44,44,44,72,98,98,111,111,130,156,156,235,235,254,272,26,40,40,67,67],"floor_reached":24,"playtime":931,"items_purged":["Strike_B"],"score":500,"play_id":"74f3e365-c503-4499-b581-04a559ef9e7b","local_time":"20190308173523","is_ascension_mode":true,"campfire_choices":[{"data":"Sunder","floor":6,"key":"SMITH"},{"data":"Zap","floor":10,"key":"SMITH"},{"data":"Fusion","floor":12,"key":"SMITH"},{"data":"Darkness","floor":15,"key":"SMITH"}],"neow_cost":"NONE","seed_source_timestamp":409008925342419,"circlet_count":0,"master_deck":["AscendersBane","Strike_B","Strike_B","Strike_B","Defend_B","Defend_B","Defend_B","Defend_B","Zap+1","Dualcast","Turbo","Go for the Eyes","Cold Snap","Sunder+1","Hologram","Coolheaded","Static Discharge","Fusion+1","Cold Snap","Darkness+1","Echo Form","Lockon","Steam Power","White Noise","Ball Lightning"],"relics":["Cracked Core","Bag of Preparation","Bronze Scales","Strawberry","Boot","Incense Burner","Runic Pyramid","Vajra","Orichalcum"],"potions_floor_usage":[13,16,23],"damage_taken":[{"damage":6,"enemies":"Cultist","floor":1,"turns":3},{"damage":0,"enemies":"Jaw Worm","floor":2,"turns":3},{"damage":5,"enemies":"2 Louse","floor":4,"turns":2},{"damage":7,"enemies":"Looter","floor":5,"turns":3},{"damage":18,"enemies":"Gremlin Nob","floor":8,"turns":4},{"damage":3,"enemies":"3 Louse","floor":11,"turns":3},{"damage":0,"enemies":"Exordium Thugs","floor":13,"turns":2},{"damage":2,"enemies":"Lagavulin","floor":14,"turns":7},{"damage":0,"enemies":"Slime Boss","floor":16,"turns":4},{"damage":5,"enemies":"Chosen","floor":18,"turns":4},{"damage":0,"enemies":"Spheric Guardian","floor":19,"turns":3},{"damage":0,"enemies":"Chosen and Byrds","floor":21,"turns":3},{"damage":50,"enemies":"Gremlin Leader","floor":23,"turns":4},{"damage":15,"enemies":"Centurion and Healer","floor":24,"turns":2}],"seed_played":"-8541258748786435348","potions_obtained":[{"floor":5,"key":"Swift Potion"},{"floor":11,"key":"Fire Potion"},{"floor":14,"key":"FocusPotion"},{"floor":16,"key":"LiquidBronze"},{"floor":21,"key":"Strength Potion"}],"is_trial":false,"path_per_floor":["M","M","$","M","M","R","?","E","T","R","M","R","M","E","R","B",null,"M","M","$","M","$","E","M"],"character_chosen":"DEFECT","items_purchased":["Cold Snap","Sunder","Vajra"],"campfire_rested":0,"item_purchase_floors":[3,3,20],"current_hp_per_floor":[58,58,58,53,46,46,46,35,35,35,32,32,32,30,30,30,66,61,61,61,61,61,11,0],"gold":67,"neow_bonus":"RANDOM_COMMON_RELIC","is_prod":false,"is_daily":false,"chose_seed":false,"campfire_upgraded":4,"win_rate":0,"timestamp":1552084523,"path_taken":["M","M","$","M","M","R","?","E","T","R","?","R","M","E","R","BOSS","M","M","$","M","?","E","M"],"build_version":"2019-01-23","purchased_purges":1,"victory":false,"max_hp_per_floor":[71,71,71,71,71,71,71,78,78,78,78,78,78,78,78,78,78,78,78,78,78,78,78,78],"card_choices":[{"not_picked":["Hologram","Gash"],"picked":"Turbo","floor":1},{"not_picked":["Coolheaded","Leap"],"picked":"Go for the Eyes","floor":2},{"not_picked":["Barrage","Stack"],"picked":"Hologram","floor":4},{"not_picked":["Go for the Eyes","Stack"],"picked":"Coolheaded","floor":5},{"not_picked":["Go for the Eyes","Double Energy"],"picked":"Static Discharge","floor":8},{"not_picked":["Cold Snap","Beam Cell"],"picked":"Fusion","floor":11},{"not_picked":["Hologram","Sunder"],"picked":"Cold Snap","floor":13},{"not_picked":["Cold Snap","Hologram"],"picked":"Darkness","floor":14},{"not_picked":["All For One","Rainbow"],"picked":"Echo Form","floor":16},{"not_picked":["Rip and Tear","Steam"],"picked":"Lockon","floor":18},{"not_picked":["Stack","Leap"],"picked":"Steam Power","floor":19},{"not_picked":["Reprogram","Conserve Battery"],"picked":"White Noise","floor":21},{"not_picked":["Hologram","Darkness"],"picked":"Ball Lightning","floor":23}],"player_experience":866414,"relics_obtained":[{"floor":8,"key":"Strawberry"},{"floor":9,"key":"Boot"},{"floor":14,"key":"Incense Burner"},{"floor":23,"key":"Orichalcum"}],"event_choices":[{"damage_healed":0,"gold_gain":0,"player_choice":"Gave Potion","damage_taken":0,"relics_obtained":["Bronze Scales"],"max_hp_gain":0,"max_hp_loss":0,"event_name":"WeMeetAgain","floor":7,"gold_loss":0}],"is_beta":false,"boss_relics":[{"not_picked":["Empty Cage","Eternal Feather"],"picked":"Runic Pyramid"}],"items_purged_floors":[20],"is_endless":false,"potions_floor_spawned":[5,11,14,16,21],"killed_by":"Centurion and Healer","ascension_level":16}