{"path_per_floor":["M","M","M","?","?","R","?","M","T","$","R","E","R","M","R","B",null,"M","$","?","?","M","E","M","?","T","T","M","R","$","E","R","B",null,"M","$","?","$","M","R","M","R","T","E","M","M","M"],"character_chosen":"IRONCLAD","items_purchased":["Madness","Madness","Thinking Ahead","Flash of Steel"],"gold_per_floor":[115,128,139,139,139,139,314,331,357,194,194,229,229,244,244,342,372,391,5,5,5,18,48,64,64,64,110,120,120,120,146,146,241,241,254,26,0,0,10,10,29,29,29,62,82,99,111],"floor_reached":48,"campfire_rested":5,"playtime":9316,"current_hp_per_floor":[80,80,80,73,57,57,57,43,43,43,43,37,37,40,64,63,85,76,76,76,76,47,22,8,8,8,8,13,38,38,43,68,12,85,63,63,63,63,13,38,27,52,52,54,56,15,40],"items_purged":["Doubt","Strike_R","Normality"],"gold":111,"play_id":"0f4244cb-b25a-40ff-a8ae-6ec0e8e5a0e0","is_prod":false,"is_daily":false,"campfire_rituals":0,"campfire_upgraded":3,"is_hardmode":false,"path_taken":["M","M","M","?","?","R","?","?","T","$","R","E","R","M","R","BOSS","M","$","?","?","M","E","M","?","T","?","M","R","$","E","R","BOSS","M","$","?","?","?","R","?","R","T","E","M","M","M","M"],"build_version":"2018-01-11-PROD2","purchased_purges":3,"victory":false,"master_deck":["Strike_R","Strike_R","Defend_R","Defend_R","Defend_R","Defend_R","Bash","Offering","Headbutt","Battle Trance","Dropkick","Madness","Sever Soul","Brutality","Burning Pact","Shrug It Off","Madness","Thinking Ahead","Flex","Dropkick","Metallicize","Body Slam","Dark Embrace","Pommel Strike","Flash of Steel","True Grit","Flame Barrier","Clothesline","Iron Wave"],"max_hp_per_floor":[80,80,80,80,80,80,80,80,80,80,80,80,80,80,80,80,85,85,85,85,85,85,85,85,85,85,85,85,85,85,85,85,85,85,85,85,85,85,85,85,85,85,85,85,85,85,85],"relics":["Burning Blood","NeowsBlessing","Orichalcum","Torii","Tiny House","Paper Frog","Molten Egg","Thread and Needle","Frozen Egg","Anchor","Lizard Tail","Red Mask","Self Forming Clay","Ancient Tea Set"],"campfire_meditates":0,"card_choices":[{"not_picked":["Combust","Heavy Blade"],"picked":"Offering"},{"not_picked":["Fire Breathing","Bloodletting"],"picked":"Headbutt"},{"not_picked":["Twin Strike","Perfected Strike"],"picked":"Battle Trance"},{"not_picked":["Armaments","Anger"],"picked":"Dropkick"},{"not_picked":["Heavy Blade","Demon Form"],"picked":"Sever Soul"},{"not_picked":["Berserk","Fiend Fire"],"picked":"Brutality"},{"not_picked":["Flex","Whirlwind"],"picked":"Burning Pact"},{"not_picked":["Clash","Cleave"],"picked":"Shrug It Off"},{"not_picked":["Combust","Twin Strike"],"picked":"Flex"},{"not_picked":["Rage","Iron Wave"],"picked":"Dropkick"},{"not_picked":["Rupture","Fire Breathing"],"picked":"Metallicize"},{"not_picked":["Cleave","Dropkick"],"picked":"Body Slam"},{"not_picked":["Brutality","Offering"],"picked":"Dark Embrace"},{"not_picked":["Heavy Blade","Hemokinesis"],"picked":"Pommel Strike"},{"not_picked":["Dual Wield","Blood for Blood"],"picked":"True Grit"},{"not_picked":["Iron Wave","Warcry"],"picked":"Flame Barrier"},{"not_picked":["Fire Breathing","Warcry"],"picked":"Clothesline"},{"not_picked":["Warcry","Reckless Charge"],"picked":"Iron Wave"}],"player_experience":70425,"potions_floor_usage":[12,12,23,31,33,33,35,44,46],"damage_taken":[{"damage":0,"enemies":"Small Slimes","floor":1,"turns":1},{"damage":0,"enemies":"2 Louse","floor":2,"turns":1},{"damage":0,"enemies":"Cultist","floor":3,"turns":1},{"damage":20,"enemies":"Exordium Thugs","floor":8,"turns":4},{"damage":12,"enemies":"3 Sentries","floor":12,"turns":6},{"damage":3,"enemies":"Gremlin Gang","floor":14,"turns":5},{"damage":7,"enemies":"Slime Boss","floor":16,"turns":12},{"damage":15,"enemies":"2 Thieves","floor":18,"turns":4},{"damage":35,"enemies":"Spheric Guardian","floor":22,"turns":8},{"damage":43,"enemies":"Gremlin Leader","floor":23,"turns":5},{"damage":20,"enemies":"Chosen and Byrds","floor":24,"turns":7},{"damage":1,"enemies":"Centurion and Healer","floor":28,"turns":6},{"damage":16,"enemies":"Slavers","floor":31,"turns":7},{"damage":62,"enemies":"Collector","floor":33,"turns":9},{"damage":28,"enemies":"3 Shapes","floor":35,"turns":5},{"damage":56,"enemies":"3 Darklings","floor":39,"turns":6},{"damage":17,"enemies":"Maw","floor":41,"turns":8},{"damage":4,"enemies":"Giant Head","floor":44,"turns":3},{"damage":4,"enemies":"4 Shapes","floor":45,"turns":30},{"damage":47,"enemies":"3 Darklings","floor":46,"turns":17},{"damage":25,"enemies":"Sphere and 2 Shapes","floor":47,"turns":39},{"damage":40,"enemies":"Maw","floor":48,"turns":8}],"event_choices":[{"event_name":"Golden Wing","player_choice":"Card Removal","floor":4,"damage_taken":0},{"event_name":"Shining Light","player_choice":"Entered Light","floor":5,"damage_taken":0},{"event_name":"Liars Game","player_choice":"agreed","floor":7,"damage_taken":0},{"event_name":"The Lab","player_choice":"Got Potions","floor":20,"damage_taken":0},{"event_name":"Accursed Blacksmith","player_choice":"Rummage","floor":21,"damage_taken":0},{"event_name":"Purifier","player_choice":"One Purge","floor":25,"damage_taken":0},{"event_name":"Tomb of Lord Red Mask","player_choice":"Paid","floor":37,"damage_taken":0}],"boss_relics":[{"not_picked":["Velvet Choker","Cursed Key"],"picked":"Tiny House"},{"not_picked":["Black Star","Question Card"],"picked":"Lizard Tail"}],"potions_floor_spawned":[1,2,8,16,18,28,31,39,44,45],"seed_played":"-3465543222969755083","killed_by":"Maw","is_trial":false}