{"path_per_floor":["M","M","?","$","?","E","R","$","T","E","?","T","E","M","R","B",null,"M","?","$","?","$","R","?","M","T","M","T","R","M","E","R"],"character_chosen":"IRONCLAD","items_purchased":["Inflame","Clothesline","Kunai"],"gold_per_floor":[114,134,134,7,7,32,32,32,32,57,57,113,148,158,158,256,256,275,275,20,20,20,20,20,36,36,54,54,54,72,102,102,102],"floor_reached":33,"campfire_rested":0,"playtime":1552,"current_hp_per_floor":[80,80,80,80,85,85,85,85,85,63,63,63,52,51,51,46,85,85,42,42,42,42,42,42,42,42,44,44,44,46,48,48,0],"items_purged":[],"gold":102,"score":420,"play_id":"82f85a5a-a04b-4e82-bd03-812ad9f86f27","local_time":"20180502171122","is_prod":false,"is_daily":false,"chose_seed":false,"is_ascension_mode":true,"campfire_upgraded":5,"timestamp":1525295482,"path_taken":["M","?","?","$","?","E","R","?","T","E","?","?","E","M","R","BOSS","M","?","$","?","$","R","?","M","T","M","?","R","M","E","R","BOSS"],"build_version":"2018-04-28v2","seed_source_timestamp":66754420009979,"purchased_purges":0,"victory":false,"master_deck":["Strike_R","Strike_R","Strike_R+1","Strike_R","Defend_R","Defend_R","Defend_R","Defend_R","Bash","Flame Barrier+1","Inflame+1","Clothesline","Shrug It Off+1","True Grit+1","Headbutt+1","Heavy Blade+1","Bludgeon+1","Combust","Ghostly","Ghostly","Ghostly","Ghostly","Ghostly","Iron Wave+1"],"max_hp_per_floor":[80,80,80,80,85,85,85,85,85,85,85,85,85,85,85,85,85,85,42,42,42,42,42,42,42,42,44,44,44,46,48,48,48],"relics":["Burning Blood","NeowsBlessing","Molten Egg 2","Letter Opener","Orichalcum","Tiny Chest","Singing Bowl","Velvet Choker","Kunai","Juzu Bracelet","Frozen Egg 2","Bottled Flame","Paper Frog"],"card_choices":[{"not_picked":["Clash","Cleave"],"picked":"Flame Barrier","floor":1},{"not_picked":["Warcry","Havoc"],"picked":"Shrug It Off","floor":6},{"not_picked":["Bludgeon","Iron Wave"],"picked":"True Grit","floor":10},{"not_picked":["Clothesline","Sentinel"],"picked":"Headbutt","floor":13},{"not_picked":["Warcry","Perfected Strike"],"picked":"Heavy Blade","floor":14},{"not_picked":["Limit Break","Impervious"],"picked":"Bludgeon","floor":16},{"not_picked":["Cleave","Dual Wield"],"picked":"Combust","floor":18},{"not_picked":["Clash","Entrench"],"picked":"Iron Wave","floor":25}],"player_experience":362059,"potions_floor_usage":[13,16,16,16,33],"damage_taken":[{"damage":0,"enemies":"Cultist","floor":1,"turns":1},{"damage":0,"enemies":"Small Slimes","floor":2,"turns":1},{"damage":0,"enemies":"3 Sentries","floor":6,"turns":2},{"damage":28,"enemies":"Lagavulin","floor":10,"turns":8},{"damage":17,"enemies":"Gremlin Nob","floor":13,"turns":5},{"damage":7,"enemies":"Jaw Worm","floor":14,"turns":3},{"damage":11,"enemies":"Hexaghost","floor":16,"turns":9},{"damage":0,"enemies":"3 Byrds","floor":18,"turns":2},{"damage":2,"enemies":"Spheric Guardian","floor":25,"turns":4},{"damage":5,"enemies":"Centurion and Healer","floor":27,"turns":7},{"damage":1,"enemies":"Snake Plant","floor":30,"turns":4},{"damage":3,"enemies":"Book of Stabbing","floor":31,"turns":6},{"damage":52,"enemies":"Automaton","floor":33,"turns":6}],"event_choices":[{"event_name":"Purifier","player_choice":"One Purge","floor":3,"damage_taken":0},{"event_name":"Big Fish","player_choice":"Donut","floor":5,"damage_taken":0},{"event_name":"The Lab","player_choice":"Got Potions","floor":11,"damage_taken":0},{"event_name":"Ghosts","player_choice":"Became a Ghost","floor":19,"damage_taken":0},{"event_name":"The Mausoleum","player_choice":"Yes","floor":21,"damage_taken":0},{"event_name":"Beggar","player_choice":"Ignored","floor":24,"damage_taken":0}],"boss_relics":[{"not_picked":["Sozu","Orrery"],"picked":"Velvet Choker"}],"potions_floor_spawned":[13,14,18,30],"seed_played":"-4001090657003337356","killed_by":"Automaton","ascension_level":4,"is_trial":false}