{"gold_per_floor":[114,124,142,142,142,174,174,190,190,224,224,374,35,35,35,108,108,124,134,134,145,125,125,159,170,170,170,170,204,204,62,62,133,133,144,161,175,189,189,189,203,203,203,231,131,131,144,155,155,155],"floor_reached":50,"playtime":4383,"items_purged":["Doubt","Decay","Shame"],"score":1039,"play_id":"2d748a64-ba63-4ff2-aa00-360c1582c60f","local_time":"20190303211139","is_ascension_mode":true,"campfire_choices":[{"floor":7.0,"key":"REST"},{"floor":11.0,"key":"REST"},{"data":"Zap","floor":15.0,"key":"SMITH"},{"floor":23.0,"key":"REST"},{"floor":28.0,"key":"REST"},{"floor":30.0,"key":"REST"},{"floor":32.0,"key":"REST"},{"floor":40,"key":"REST"},{"floor":42,"key":"REST"},{"data":"Consume","floor":46,"key":"SMITH"},{"floor":49,"key":"REST"}],"neow_cost":"NONE","seed_source_timestamp":0,"circlet_count":0,"master_deck":["AscendersBane","Strike_B","Strike_B+1","Strike_B+1","Strike_B","Defend_B","Defend_B","Defend_B","Defend_B","Zap+1","Dualcast","Consume+1","Streamline","Cold Snap","Beam Cell","FTL","Ball Lightning","Sweeping Beam","Compile Driver","Loop","Parasite","Core Surge","Glacier","Capacitor","Hologram","Coolheaded","Buffer","Stack","Go for the Eyes","BootSequence","Go for the Eyes","Reinforced Body","Self Repair","Chill","Compile Driver+1","Seek","Loop+1","Coolheaded+1","Cold Snap+1","Seek","Glacier","Sweeping Beam+1","Conserve Battery","Sunder","Beam Cell+1","Doom and Gloom+1","Loop","Creative AI","Consume"],"special_seed":0,"relics":["Cracked Core","Whetstone","Bag of Preparation","Prayer Wheel","Gremlin Horn","Dream Catcher","Runic Capacitor","Nuclear Battery","Question Card","The Courier","Emotion Chip","Cursed Key","Peace Pipe","Kunai"],"potions_floor_usage":[37,50,50],"damage_taken":[{"damage":12.0,"enemies":"Small Slimes","floor":1.0,"turns":4.0},{"damage":2.0,"enemies":"2 Louse","floor":2.0,"turns":3.0},{"damage":9.0,"enemies":"Jaw Worm","floor":3.0,"turns":3.0},{"damage":27.0,"enemies":"Gremlin Nob","floor":6.0,"turns":4.0},{"damage":4.0,"enemies":"Red Slaver","floor":8.0,"turns":3.0},{"damage":21.0,"enemies":"Lagavulin","floor":10.0,"turns":5.0},{"damage":41.0,"enemies":"The Guardian","floor":16.0,"turns":10.0},{"damage":1.0,"enemies":"Spheric Guardian","floor":18.0,"turns":3.0},{"damage":21.0,"enemies":"2 Thieves","floor":19.0,"turns":4.0},{"damage":27.0,"enemies":"Cultist and Chosen","floor":21.0,"turns":6.0},{"damage":12.0,"enemies":"Book of Stabbing","floor":24.0,"turns":6.0},{"damage":7.0,"enemies":"Centurion and Healer","floor":25.0,"turns":9.0},{"damage":30.0,"enemies":"Gremlin Leader","floor":29.0,"turns":8.0},{"damage":47.0,"enemies":"Automaton","floor":33.0,"turns":17.0},{"damage":18,"enemies":"3 Darklings","floor":35,"turns":7},{"damage":1,"enemies":"3 Shapes","floor":36,"turns":5},{"damage":18,"enemies":"Transient","floor":37,"turns":6},{"damage":11,"enemies":"Sphere and 2 Shapes","floor":38,"turns":9},{"damage":39,"enemies":"Jaw Worm Horde","floor":41,"turns":6},{"damage":8,"enemies":"Nemesis","floor":44,"turns":8},{"damage":27,"enemies":"Writhing Mass","floor":47,"turns":7},{"damage":2,"enemies":"3 Darklings","floor":48,"turns":3},{"damage":63,"enemies":"Awakened One","floor":50,"turns":7}],"seed_played":"-6202119453535148080","potions_obtained":[{"floor":2.0,"key":"Explosive Potion"},{"floor":3.0,"key":"SteroidPotion"},{"floor":16.0,"key":"Strength Potion"},{"floor":25.0,"key":"Block Potion"},{"floor":29.0,"key":"SteroidPotion"},{"floor":33.0,"key":"GamblersBrew"},{"floor":35,"key":"Block Potion"},{"floor":38,"key":"Dexterity Potion"},{"floor":48,"key":"EssenceOfSteel"}],"is_trial":false,"path_per_floor":["M","M","M","?","?","E","R","M","T","E","R","?","$","?","R","B",null,"M","M","?","M","?","R","E","M","T","?","R","E","R","$","R","B",null,"M","M","M","M","$","R","M","R","T","E","$","R","M","M","R","B"],"character_chosen":"DEFECT","items_purchased":["Runic Capacitor","Loop","Chill"],"campfire_rested":9,"item_purchase_floors":[13,13,31],"current_hp_per_floor":[52,50,41,30,35,8,30,26,26,5,27,27,27,46,46,5,58,57,36,36,9,9,31,19,12,12,12,34,4,26,26,48,8,59,48,54,43,39,39,61,29,51,51,43,43,43,23,28,50,0],"gold":155,"neow_bonus":"RANDOM_COMMON_RELIC","is_prod":false,"is_daily":false,"chose_seed":false,"campfire_upgraded":2,"win_rate":0,"timestamp":1551669099,"path_taken":["M","M","M","?","?","E","R","M","T","E","R","?","$","?","R","BOSS","M","M","?","M","?","R","E","?","T","?","R","E","R","$","R","BOSS","M","M","?","M","$","R","M","R","T","E","$","R","M","M","R","BOSS"],"build_version":"2019-01-23","purchased_purges":3,"victory":false,"max_hp_per_floor":[71,71,71,71,76,76,76,76,76,76,76,76,76,76,76,76,76,76,76,76,76,76,76,76,76,76,76,76,76,76,76,76,76,76,76,76,76,76,76,76,76,76,76,76,76,76,76,76,76,76],"card_choices":[{"not_picked":["Steam","White Noise"],"picked":"Consume","floor":1.0},{"not_picked":["Leap","Auto Shields"],"picked":"Streamline","floor":2.0},{"not_picked":["Streamline","Barrage"],"picked":"Cold Snap","floor":3.0},{"not_picked":["Turbo","White Noise"],"picked":"Beam Cell","floor":6.0},{"not_picked":["Leap","Rebound"],"picked":"FTL","floor":8.0},{"not_picked":["Buffer","Sweeping Beam"],"picked":"Ball Lightning","floor":8.0},{"not_picked":["Beam Cell","Skim"],"picked":"Sweeping Beam","floor":10.0},{"not_picked":["Rip and Tear","Darkness"],"picked":"Compile Driver","floor":11.0},{"not_picked":["Amplify","Rainbow"],"picked":"Core Surge","floor":16.0},{"not_picked":["Cold Snap","Consume"],"picked":"Glacier","floor":18.0},{"not_picked":["Leap","Beam Cell"],"picked":"Capacitor","floor":18.0},{"not_picked":["Undo","Beam Cell"],"picked":"Hologram","floor":19.0},{"not_picked":["Scrape","Turbo"],"picked":"Coolheaded","floor":19.0},{"not_picked":["Streamline","Hologram"],"picked":"Buffer","floor":21.0},{"not_picked":["Consume","Sweeping Beam+1","Hologram"],"picked":"SKIP","floor":21.0},{"not_picked":["Static Discharge","Compile Driver"],"picked":"Stack","floor":23.0},{"not_picked":["Barrage","Leap"],"picked":"Go for the Eyes","floor":24.0},{"not_picked":["Blizzard","Cold Snap","Steam"],"picked":"BootSequence","floor":25.0},{"not_picked":["Consume","Recycle","Streamline","Amplify"],"picked":"SKIP","floor":25.0},{"not_picked":["Auto Shields","Coolheaded","Leap"],"picked":"Go for the Eyes","floor":28.0},{"not_picked":["Leap","Static Discharge","Undo"],"picked":"Reinforced Body","floor":29.0},{"not_picked":["White Noise","Undo","Cold Snap"],"picked":"Self Repair","floor":30.0},{"not_picked":["Reprogram","Stack","Beam Cell"],"picked":"Compile Driver+1","floor":32.0},{"not_picked":["Multi-Cast","Reboot","Thunder Strike"],"picked":"Seek","floor":33.0},{"not_picked":["Auto Shields+1","Recycle","Barrage"],"picked":"Loop+1","floor":35},{"not_picked":["Sweeping Beam","Undo","Gash+1"],"picked":"Coolheaded+1","floor":35},{"not_picked":["Sweeping Beam","Redo","Barrage+1"],"picked":"Cold Snap+1","floor":36},{"not_picked":["Steam Power","Self Repair","Stack","Lockon"],"picked":"SKIP","floor":36},{"not_picked":["Aggregate","Cold Snap","Scrape"],"picked":"Seek","floor":37},{"not_picked":["Storm","Ball Lightning","Compile Driver","FTL"],"picked":"SKIP","floor":37},{"not_picked":["Tempest","Conserve Battery+1","Reinforced Body"],"picked":"Glacier","floor":38},{"not_picked":["Tempest","Streamline","Gash"],"picked":"Sweeping Beam+1","floor":38},{"not_picked":["Go for the Eyes","Redo","Rebound"],"picked":"Conserve Battery","floor":40},{"not_picked":["Sweeping Beam","Ball Lightning","Storm"],"picked":"Sunder","floor":41},{"not_picked":["Blizzard","Hologram","Conserve Battery","Self Repair"],"picked":"SKIP","floor":41},{"not_picked":["Seek","Sweeping Beam","Ball Lightning"],"picked":"Beam Cell+1","floor":42},{"not_picked":["Sweeping Beam","Barrage","Coolheaded","Rip and Tear"],"picked":"SKIP","floor":44},{"not_picked":["Go for the Eyes+1","Sunder","Ball Lightning"],"picked":"Doom and Gloom+1","floor":47},{"not_picked":["Auto Shields","Barrage+1","Steam+1"],"picked":"Loop","floor":47},{"not_picked":["Streamline+1","Turbo+1","Coolheaded"],"picked":"Creative AI","floor":48},{"not_picked":["Compile Driver","Glacier","Rebound","Barrage+1"],"picked":"SKIP","floor":48},{"not_picked":["Hello World","Sweeping Beam","Streamline"],"picked":"Consume","floor":49}],"player_experience":557488,"relics_obtained":[{"floor":6.0,"key":"Prayer Wheel"},{"floor":9.0,"key":"Gremlin Horn"},{"floor":10.0,"key":"Dream Catcher"},{"floor":24.0,"key":"Question Card"},{"floor":26.0,"key":"The Courier"},{"floor":29.0,"key":"Emotion Chip"},{"floor":43,"key":"Peace Pipe"},{"floor":44,"key":"Kunai"}],"event_choices":[{"damage_healed":0.0,"max_hp_gain":0.0,"max_hp_loss":0.0,"gold_gain":0.0,"event_name":"Scrap Ooze","player_choice":"Success","floor":4.0,"gold_loss":0.0,"damage_taken":11.0,"relics_obtained":["Bag of Preparation"]},{"damage_healed":0.0,"max_hp_gain":5.0,"max_hp_loss":0.0,"gold_gain":0.0,"event_name":"Big Fish","player_choice":"Donut","floor":5.0,"gold_loss":0.0,"damage_taken":0.0},{"damage_healed":0.0,"max_hp_gain":0.0,"max_hp_loss":0.0,"gold_gain":150.0,"event_name":"Liars Game","player_choice":"AGREE","floor":12.0,"gold_loss":0.0,"damage_taken":0.0,"cards_obtained":["Doubt"]},{"damage_healed":19.0,"max_hp_gain":0.0,"max_hp_loss":0.0,"gold_gain":0.0,"event_name":"Mushrooms","player_choice":"Healed and dodged fight","floor":14.0,"gold_loss":0.0,"damage_taken":0.0,"cards_obtained":["Parasite"]},{"damage_healed":0.0,"max_hp_gain":0.0,"max_hp_loss":0.0,"gold_gain":0.0,"event_name":"Forgotten Altar","player_choice":"Smashed Altar","floor":20.0,"gold_loss":0.0,"damage_taken":0.0,"cards_obtained":["Decay"]},{"damage_healed":0.0,"max_hp_gain":0.0,"max_hp_loss":0.0,"gold_gain":0.0,"event_name":"The Woman in Blue","player_choice":"Bought 1 Potion","floor":22.0,"gold_loss":0.0,"damage_taken":0.0},{"damage_healed":0.0,"max_hp_gain":0.0,"max_hp_loss":0.0,"gold_gain":0.0,"event_name":"Match and Keep!","player_choice":"0 cards matched","floor":27.0,"gold_loss":0.0,"damage_taken":0.0,"cards_obtained":[]}],"is_beta":false,"boss_relics":[{"not_picked":["Black Star","Astrolabe"],"picked":"Nuclear Battery"},{"not_picked":["Empty Cage","White Beast Statue"],"picked":"Cursed Key"}],"items_purged_floors":[13,31,45],"is_endless":false,"potions_floor_spawned":[2,3,16,25,29,33,35,38,44,48],"killed_by":"Awakened One","ascension_level":19}