{"gold_per_floor":[112,129,145,295,311,311,147,158,185,185,195,160,194,94,94,172,172,190,240,257,257,257],"floor_reached":22,"playtime":1172,"items_purged":["Doubt","Strike_B"],"score":353,"play_id":"5bb81d40-57d7-4007-aacd-650acf7dca5e","local_time":"20190227172529","is_ascension_mode":true,"campfire_choices":[{"data":"Rebound","floor":6.0,"key":"SMITH"},{"data":"Dualcast","floor":10.0,"key":"SMITH"},{"data":"Ball Lightning","floor":15.0,"key":"SMITH"}],"neow_cost":"NONE","seed_source_timestamp":0,"circlet_count":0,"master_deck":["AscendersBane","Strike_B","Strike_B","Defend_B","Defend_B","Defend_B","Defend_B","Zap+1","Dualcast+1","Coolheaded","FTL","Cold Snap","Rebound+1","Rip and Tear","Cold Snap","Leap","Ball Lightning+1","Skim","Leap","Hologram"],"special_seed":0,"relics":["Cracked Core","Ancient Tea Set","Centennial Puzzle","Inserter"],"potions_floor_usage":[],"damage_taken":[{"damage":4.0,"enemies":"2 Louse","floor":1.0,"turns":2.0},{"damage":5.0,"enemies":"Small Slimes","floor":2.0,"turns":3.0},{"damage":4.0,"enemies":"Cultist","floor":3.0,"turns":3.0},{"damage":4.0,"enemies":"2 Fungi Beasts","floor":5.0,"turns":3.0},{"damage":6.0,"enemies":"Lots of Slimes","floor":8.0,"turns":3.0},{"damage":3.0,"enemies":"3 Louse","floor":11.0,"turns":3.0},{"damage":2.0,"enemies":"Gremlin Nob","floor":13.0,"turns":3.0},{"damage":35.0,"enemies":"Slime Boss","floor":16.0,"turns":10.0},{"damage":22,"enemies":"3 Byrds","floor":18,"turns":5},{"damage":32,"enemies":"2 Thieves","floor":20,"turns":4},{"damage":15,"enemies":"Cultist and Chosen","floor":22,"turns":3}],"seed_played":"-7385733174464338070","potions_obtained":[{"floor":5.0,"key":"Swift Potion"},{"floor":11.0,"key":"SkillPotion"},{"floor":16.0,"key":"LiquidBronze"},{"floor":20,"key":"FearPotion"}],"is_trial":false,"path_per_floor":["M","M","M","?","M","R","$","M","T","R","M","?","E","$","R","B",null,"M","?","M","?","M"],"character_chosen":"DEFECT","items_purchased":["Rip and Tear"],"campfire_rested":0,"item_purchase_floors":[7],"current_hp_per_floor":[60,55,51,51,47,47,47,41,41,41,38,55,53,53,53,18,58,36,36,4,4,0],"gold":257,"neow_bonus":"UPGRADE_CARD","is_prod":false,"is_daily":false,"chose_seed":false,"campfire_upgraded":3,"win_rate":0,"timestamp":1551309929,"path_taken":["M","M","M","?","M","R","$","M","T","R","M","?","E","$","R","BOSS","M","?","M","?","M"],"build_version":"2019-01-23","purchased_purges":2,"victory":false,"max_hp_per_floor":[71,71,71,71,71,71,71,71,71,71,71,71,71,71,71,71,71,71,71,71,71,71],"card_choices":[{"not_picked":["Redo","Sweeping Beam"],"picked":"Coolheaded","floor":1.0},{"not_picked":["Sweeping Beam","Scrape"],"picked":"FTL","floor":2.0},{"not_picked":["Lockon","Stack"],"picked":"Cold Snap","floor":3.0},{"not_picked":["Leap","Beam Cell"],"picked":"Rebound","floor":5.0},{"not_picked":["Conserve Battery","Hologram"],"picked":"Cold Snap","floor":8.0},{"not_picked":["Streamline","Barrage"],"picked":"Leap","floor":11.0},{"not_picked":["BootSequence","Scrape"],"picked":"Ball Lightning","floor":13.0},{"not_picked":["Storm","Undo"],"picked":"Skim","floor":18},{"not_picked":["Turbo","Melter"],"picked":"Leap","floor":20}],"player_experience":538095,"relics_obtained":[{"floor":9.0,"key":"Ancient Tea Set"},{"floor":13.0,"key":"Centennial Puzzle"}],"event_choices":[{"damage_healed":0.0,"max_hp_gain":0.0,"max_hp_loss":0.0,"gold_gain":150.0,"event_name":"Liars Game","player_choice":"AGREE","floor":4.0,"gold_loss":0.0,"damage_taken":0.0,"cards_obtained":["Doubt"]},{"damage_healed":17.0,"max_hp_gain":0.0,"max_hp_loss":0.0,"gold_gain":0.0,"event_name":"The Cleric","player_choice":"Healed","floor":12.0,"gold_loss":35.0,"damage_taken":0.0},{"damage_healed":0,"gold_gain":50,"player_choice":"Stole From Cult","damage_taken":0,"max_hp_gain":0,"max_hp_loss":0,"event_name":"Nest","floor":19,"gold_loss":0},{"damage_healed":0,"gold_gain":0,"cards_transformed":["Strike_B"],"player_choice":"Transformed","damage_taken":0,"max_hp_gain":0,"max_hp_loss":0,"event_name":"Transmorgrifier","floor":21,"gold_loss":0,"cards_obtained":["Hologram"]}],"is_beta":false,"boss_relics":[{"not_picked":["Eternal Feather","Empty Cage"],"picked":"Inserter"}],"items_purged_floors":[7,14],"is_endless":false,"potions_floor_spawned":[5,11,16,20],"killed_by":"Cultist and Chosen","ascension_level":18}