{"gold_per_floor":[109,126,126,146,165,165,176,191,214,247,259,277,312,323,323,420,420,432,448,468,480,405,440,440,452,452,465,465,479,498,67,67,170,170,185,200,212,232,248,260,260,69,69,23,23,43,62,82,82,82],"floor_reached":50,"playtime":8433,"items_purged":[],"score":517,"play_id":"7e194b08-e6db-44ce-b964-bbad34e6a82f","local_time":"20190113223901","is_ascension_mode":false,"campfire_choices":[{"data":"Whirlwind","floor":6,"key":"SMITH"},{"data":"Bludgeon","floor":15,"key":"SMITH"},{"floor":24,"key":"REST"},{"floor":32,"key":"REST"},{"floor":41,"key":"REST"},{"floor":49,"key":"REST"}],"neow_cost":"PERCENT_DAMAGE","seed_source_timestamp":421851525635590,"circlet_count":0,"master_deck":["Strike_R+1","Strike_R","Strike_R","Defend_R+1","Defend_R+1","Bash","Carnage","Whirlwind+1","Pommel Strike","Metallicize+1","Body Slam","Rupture","Fire Breathing","Bludgeon+1","Metallicize","Shrug It Off","Ghostly Armor","Rage","Body Slam","Feed","Entrench","Infernal Blade+1","Rampage","Thunderclap+1","Double Tap","Body Slam+1","Flex+1","True Grit+1","Seeing Red","Rampage","Metamorphosis","Flex","Impervious","Pommel Strike+1","Anger","Shockwave+1","Clothesline+1","Wild Strike+1","Inflame","Ghostly Armor","Feed","Cleave","Clash+1","Shrug It Off+1","Anger+1"],"relics":["Burning Blood","War Paint","Nunchaku","Regal Pillow","Philosopher\u0027s Stone","Vajra","Gremlin Horn","Bag of Preparation","Fusion Hammer","Gambling Chip"],"potions_floor_usage":[8,10,10,13,16,20,27,29,33,33,47,48,50,50,50,50],"damage_taken":[{"damage":1,"enemies":"Jaw Worm","floor":1,"turns":3},{"damage":0,"enemies":"2 Louse","floor":2,"turns":2},{"damage":2,"enemies":"Cultist","floor":4,"turns":3},{"damage":13,"enemies":"Lots of Slimes","floor":5,"turns":2},{"damage":0,"enemies":"3 Louse","floor":7,"turns":1},{"damage":5,"enemies":"Looter","floor":8,"turns":3},{"damage":25,"enemies":"Lagavulin","floor":10,"turns":7},{"damage":0,"enemies":"Large Slime","floor":11,"turns":6},{"damage":0,"enemies":"Lots of Slimes","floor":12,"turns":1},{"damage":2,"enemies":"3 Sentries","floor":13,"turns":6},{"damage":2,"enemies":"Exordium Thugs","floor":14,"turns":4},{"damage":26,"enemies":"Slime Boss","floor":16,"turns":12},{"damage":15,"enemies":"Spheric Guardian","floor":18,"turns":4},{"damage":14,"enemies":"Shell Parasite","floor":19,"turns":6},{"damage":13,"enemies":"Snecko","floor":20,"turns":5},{"damage":19,"enemies":"Sentry and Sphere","floor":21,"turns":6},{"damage":32,"enemies":"Gremlin Leader","floor":23,"turns":5},{"damage":22,"enemies":"Snake Plant","floor":25,"turns":4},{"damage":0,"enemies":"Cultist and Chosen","floor":27,"turns":4},{"damage":34,"enemies":"Centurion and Healer","floor":29,"turns":4},{"damage":9,"enemies":"Snake Plant","floor":30,"turns":4},{"damage":12,"enemies":"Automaton","floor":33,"turns":6},{"damage":39,"enemies":"3 Darklings","floor":35,"turns":5},{"damage":7,"enemies":"Orb Walker","floor":36,"turns":3},{"damage":16,"enemies":"Sphere and 2 Shapes","floor":37,"turns":4},{"damage":0,"enemies":"3 Darklings","floor":38,"turns":3},{"damage":23,"enemies":"4 Shapes","floor":39,"turns":3},{"damage":9,"enemies":"Maw","floor":40,"turns":6},{"damage":6,"enemies":"Sphere and 2 Shapes","floor":46,"turns":2},{"damage":18,"enemies":"Jaw Worm Horde","floor":47,"turns":2},{"damage":0,"enemies":"Transient","floor":48,"turns":5},{"damage":93,"enemies":"Awakened One","floor":50,"turns":9}],"seed_played":"3554391034364907783","potions_obtained":[{"floor":4,"key":"Strength Potion"},{"floor":7,"key":"Dexterity Potion"},{"floor":8,"key":"Ancient Potion"},{"floor":10,"key":"EssenceOfSteel"},{"floor":11,"key":"Fire Potion"},{"floor":13,"key":"EssenceOfSteel"},{"floor":20,"key":"SteroidPotion"},{"floor":23,"key":"Ancient Potion"},{"floor":27,"key":"BloodPotion"},{"floor":29,"key":"Strength Potion"},{"floor":36,"key":"SmokeBomb"},{"floor":37,"key":"Ancient Potion"},{"floor":39,"key":"EntropicBrew"},{"floor":40,"key":"AttackPotion"},{"floor":47,"key":"Block Potion"}],"is_trial":false,"path_per_floor":["M","M","?","M","M","R","M","M","T","E","M","M","E","M","R","B",null,"M","M","M","M","?","E","R","M","T","M","?","M","M","$","R","B",null,"M","M","M","M","M","M","R","$","T","$","?","M","M","M","R","B"],"character_chosen":"IRONCLAD","items_purchased":["Bag of Preparation","Rampage","Metamorphosis","Flex","Ghostly Armor","Feed","Cleave"],"campfire_rested":4,"item_purchase_floors":[31,31,31,31,42,42,44],"current_hp_per_floor":[61,67,51,55,48,48,54,55,55,36,42,48,52,56,56,36,80,71,63,59,46,46,20,59,43,43,49,49,29,26,26,65,59,83,50,49,39,45,28,25,64,64,64,64,64,64,58,64,89,0],"gold":82,"neow_bonus":"TRANSFORM_TWO_CARDS","is_prod":false,"is_daily":false,"chose_seed":false,"campfire_upgraded":2,"win_rate":0.0,"timestamp":1547447941,"path_taken":["M","M","?","M","M","R","M","M","T","E","M","M","E","M","R","BOSS","M","M","M","M","?","E","R","M","T","M","?","M","M","$","R","BOSS","M","M","?","M","M","M","R","$","T","?","?","M","M","M","R","BOSS"],"build_version":"2019-01-10","purchased_purges":0,"victory":false,"max_hp_per_floor":[80,80,80,80,80,80,80,80,80,80,80,80,80,80,80,80,80,80,80,83,83,83,83,83,83,83,83,83,83,83,83,83,83,83,83,83,83,83,83,83,83,83,83,83,83,83,89,89,89,89],"card_choices":[{"not_picked":["Armaments","Infernal Blade"],"picked":"Pommel Strike","floor":1},{"not_picked":["Shrug It Off","Thunderclap"],"picked":"Metallicize","floor":2},{"not_picked":["Sword Boomerang","Anger"],"picked":"Body Slam","floor":4},{"not_picked":["Twin Strike","True Grit"],"picked":"Rupture","floor":5},{"not_picked":["Sever Soul","Clash"],"picked":"Fire Breathing","floor":7},{"not_picked":["Iron Wave","Cleave"],"picked":"Bludgeon","floor":8},{"not_picked":["Carnage","Sword Boomerang"],"picked":"Metallicize","floor":10},{"not_picked":["Thunderclap","Sword Boomerang"],"picked":"Shrug It Off","floor":11},{"not_picked":["Reckless Charge","Bloodletting"],"picked":"Ghostly Armor","floor":12},{"not_picked":["Shrug It Off","Searing Blow"],"picked":"Rage","floor":13},{"not_picked":["Dropkick","Warcry"],"picked":"Body Slam","floor":14},{"not_picked":["Dark Embrace","Brutality"],"picked":"Feed","floor":16},{"not_picked":["Pummel","Body Slam"],"picked":"Entrench","floor":18},{"not_picked":["Anger","Armaments"],"picked":"Infernal Blade+1","floor":19},{"not_picked":["Heavy Blade","Perfected Strike"],"picked":"Rampage","floor":20},{"not_picked":["Anger+1","Shrug It Off"],"picked":"Thunderclap+1","floor":21},{"not_picked":["Cleave+1","Inflame+1"],"picked":"Double Tap","floor":23},{"not_picked":["Warcry+1","Iron Wave"],"picked":"Body Slam+1","floor":25},{"not_picked":["Anger","Clothesline"],"picked":"Flex+1","floor":27},{"not_picked":["Warcry","Sword Boomerang"],"picked":"True Grit+1","floor":29},{"not_picked":["Power Through","Clothesline+1"],"picked":"Seeing Red","floor":30},{"not_picked":["Immolate","Limit Break"],"picked":"Impervious","floor":33},{"not_picked":["Entrench","Shrug It Off+1"],"picked":"Pommel Strike+1","floor":35},{"not_picked":["Sword Boomerang","Bloodletting"],"picked":"Anger","floor":36},{"not_picked":["Feed","Rampage+1"],"picked":"Shockwave+1","floor":37},{"not_picked":["Flex","Corruption+1"],"picked":"Clothesline+1","floor":38},{"not_picked":["Thunderclap","Iron Wave"],"picked":"Wild Strike+1","floor":39},{"not_picked":["Sword Boomerang","Clash"],"picked":"Inflame","floor":40},{"not_picked":["Perfected Strike+1","Armaments"],"picked":"Clash+1","floor":46},{"not_picked":["Entrench","Rupture"],"picked":"Shrug It Off+1","floor":47},{"not_picked":["Sword Boomerang","Metallicize"],"picked":"Anger+1","floor":48}],"player_experience":20070,"relics_obtained":[{"floor":9,"key":"War Paint"},{"floor":10,"key":"Nunchaku"},{"floor":13,"key":"Regal Pillow"},{"floor":23,"key":"Vajra"},{"floor":26,"key":"Gremlin Horn"},{"floor":43,"key":"Gambling Chip"}],"event_choices":[{"damage_healed":0,"gold_gain":0,"player_choice":"Entered Light","damage_taken":16,"max_hp_gain":0,"max_hp_loss":0,"event_name":"Shining Light","floor":3,"gold_loss":0,"cards_upgraded":["Strike_R","Metallicize"]},{"cards_removed":["Strike_R"],"damage_healed":0,"gold_gain":0,"player_choice":"Gave Gold","damage_taken":0,"max_hp_gain":0,"max_hp_loss":0,"event_name":"Beggar","floor":22,"gold_loss":75},{"cards_removed":["Defend_R"],"damage_healed":0,"gold_gain":0,"player_choice":"Purged","damage_taken":0,"max_hp_gain":0,"max_hp_loss":0,"event_name":"Purifier","floor":28,"gold_loss":0},{"damage_healed":0,"gold_gain":0,"player_choice":"Ignored","damage_taken":0,"max_hp_gain":0,"max_hp_loss":0,"event_name":"Mysterious Sphere","floor":45,"gold_loss":0}],"is_beta":false,"boss_relics":[{"not_picked":["Mark of Pain","Calling Bell"],"picked":"Philosopher\u0027s Stone"},{"not_picked":["Black Star","Lizard Tail"],"picked":"Fusion Hammer"}],"items_purged_floors":[],"is_endless":false,"potions_floor_spawned":[4,7,8,10,11,13,20,23,27,29,36,37,39,40,47],"killed_by":"Awakened One","ascension_level":0}