{"gold_per_floor":[116,116,127,127,127,127,160,170,197,197,211,229,229,242,242,347,347,357,369,284,31,42,98,98,132,132,145,245,245,245,21,21,124,124,142,187,187,198,208,208,236,247,247,247,279,0,0,10,10,10],"floor_reached":51,"playtime":5320,"items_purged":["Strike_B","Defend_B"],"score":859,"play_id":"a249e8b2-40f0-4be0-aedd-e18c00809662","local_time":"20190214201841","is_ascension_mode":true,"campfire_choices":[{"data":"Stack","floor":6,"key":"SMITH"},{"floor":10,"key":"REST"},{"data":"Zap","floor":13,"key":"SMITH"},{"data":"Creative AI","floor":15,"key":"SMITH"},{"data":"Thunder Strike","floor":24,"key":"SMITH"},{"floor":32,"key":"DIG"},{"floor":40,"key":"DIG"},{"data":"Aggregate","floor":44,"key":"SMITH"},{"floor":49,"key":"REST"}],"neow_cost":"NONE","seed_source_timestamp":946412449643715,"circlet_count":0,"master_deck":["Strike_B+1","Strike_B","Defend_B","Zap+1","Dualcast+1","Ball Lightning","Loop","Creative AI+1","Stack+1","Ball Lightning","BootSequence","Auto Shields","Compile Driver","Barrage","Electrodynamics","Cold Snap+1","Ball Lightning+1","Thunder Strike+1","Steam","Skim","Hologram","Coolheaded","Cold Snap+1","Loop+1","Aggregate+1","Leap","Coolheaded","Core Surge+1","Defragment","Stack+1","Steam Power+1","Gash+1","Compile Driver+1","White Noise+1","Trip","Parasite","Hello World+1"],"relics":["Cracked Core","Regal Pillow","DataDisk","Bag of Preparation","Sozu","Shovel","Tiny Chest","Bottled Lightning","Meat on the Bone","FossilizedHelix","The Courier","Molten Egg 2","Eternal Feather","Emotion Chip","Happy Flower","Potion Belt","Bottled Tornado","Bronze Scales","Red Mask"],"potions_floor_usage":[28,28],"damage_taken":[{"damage":0,"enemies":"2 Louse","floor":1,"turns":1},{"damage":5,"enemies":"Small Slimes","floor":3,"turns":3},{"damage":32,"enemies":"3 Sentries","floor":7,"turns":7},{"damage":0,"enemies":"Cultist","floor":8,"turns":3},{"damage":0,"enemies":"2 Fungi Beasts","floor":11,"turns":2},{"damage":0,"enemies":"Large Slime","floor":12,"turns":3},{"damage":3,"enemies":"3 Louse","floor":14,"turns":3},{"damage":27,"enemies":"Hexaghost","floor":16,"turns":7},{"damage":2,"enemies":"2 Thieves","floor":18,"turns":3},{"damage":4,"enemies":"Shell Parasite","floor":19,"turns":4},{"damage":5,"enemies":"Shelled Parasite and Fungi","floor":22,"turns":5},{"damage":19,"enemies":"Slavers","floor":23,"turns":4},{"damage":32,"enemies":"Gremlin Leader","floor":25,"turns":5},{"damage":0,"enemies":"3 Cultists","floor":27,"turns":2},{"damage":3,"enemies":"Colosseum Slavers","floor":28,"turns":3},{"damage":9,"enemies":"Colosseum Nobs","floor":28,"turns":4},{"damage":35,"enemies":"Automaton","floor":33,"turns":8},{"damage":1,"enemies":"3 Darklings","floor":35,"turns":3},{"damage":18,"enemies":"2 Orb Walkers","floor":36,"turns":4},{"damage":0,"enemies":"3 Shapes","floor":38,"turns":3},{"damage":0,"enemies":"Maw","floor":39,"turns":6},{"damage":19,"enemies":"Giant Head","floor":41,"turns":8},{"damage":16,"enemies":"3 Darklings","floor":42,"turns":4},{"damage":18,"enemies":"Nemesis","floor":45,"turns":7},{"damage":19,"enemies":"Writhing Mass","floor":48,"turns":4},{"damage":58,"enemies":"Donu and Deca","floor":50,"turns":7}],"seed_played":"-2712051972468499479","potions_obtained":[{"floor":7,"key":"Fire Potion"},{"floor":8,"key":"Fire Potion"},{"floor":14,"key":"Fire Potion"}],"is_trial":false,"path_per_floor":["M","?","M","?","?","R","E","M","T","R","M","M","R","M","R","B",null,"M","M","?","$","M","E","R","E","T","M","?","?","?","$","R","B",null,"M","?","?","M","M","R","E","M","T","R","E","?","?","M","R","B",null],"character_chosen":"DEFECT","items_purchased":["Thunder Strike","Steam","Aggregate","Leap","Coolheaded"],"campfire_rested":2,"item_purchase_floors":[21,21,31,31,31],"current_hp_per_floor":[75,75,70,55,55,55,23,23,23,60,60,60,60,57,57,30,75,73,69,69,69,64,45,45,13,13,25,37,62,62,62,62,39,75,74,56,56,56,56,74,55,39,39,57,39,39,39,32,75,29],"gold":10,"neow_bonus":"TRANSFORM_CARD","is_prod":false,"is_daily":false,"chose_seed":false,"campfire_upgraded":5,"win_rate":0,"timestamp":1550171921,"path_taken":["M","?","M","?","?","R","E","?","T","R","M","M","R","M","R","BOSS","M","M","?","$","M","E","R","E","T","M","?","?","?","$","R","BOSS","M","?","?","M","M","R","E","M","T","R","E","?","?","M","R","BOSS"],"build_version":"2019-01-23","purchased_purges":2,"victory":true,"max_hp_per_floor":[75,75,75,75,75,75,75,75,75,75,75,75,75,75,75,75,75,75,75,75,75,75,75,75,75,75,75,75,75,75,75,75,75,75,75,75,75,75,75,75,75,75,75,75,75,75,75,75,75,75],"card_choices":[{"not_picked":["Streamline","Reprogram"],"picked":"Loop","floor":1},{"not_picked":["Gash","Hello World"],"picked":"Stack","floor":3},{"not_picked":["Static Discharge","Hello World"],"picked":"Ball Lightning","floor":7},{"not_picked":["Ball Lightning","Steam"],"picked":"BootSequence","floor":8},{"not_picked":["Barrage","Conserve Battery"],"picked":"Auto Shields","floor":11},{"not_picked":["Genetic Algorithm","White Noise"],"picked":"Compile Driver","floor":12},{"not_picked":["Rip and Tear","Compile Driver"],"picked":"Barrage","floor":14},{"not_picked":["Rainbow","Machine Learning"],"picked":"Electrodynamics","floor":16},{"not_picked":["Leap","Rip and Tear+1"],"picked":"Cold Snap+1","floor":18},{"not_picked":["Loop","Tempest"],"picked":"Ball Lightning+1","floor":19},{"not_picked":["Gash","Redo"],"picked":"Skim","floor":22},{"not_picked":["Leap+1","Compile Driver+1"],"picked":"Hologram","floor":23},{"not_picked":["Melter","Skim"],"picked":"Coolheaded","floor":25},{"not_picked":["Hello World+1","Gash"],"picked":"Cold Snap+1","floor":27},{"not_picked":["Stack","Sweeping Beam"],"picked":"Loop+1","floor":28},{"not_picked":["Buffer","Echo Form"],"picked":"Core Surge+1","floor":33},{"not_picked":["Consume+1","Turbo"],"picked":"Defragment","floor":35},{"not_picked":["Coolheaded","Rebound+1"],"picked":"Stack+1","floor":36},{"not_picked":["Streamline+1","Doom and Gloom+1","Heatsinks"],"picked":"SKIP","floor":38},{"not_picked":["Reprogram","Barrage+1"],"picked":"Steam Power+1","floor":39},{"not_picked":["Storm","Doom and Gloom+1"],"picked":"Gash+1","floor":41},{"not_picked":["Darkness","Thunder Strike+1"],"picked":"Compile Driver+1","floor":42},{"not_picked":["Loop","Aggregate+1"],"picked":"White Noise+1","floor":45},{"not_picked":["HandOfGreed+1","Metamorphosis"],"picked":"Trip","floor":47},{"not_picked":["Darkness","Turbo+1"],"picked":"Hello World+1","floor":48}],"player_experience":299636,"relics_obtained":[{"floor":5,"key":"Regal Pillow"},{"floor":7,"key":"DataDisk"},{"floor":9,"key":"Bag of Preparation"},{"floor":23,"key":"Tiny Chest"},{"floor":25,"key":"Bottled Lightning"},{"floor":26,"key":"Meat on the Bone"},{"floor":28,"key":"FossilizedHelix"},{"floor":28,"key":"The Courier"},{"floor":32,"key":"Molten Egg 2"},{"floor":36,"key":"Emotion Chip"},{"floor":40,"key":"Happy Flower"},{"floor":41,"key":"Potion Belt"},{"floor":43,"key":"Bottled Tornado"},{"floor":45,"key":"Bronze Scales"}],"event_choices":[{"damage_healed":0,"gold_gain":0,"cards_transformed":["Defend_B"],"player_choice":"Change","damage_taken":0,"max_hp_gain":0,"max_hp_loss":0,"event_name":"Living Wall","floor":2,"gold_loss":0,"cards_obtained":["Creative AI"]},{"damage_healed":0,"gold_gain":0,"player_choice":"Entered Light","damage_taken":15,"max_hp_gain":0,"max_hp_loss":0,"event_name":"Shining Light","floor":4,"gold_loss":0,"cards_upgraded":["Dualcast","Strike_B"]},{"damage_healed":0,"gold_gain":0,"player_choice":"Relic","damage_taken":0,"max_hp_gain":0,"max_hp_loss":0,"event_name":"Wheel of Change","floor":5,"gold_loss":0},{"damage_healed":0,"gold_gain":0,"player_choice":"Obtained Relic","damage_taken":0,"relics_obtained":["Shovel"],"max_hp_gain":0,"max_hp_loss":0,"event_name":"Addict","floor":20,"gold_loss":85},{"damage_healed":0,"gold_gain":0,"player_choice":"Fight","damage_taken":0,"max_hp_gain":0,"max_hp_loss":0,"event_name":"Colosseum","floor":28,"gold_loss":0},{"damage_healed":0,"gold_gain":0,"player_choice":"Fought Nobs","damage_taken":0,"max_hp_gain":0,"max_hp_loss":0,"event_name":"Colosseum","floor":28,"gold_loss":0},{"damage_healed":25,"gold_gain":0,"player_choice":"Heal","damage_taken":0,"max_hp_gain":0,"max_hp_loss":0,"event_name":"The Library","floor":29,"gold_loss":0},{"damage_healed":0,"gold_gain":0,"player_choice":"Ignored","damage_taken":0,"max_hp_gain":0,"max_hp_loss":0,"event_name":"Vampires","floor":30,"gold_loss":0},{"damage_healed":0,"gold_gain":0,"player_choice":"Fight","damage_taken":0,"max_hp_gain":0,"max_hp_loss":0,"event_name":"Mysterious Sphere","floor":36,"gold_loss":0},{"cards_removed":["Defend_B"],"damage_healed":0,"gold_gain":0,"player_choice":"Removed Skill","damage_taken":0,"max_hp_gain":0,"max_hp_loss":0,"event_name":"Falling","floor":37,"gold_loss":0},{"damage_healed":0,"gold_gain":0,"player_choice":"Paid","damage_taken":0,"relics_obtained":["Red Mask"],"max_hp_gain":0,"max_hp_loss":0,"event_name":"Tomb of Lord Red Mask","floor":46,"gold_loss":279},{"damage_healed":0,"gold_gain":0,"player_choice":"Memory 1","damage_taken":0,"max_hp_gain":0,"max_hp_loss":0,"event_name":"SensoryStone","floor":47,"gold_loss":0}],"is_beta":false,"boss_relics":[{"not_picked":["Orrery","Velvet Choker"],"picked":"Sozu"},{"not_picked":["Philosopher\u0027s Stone","Pandora\u0027s Box"],"picked":"Eternal Feather"}],"items_purged_floors":[21,31],"is_endless":false,"potions_floor_spawned":[7,8,14,16,18,23,27,28,33,36,39,41,45],"ascension_level":4}