{"gold_per_floor":[110,110,10,10,23,58,58,75,75,91,91,91,166,176,176,273,273,292,292,274,303,228,255,255,275,351,266,282,282,135,135],"floor_reached":31,"playtime":2198,"items_purged":["Strike_R","Strike_R"],"score":278,"play_id":"67555ea5-230e-418d-bb41-cba5d577f70d","local_time":"20190219025616","is_ascension_mode":false,"campfire_choices":[{"data":"Clothesline","floor":7,"key":"SMITH"},{"data":"Rampage","floor":11,"key":"SMITH"},{"data":"Cleave","floor":15,"key":"SMITH"},{"data":"True Grit","floor":24,"key":"SMITH"},{"data":"Disarm","floor":29,"key":"SMITH"}],"neow_cost":"NONE","seed_source_timestamp":3380062812768,"circlet_count":0,"master_deck":["Strike_R","Defend_R","Defend_R","Defend_R","Defend_R","Bash+1","Shrug It Off","Clothesline+1","Reaper","Anger","Shrug It Off","Cleave+1","Rampage+1","Disarm+1","Demon Form","Heavy Blade+1","True Grit+1","Sword Boomerang+1","Armaments"],"relics":["Burning Blood","NeowsBlessing","Meat on the Bone","Bottled Flame","Sozu","Red Mask","Bottled Lightning","Sundial","Bag of Marbles"],"potions_floor_usage":[16],"damage_taken":[{"damage":0,"enemies":"2 Louse","floor":1,"turns":1},{"damage":0,"enemies":"Cultist","floor":5,"turns":1},{"damage":0,"enemies":"3 Sentries","floor":6,"turns":2},{"damage":3,"enemies":"Jaw Worm","floor":8,"turns":2},{"damage":2,"enemies":"Looter","floor":10,"turns":3},{"damage":4,"enemies":"2 Fungi Beasts","floor":14,"turns":3},{"damage":66,"enemies":"Slime Boss","floor":16,"turns":10},{"damage":10,"enemies":"Chosen","floor":18,"turns":6},{"damage":22,"enemies":"2 Thieves","floor":20,"turns":4},{"damage":15,"enemies":"Masked Bandits","floor":21,"turns":4},{"damage":30,"enemies":"Book of Stabbing","floor":23,"turns":7},{"damage":25,"enemies":"3 Cultists","floor":25,"turns":6},{"damage":17,"enemies":"Shelled Parasite and Fungi","floor":28,"turns":7},{"damage":64,"enemies":"Slavers","floor":31,"turns":4}],"seed_played":"5429233419281578018","potions_obtained":[{"floor":8,"key":"LiquidBronze"}],"is_trial":false,"path_per_floor":["M","?","$","?","M","E","R","M","T","M","R","?","?","M","R","B",null,"M","?","M","?","?","E","R","M","T","?","M","R","$","E"],"character_chosen":"IRONCLAD","items_purchased":["Clothesline","Armaments"],"campfire_rested":0,"item_purchase_floors":[3,30],"current_hp_per_floor":[80,80,80,80,80,80,80,80,80,80,80,80,69,71,71,29,80,76,76,66,57,57,45,45,38,38,38,51,51,51,0],"gold":135,"neow_bonus":"THREE_ENEMY_KILL","is_prod":false,"is_daily":false,"chose_seed":false,"campfire_upgraded":5,"win_rate":0,"timestamp":1550537776,"path_taken":["M","?","?","?","M","E","R","M","T","?","R","?","?","M","R","BOSS","M","?","M","?","?","E","R","M","T","?","?","R","$","E"],"build_version":"2019-01-23","purchased_purges":2,"victory":false,"max_hp_per_floor":[80,80,80,80,80,80,80,80,80,80,80,80,80,80,80,80,80,80,80,80,80,80,80,80,80,80,80,80,80,80,80],"card_choices":[{"not_picked":["Power Through","Wild Strike"],"picked":"Shrug It Off","floor":1},{"not_picked":["Carnage","Blood for Blood"],"picked":"Anger","floor":5},{"not_picked":["Barricade","Seeing Red"],"picked":"Shrug It Off","floor":6},{"not_picked":["Wild Strike","Pummel"],"picked":"Cleave","floor":8},{"not_picked":["Armaments","Headbutt"],"picked":"Rampage","floor":10},{"not_picked":["Clothesline","Barricade"],"picked":"Disarm","floor":14},{"not_picked":["Immolate","Feed"],"picked":"Demon Form","floor":16},{"not_picked":["Flex","Pommel Strike+1"],"picked":"Heavy Blade+1","floor":18},{"not_picked":["Clothesline","Intimidate"],"picked":"Sword Boomerang+1","floor":20},{"not_picked":["Reaper","Sword Boomerang+1","Pommel Strike"],"picked":"SKIP","floor":23},{"not_picked":["Twin Strike+1","Pommel Strike","Metallicize"],"picked":"SKIP","floor":25},{"not_picked":["Uppercut","Pommel Strike","Twin Strike"],"picked":"SKIP","floor":28}],"player_experience":397773,"relics_obtained":[{"floor":6,"key":"Meat on the Bone"},{"floor":9,"key":"Bottled Flame"},{"floor":21,"key":"Red Mask"},{"floor":23,"key":"Bottled Lightning"},{"floor":26,"key":"Sundial"}],"event_choices":[{"damage_healed":0,"gold_gain":0,"player_choice":"Upgraded","damage_taken":0,"max_hp_gain":0,"max_hp_loss":0,"event_name":"Upgrade Shrine","floor":2,"gold_loss":0,"cards_upgraded":["Bash"]},{"damage_healed":0,"gold_gain":0,"cards_transformed":["Strike_R"],"player_choice":"Transformed","damage_taken":0,"max_hp_gain":0,"max_hp_loss":0,"event_name":"Transmorgrifier","floor":4,"gold_loss":0,"cards_obtained":["Reaper"]},{"damage_healed":0,"gold_gain":0,"player_choice":"Ignored","damage_taken":0,"max_hp_gain":0,"max_hp_loss":0,"event_name":"Liars Game","floor":12,"gold_loss":0},{"damage_healed":0,"gold_gain":75,"player_choice":"Gather Gold","damage_taken":11,"max_hp_gain":0,"max_hp_loss":0,"event_name":"World of Goop","floor":13,"gold_loss":0},{"damage_healed":0,"gold_gain":0,"player_choice":"Read","damage_taken":0,"max_hp_gain":0,"max_hp_loss":0,"event_name":"The Library","floor":19,"gold_loss":0,"cards_obtained":["True Grit"]},{"damage_healed":0,"gold_gain":0,"player_choice":"Fought Bandits","damage_taken":0,"max_hp_gain":0,"max_hp_loss":0,"event_name":"Masked Bandits","floor":21,"gold_loss":0},{"cards_removed":["Strike_R"],"damage_healed":0,"gold_gain":0,"player_choice":"Gave Gold","damage_taken":0,"max_hp_gain":0,"max_hp_loss":0,"event_name":"Beggar","floor":22,"gold_loss":75},{"damage_healed":0,"gold_gain":0,"player_choice":"Obtained Relic","damage_taken":0,"relics_obtained":["Bag of Marbles"],"max_hp_gain":0,"max_hp_loss":0,"event_name":"Addict","floor":27,"gold_loss":85}],"is_beta":false,"boss_relics":[{"not_picked":["Calling Bell","Runic Dome"],"picked":"Sozu"}],"items_purged_floors":[3,30],"is_endless":false,"potions_floor_spawned":[8,18,20,28],"killed_by":"Slavers","ascension_level":0}