{"path_per_floor":["M","?","?","$","?","R","E","R","T","?","M","R","E","M","R","B",null,"M","?","?","$","?","R","E","R","T","E","M","M","M","$","R","B",null,"M","?","?","?","$","E","R","M","T","R","M","M","M","M","R","B"],"character_chosen":"IRONCLAD","items_purchased":["Apotheosis","Kunai","Feed"],"gold_per_floor":[217,217,217,14,14,14,42,42,111,111,130,130,163,178,178,283,283,294,294,294,53,79,79,110,110,110,139,154,168,187,31,31,132,132,151,151,151,151,76,109,109,125,125,125,139,150,160,170,170,170],"floor_reached":51,"campfire_rested":3,"playtime":2807,"current_hp_per_floor":[71,71,71,71,55,55,37,37,37,37,41,41,37,43,43,60,80,80,80,80,80,80,80,73,73,73,48,54,60,63,63,63,59,84,62,54,54,44,44,12,39,41,41,69,71,74,70,70,101,61],"items_purged":["Strike_R"],"gold":170,"score":788,"play_id":"ef84de53-d18f-49a4-8f4f-b34c68f51ba5","local_time":"20180512144729","is_prod":false,"is_daily":false,"chose_seed":false,"is_ascension_mode":true,"campfire_upgraded":7,"timestamp":1526150849,"path_taken":["M","?","?","$","?","R","E","R","T","?","M","R","E","?","R","BOSS","M","?","?","$","?","R","E","R","T","E","M","M","M","$","R","BOSS","M","?","?","?","?","E","R","M","T","R","M","M","M","?","R","BOSS"],"build_version":"2018-05-11","seed_source_timestamp":291311775909619,"purchased_purges":1,"victory":true,"master_deck":["Strike_R+1","Defend_R","Defend_R","Defend_R","Defend_R","Bash+1","Hemokinesis+1","Apotheosis+1","Clothesline+1","Uppercut+1","Spot Weakness","Battle Trance+1","Fiend Fire+1","Pommel Strike","Shrug It Off","True Grit+1","Disarm+1","Evolve+1","Power Through+1","Searing Blow","Feed","Offering","Combust+1","Enlightenment","Jack Of All Trades","Jack Of All Trades","Fiend Fire","Power Through+1","Sentinel+1","Brutality","Inflame+1"],"max_hp_per_floor":[80,80,80,80,80,80,80,80,80,80,80,80,80,80,80,80,80,80,80,80,80,80,80,80,80,80,80,80,80,80,80,80,84,84,88,88,88,88,88,91,91,94,94,94,98,101,105,105,105,105],"relics":["Burning Blood","Bag of Marbles","Pantograph","Omamori","Velvet Choker","Kunai","Red Mask","Happy Flower","Question Card","Prayer Wheel","Cursed Key","Bottled Flame","Gremlin Horn"],"card_choices":[{"not_picked":["Sword Boomerang","Warcry"],"picked":"Hemokinesis","floor":1},{"not_picked":["Dropkick","Sever Soul"],"picked":"Clothesline","floor":7},{"not_picked":["Seeing Red","Cleave"],"picked":"Uppercut","floor":11},{"not_picked":["Wild Strike","Dropkick"],"picked":"Spot Weakness","floor":13},{"not_picked":["Feel No Pain","Twin Strike"],"picked":"Battle Trance","floor":14},{"not_picked":["Impervious","Limit Break"],"picked":"Fiend Fire","floor":16},{"not_picked":["Headbutt","Warcry+1"],"picked":"Pommel Strike","floor":18},{"not_picked":["Flex","Perfected Strike"],"picked":"True Grit","floor":22},{"not_picked":["Fire Breathing","Bloodletting+1"],"picked":"Disarm+1","floor":24},{"not_picked":["Reckless Charge","Body Slam","Entrench+1"],"picked":"Evolve","floor":27},{"not_picked":["Perfected Strike","Iron Wave","Flame Barrier"],"picked":"Power Through+1","floor":28},{"not_picked":["Wild Strike","Metallicize","Iron Wave"],"picked":"Searing Blow","floor":29},{"not_picked":["Metallicize","True Grit+1","Iron Wave+1","Searing Blow"],"picked":"SKIP","floor":30},{"not_picked":["Juggernaut","Limit Break","Barricade"],"picked":"Offering","floor":33},{"not_picked":["Carnage+1","Cleave","Burning Pact"],"picked":"Combust+1","floor":35},{"not_picked":["Apotheosis","Swift Strike","Deep Breath"],"picked":"Enlightenment","floor":38},{"not_picked":["Blind","Deep Breath","Panacea"],"picked":"Jack Of All Trades","floor":38},{"not_picked":["Blind","Sadistic Nature","Purity"],"picked":"Jack Of All Trades","floor":38},{"not_picked":["Warcry","Anger+1","Sever Soul"],"picked":"Fiend Fire","floor":40},{"not_picked":["Carnage+1","Battle Trance","Burning Pact+1"],"picked":"Power Through+1","floor":42},{"not_picked":["Burning Pact+1","Armaments","Headbutt+1","Fire Breathing"],"picked":"SKIP","floor":43},{"not_picked":["Havoc","Sword Boomerang+1","Headbutt","Flex+1"],"picked":"SKIP","floor":45},{"not_picked":["Havoc","Sword Boomerang+1","Headbutt","Flex+1"],"picked":"SKIP","floor":45},{"not_picked":["True Grit+1","Clothesline","Rupture"],"picked":"Sentinel+1","floor":46},{"not_picked":["Flex","Cleave","Clash"],"picked":"Brutality","floor":47},{"not_picked":["Heavy Blade","Body Slam+1","Anger+1"],"picked":"Inflame+1","floor":48}],"player_experience":116348,"potions_floor_usage":[40,40,40,48,50],"damage_taken":[{"damage":15,"enemies":"Jaw Worm","floor":1,"turns":5},{"damage":24,"enemies":"Lagavulin","floor":7,"turns":5},{"damage":2,"enemies":"Cultist","floor":11,"turns":2},{"damage":10,"enemies":"3 Sentries","floor":13,"turns":6},{"damage":0,"enemies":"2 Louse","floor":14,"turns":3},{"damage":14,"enemies":"The Guardian","floor":16,"turns":10},{"damage":5,"enemies":"Spheric Guardian","floor":18,"turns":3},{"damage":2,"enemies":"Masked Bandits","floor":22,"turns":3},{"damage":13,"enemies":"Book of Stabbing","floor":24,"turns":4},{"damage":31,"enemies":"Slavers","floor":27,"turns":7},{"damage":0,"enemies":"2 Thieves","floor":28,"turns":2},{"damage":0,"enemies":"Centurion and Healer","floor":29,"turns":4},{"damage":3,"enemies":"Snake Plant","floor":30,"turns":3},{"damage":31,"enemies":"Champ","floor":33,"turns":7},{"damage":32,"enemies":"3 Darklings","floor":35,"turns":4},{"damage":47,"enemies":"2 Orb Walkers","floor":40,"turns":4},{"damage":11,"enemies":"3 Shapes","floor":42,"turns":6},{"damage":14,"enemies":"Flame Bruiser 2 Orb","floor":45,"turns":6},{"damage":6,"enemies":"4 Shapes","floor":46,"turns":4},{"damage":14,"enemies":"3 Darklings","floor":47,"turns":7},{"damage":6,"enemies":"Flame Bruiser 2 Orb","floor":48,"turns":5},{"damage":50,"enemies":"Awakened One","floor":50,"turns":13}],"event_choices":[{"event_name":"Accursed Blacksmith","player_choice":"Forge","floor":2,"damage_taken":0},{"event_name":"Bonfire Elementals","player_choice":"BASIC","floor":3,"damage_taken":0},{"event_name":"Shining Light","player_choice":"Entered Light","floor":5,"damage_taken":0},{"event_name":"Match and Keep!","player_choice":"0 cards matched","floor":10,"damage_taken":0},{"event_name":"The Library","player_choice":"Read","floor":19,"damage_taken":0},{"event_name":"Back to Basics","player_choice":"Elegance","floor":20,"damage_taken":0},{"event_name":"Masked Bandits","player_choice":"Fought over 53 gold","floor":22,"damage_taken":0},{"event_name":"Wheel of Change","player_choice":"Damage","floor":36,"damage_taken":0},{"event_name":"SensoryStone","player_choice":"Memory 3","floor":38,"damage_taken":0}],"boss_relics":[{"not_picked":["Sozu","Orrery"],"picked":"Velvet Choker"},{"not_picked":["Black Blood","Lizard Tail"],"picked":"Cursed Key"}],"potions_floor_spawned":[11,14,16,18,27,30,35,42,46],"seed_played":"2555563907400728720","ascension_level":2,"is_trial":false}