{"gold_per_floor":[217,227,56,74,74,107,107,134,134,134,162,162,188,188,188,267,267,282,28,88,88,120,120,173,173,203,203],"floor_reached":27,"playtime":1849,"items_purged":["Strike_G"],"score":445,"play_id":"6cabcdb7-bc35-4a5b-8175-761c8ab40a62","local_time":"20190303160938","is_ascension_mode":true,"campfire_choices":[{"floor":7,"key":"REST"},{"floor":10,"key":"REST"},{"data":"Glass Knife","floor":15,"key":"SMITH"},{"floor":23,"key":"REST"},{"floor":25,"key":"REST"}],"neow_cost":"NONE","seed_source_timestamp":73664029564456,"circlet_count":0,"master_deck":["AscendersBane","Defend_G","Defend_G","Defend_G","Defend_G","Defend_G","Strike_G","Strike_G","Strike_G","Strike_G","Survivor","Neutralize","Infinite Blades","Infinite Blades","Acrobatics","Backflip","Slice","Acrobatics","Glass Knife+1","Venomology","Sucker Punch","HandOfGreed","Slice","Choke+1","Deflect"],"relics":["Ring of the Snake","Vajra","Ornamental Fan","Matryoshka","Orichalcum","Pantograph","Odd Mushroom","Centennial Puzzle","Philosopher\u0027s Stone","Lantern","The Courier","Tiny Chest"],"potions_floor_usage":[6,18,22,22,22,24,24,27],"damage_taken":[{"damage":0,"enemies":"Cultist","floor":1,"turns":4},{"damage":6,"enemies":"Jaw Worm","floor":2,"turns":5},{"damage":7,"enemies":"2 Louse","floor":4,"turns":4},{"damage":33,"enemies":"Lagavulin","floor":6,"turns":7},{"damage":14,"enemies":"3 Sentries","floor":8,"turns":9},{"damage":8,"enemies":"The Mushroom Lair","floor":11,"turns":5},{"damage":24,"enemies":"Gremlin Nob","floor":13,"turns":5},{"damage":26,"enemies":"Slime Boss","floor":16,"turns":8},{"damage":1,"enemies":"Chosen","floor":18,"turns":4},{"damage":11,"enemies":"2 Thieves","floor":20,"turns":4},{"damage":5,"enemies":"Snake Plant","floor":22,"turns":5},{"damage":24,"enemies":"Book of Stabbing","floor":24,"turns":5},{"damage":33,"enemies":"Gremlin Leader","floor":27,"turns":6}],"seed_played":"-4764725150402704777","potions_obtained":[{"floor":4,"key":"LiquidBronze"},{"floor":6,"key":"FairyPotion"},{"floor":13,"key":"LiquidBronze"},{"floor":22,"key":"GhostInAJar"}],"is_trial":false,"path_per_floor":["M","M","$","M","?","E","R","E","T","R","?","?","E","?","R","B",null,"M","$","M","?","M","R","E","R","T","E"],"character_chosen":"THE_SILENT","items_purchased":["Vajra","HandOfGreed"],"campfire_rested":4,"item_purchase_floors":[3,19],"current_hp_per_floor":[59,53,53,46,35,2,21,7,7,26,18,18,3,3,3,2,50,49,49,38,20,15,36,12,33,33,0],"gold":203,"neow_bonus":"HUNDRED_GOLD","is_prod":false,"is_daily":false,"chose_seed":false,"campfire_upgraded":1,"win_rate":0,"timestamp":1551647378,"path_taken":["M","?","$","M","?","E","R","E","T","R","?","?","E","?","R","BOSS","M","$","M","?","M","R","E","R","T","E"],"build_version":"2019-01-23","purchased_purges":1,"victory":false,"max_hp_per_floor":[66,66,66,66,66,66,66,66,66,66,66,66,66,66,66,66,66,66,66,66,71,71,71,71,71,71,71],"card_choices":[{"not_picked":["PiercingWail","Prepared"],"picked":"Infinite Blades","floor":1},{"not_picked":["Catalyst","Underhanded Strike"],"picked":"Infinite Blades","floor":2},{"not_picked":["Poisoned Stab","Deflect"],"picked":"Acrobatics","floor":4},{"not_picked":["Underhanded Strike","Terror"],"picked":"Backflip","floor":6},{"not_picked":["Bane","Distraction"],"picked":"Slice","floor":8},{"not_picked":["Deadly Poison","Dagger Throw"],"picked":"Acrobatics","floor":11},{"not_picked":["Eviscerate","Bouncing Flask"],"picked":"Glass Knife","floor":13},{"not_picked":["Night Terror","Doppelganger"],"picked":"Venomology","floor":16},{"not_picked":["Prepared","Blur"],"picked":"Sucker Punch","floor":18},{"not_picked":["Acrobatics","Crippling Poison"],"picked":"Slice","floor":20},{"not_picked":["Infinite Blades","Outmaneuver"],"picked":"Choke+1","floor":22},{"not_picked":["Catalyst","Underhanded Strike"],"picked":"Deflect","floor":24}],"player_experience":808427,"relics_obtained":[{"floor":6,"key":"Ornamental Fan"},{"floor":8,"key":"Matryoshka"},{"floor":9,"key":"Orichalcum"},{"floor":9,"key":"Pantograph"},{"floor":11,"key":"Odd Mushroom"},{"floor":13,"key":"Centennial Puzzle"},{"floor":24,"key":"Lantern"},{"floor":26,"key":"The Courier"},{"floor":26,"key":"Tiny Chest"}],"event_choices":[{"damage_healed":0,"gold_gain":0,"player_choice":"Fled","damage_taken":11,"max_hp_gain":0,"max_hp_loss":0,"event_name":"Scrap Ooze","floor":5,"gold_loss":0},{"damage_healed":0,"gold_gain":0,"player_choice":"Fought Mushrooms","damage_taken":0,"max_hp_gain":0,"max_hp_loss":0,"event_name":"Mushrooms","floor":11,"gold_loss":0},{"damage_healed":0,"gold_gain":0,"player_choice":"Ignored","damage_taken":0,"max_hp_gain":0,"max_hp_loss":0,"event_name":"Golden Wing","floor":12,"gold_loss":0},{"damage_healed":0,"gold_gain":0,"player_choice":"Ignored","damage_taken":0,"max_hp_gain":0,"max_hp_loss":0,"event_name":"Shining Light","floor":14,"gold_loss":0},{"damage_healed":0,"gold_gain":0,"player_choice":"Shed Blood","damage_taken":23,"max_hp_gain":5,"max_hp_loss":0,"event_name":"Forgotten Altar","floor":21,"gold_loss":0}],"is_beta":false,"boss_relics":[{"not_picked":["Runic Pyramid","Empty Cage"],"picked":"Philosopher\u0027s Stone"}],"items_purged_floors":[19],"is_endless":false,"potions_floor_spawned":[4,6,13,22],"killed_by":"Gremlin Leader","ascension_level":16}