{"gold_per_floor":[117,127,29,43,63,63,89,104,129,162,180,207,282,300,300,396,396,409,436,436,192,206,241,241,331,331,363,374,374,407,425,425,530,530,549,15,29,41,89,89,118,118,118,218,245,257,269,291,303,315],"floor_reached":51,"playtime":2936,"items_purged":["Strike_G","Writhe","Infinite Blades+1"],"score":1386,"play_id":"69dce88f-3e17-4ee4-86c6-7454f4825924","local_time":"20190224174119","is_ascension_mode":true,"campfire_choices":[{"data":"Glass Knife","floor":6,"key":"SMITH"},{"data":"Neutralize","floor":15,"key":"SMITH"},{"floor":29,"key":"REST"},{"data":"Caltrops","floor":32,"key":"SMITH"},{"data":"Catalyst","floor":40,"key":"SMITH"},{"data":"Wraith Form v2","floor":47,"key":"SMITH"},{"data":"Footwork","floor":49,"key":"SMITH"}],"neow_cost":"NONE","seed_source_timestamp":329239264649772,"circlet_count":0,"master_deck":["AscendersBane","Defend_G+1","Defend_G+1","Defend_G+1","Defend_G+1","Defend_G+1","Survivor","Neutralize+1","Backflip","Leg Sweep","Quick Slash","Catalyst+1","Glass Knife+1","Backflip","Dash","Corpse Explosion","Dagger Spray","Burst","Malaise+1","Venomology+1","Bouncing Flask","Discovery","Poisoned Stab","Footwork+1","Caltrops+1","Wraith Form v2+1"],"relics":["Velvet Choker","Mercury Hourglass","Regal Pillow","Anchor","Vajra","Astrolabe","Bag of Preparation","Darkstone Periapt","PreservedInsect","Smiling Mask","Girya","Paper Crane","Busted Crown","Membership Card","Ice Cream","Bottled Lightning","Shovel","Sundial","Pear","Thread and Needle","MawBank"],"potions_floor_usage":[10,18,23,23,27,30,31,33,35,35,39,45,45,50],"damage_taken":[{"damage":0,"enemies":"2 Louse","floor":1,"turns":4},{"damage":1,"enemies":"Cultist","floor":2,"turns":5},{"damage":0,"enemies":"Small Slimes","floor":4,"turns":5},{"damage":0,"enemies":"Red Slaver","floor":5,"turns":5},{"damage":15,"enemies":"3 Sentries","floor":7,"turns":8},{"damage":0,"enemies":"Looter","floor":8,"turns":3},{"damage":0,"enemies":"Gremlin Nob","floor":10,"turns":2},{"damage":0,"enemies":"Large Slime","floor":11,"turns":4},{"damage":5,"enemies":"Lagavulin","floor":12,"turns":5},{"damage":0,"enemies":"3 Louse","floor":14,"turns":3},{"damage":9,"enemies":"Slime Boss","floor":16,"turns":8},{"damage":14,"enemies":"Shell Parasite","floor":18,"turns":6},{"damage":0,"enemies":"Chosen","floor":22,"turns":6},{"damage":2,"enemies":"Gremlin Leader","floor":23,"turns":6},{"damage":0,"enemies":"Slavers","floor":27,"turns":3},{"damage":0,"enemies":"Snecko","floor":28,"turns":4},{"damage":0,"enemies":"Book of Stabbing","floor":30,"turns":5},{"damage":4,"enemies":"Centurion and Healer","floor":31,"turns":4},{"damage":10,"enemies":"Collector","floor":33,"turns":9},{"damage":0,"enemies":"Orb Walker","floor":35,"turns":3},{"damage":0,"enemies":"3 Shapes","floor":37,"turns":2},{"damage":19,"enemies":"Spire Growth","floor":38,"turns":7},{"damage":5,"enemies":"2 Orb Walkers","floor":39,"turns":3},{"damage":3,"enemies":"Reptomancer","floor":41,"turns":5},{"damage":0,"enemies":"Mind Bloom Boss Battle","floor":44,"turns":6},{"damage":11,"enemies":"Nemesis","floor":45,"turns":7},{"damage":0,"enemies":"Jaw Worm Horde","floor":48,"turns":3},{"damage":25,"enemies":"Awakened One","floor":50,"turns":14}],"seed_played":"-4768395460124290989","potions_obtained":[{"floor":5,"key":"GamblersBrew"},{"floor":7,"key":"AttackPotion"},{"floor":10,"key":"GamblersBrew"},{"floor":14,"key":"SpeedPotion"},{"floor":31,"key":"GhostInAJar"}],"is_trial":false,"path_per_floor":["M","M","$","M","M","R","E","M","T","E","M","E","?","M","R","B",null,"M","T","?","$","M","E","?","?","T","E","M","R","E","M","R","B",null,"M","$","M","M","?","R","E","?","T","?","E","?","R","M","R","B",null],"character_chosen":"THE_SILENT","items_purchased":["Quick Slash","PreservedInsect","Membership Card","Ice Cream","Bottled Lightning"],"campfire_rested":1,"item_purchase_floors":[3,21,36,36,36],"current_hp_per_floor":[63,62,62,62,62,62,47,47,47,47,47,42,35,35,35,26,59,45,45,51,51,51,49,49,28,28,28,28,65,65,61,61,51,70,70,70,70,51,46,46,43,43,53,53,42,75,75,75,75,65],"gold":327,"neow_bonus":"BOSS_RELIC","is_prod":false,"is_daily":false,"chose_seed":false,"campfire_upgraded":6,"win_rate":0,"timestamp":1551048079,"path_taken":["M","M","$","M","M","R","E","M","T","E","M","E","?","M","R","BOSS","M","?","?","$","M","E","?","?","T","E","?","R","E","M","R","BOSS","M","$","M","M","?","R","E","?","T","?","E","?","R","?","R","BOSS"],"build_version":"2019-01-23","purchased_purges":3,"victory":true,"max_hp_per_floor":[70,70,70,70,70,70,70,70,70,70,70,70,70,70,70,70,70,70,70,76,76,76,76,76,76,76,76,76,76,76,76,76,76,76,76,76,76,76,76,76,76,76,86,86,86,75,75,75,75,75],"card_choices":[{"not_picked":["Prepared","Underhanded Strike"],"picked":"Backflip","floor":1},{"not_picked":["Quick Slash","Outmaneuver"],"picked":"Leg Sweep","floor":2},{"not_picked":["Blade Dance","Slice"],"picked":"Catalyst","floor":4},{"not_picked":["Bane","Underhanded Strike"],"picked":"Glass Knife","floor":5},{"not_picked":["Accuracy","Quick Slash","Slice"],"picked":"SKIP","floor":7},{"not_picked":["Blade Dance","Quick Slash"],"picked":"Backflip","floor":8},{"not_picked":["Slice","Acrobatics"],"picked":"Dash","floor":10},{"not_picked":["Choke","Distraction"],"picked":"Corpse Explosion","floor":11},{"not_picked":["Infinite Blades","Catalyst","Eviscerate"],"picked":"SKIP","floor":12},{"not_picked":["Bane","Prepared"],"picked":"Dagger Spray","floor":14},{"not_picked":["Storm of Steel","Doppelganger"],"picked":"Burst","floor":16},{"not_picked":["Eviscerate","Dagger Throw","Cloak And Dagger"],"picked":"SKIP","floor":18},{"not_picked":["Deflect","Dagger Spray+1","Setup"],"picked":"SKIP","floor":22},{"not_picked":["Riddle With Holes","Prepared"],"picked":"Bouncing Flask","floor":23},{"not_picked":["Masterful Stab","Backflip"],"picked":"Poisoned Stab","floor":27},{"not_picked":["Crippling Poison","Underhanded Strike"],"picked":"Footwork","floor":28},{"not_picked":["Dodge and Roll","Acrobatics"],"picked":"Caltrops","floor":30},{"not_picked":["Deflect","Choke","Flying Knee+1"],"picked":"SKIP","floor":31},{"not_picked":["Doppelganger","Glass Knife"],"picked":"Wraith Form v2","floor":33},{"not_picked":["Underhanded Strike"],"picked":"SKIP","floor":35},{"not_picked":["Blade Dance"],"picked":"SKIP","floor":37},{"not_picked":["Dagger Throw+1"],"picked":"SKIP","floor":38},{"not_picked":["Expertise"],"picked":"SKIP","floor":41},{"not_picked":["Riddle With Holes"],"picked":"SKIP","floor":45},{"not_picked":["Setup"],"picked":"SKIP","floor":48}],"player_experience":719133,"relics_obtained":[{"floor":7,"key":"Mercury Hourglass"},{"floor":9,"key":"Regal Pillow"},{"floor":10,"key":"Anchor"},{"floor":12,"key":"Vajra"},{"floor":19,"key":"Bag of Preparation"},{"floor":23,"key":"Smiling Mask"},{"floor":27,"key":"Girya"},{"floor":30,"key":"Paper Crane"},{"floor":39,"key":"Shovel"},{"floor":41,"key":"Sundial"},{"floor":43,"key":"Pear"},{"floor":44,"key":"Thread and Needle"},{"floor":45,"key":"MawBank"}],"event_choices":[{"damage_healed":0,"gold_gain":75,"player_choice":"Touch","damage_taken":7,"max_hp_gain":0,"max_hp_loss":0,"event_name":"FaceTrader","floor":13,"gold_loss":0},{"damage_healed":0,"gold_gain":0,"player_choice":"Opened","damage_taken":0,"relics_obtained":["Darkstone Periapt"],"max_hp_gain":0,"max_hp_loss":0,"event_name":"The Mausoleum","floor":20,"gold_loss":0,"cards_obtained":["Writhe"]},{"damage_healed":0,"gold_gain":0,"player_choice":"Simplicity","damage_taken":0,"max_hp_gain":0,"max_hp_loss":0,"event_name":"Back to Basics","floor":24,"gold_loss":0,"cards_upgraded":["Defend_G","Defend_G","Defend_G","Defend_G","Defend_G","Strike_G"]},{"damage_healed":0,"gold_gain":90,"player_choice":"CARD GOLD ","damage_taken":21,"max_hp_gain":0,"max_hp_loss":0,"event_name":"Knowing Skull","floor":25,"potions_obtained":[],"gold_loss":0,"cards_obtained":["Discovery"]},{"damage_healed":0,"gold_gain":0,"player_choice":"Fight","damage_taken":0,"max_hp_gain":0,"max_hp_loss":0,"event_name":"Mysterious Sphere","floor":39,"gold_loss":0},{"cards_removed":["Strike_G"],"damage_healed":0,"gold_gain":0,"player_choice":"Removed Attack","damage_taken":0,"max_hp_gain":0,"max_hp_loss":0,"event_name":"Falling","floor":42,"gold_loss":0},{"damage_healed":0,"gold_gain":0,"player_choice":"Fight","damage_taken":0,"max_hp_gain":0,"max_hp_loss":0,"event_name":"MindBloom","floor":44,"gold_loss":0},{"damage_healed":75,"gold_gain":0,"player_choice":"Heal","damage_taken":0,"max_hp_gain":0,"max_hp_loss":11,"event_name":"The Moai Head","floor":46,"gold_loss":0}],"is_beta":false,"boss_relics":[{"not_picked":["Sozu","Snecko Eye"],"picked":"Astrolabe"},{"not_picked":["Calling Bell","Tiny House"],"picked":"Busted Crown"}],"items_purged_floors":[3,21,36],"is_endless":false,"potions_floor_spawned":[5,7,10,14,28,30,31,39,44],"ascension_level":12}