{"path_per_floor":["M","?","?","M","M","R","M","R","T","M","?","M","$","M","R","B",null,"M","?","?","M","?","R","?","T","T","M","R","$","R","M","R","B",null,"M","M","?","$","?","R","M","M","T","R","E","M","?","?","R","B"],"character_chosen":"DEFECT","items_purchased":["Reboot","Frozen Eye","Bag of Preparation"],"gold_per_floor":[114,114,64,84,102,102,120,120,144,157,187,205,46,63,63,163,163,175,175,275,292,292,292,207,207,207,227,227,32,32,47,47,143,143,159,174,174,26,26,26,44,56,81,81,116,127,127,127,127,127],"floor_reached":51,"campfire_rested":1,"playtime":3485,"current_hp_per_floor":[63,60,60,60,60,60,46,46,46,46,46,48,48,39,61,48,75,69,69,69,74,58,58,58,58,58,65,65,65,65,59,59,43,75,75,75,75,75,75,75,75,75,82,82,82,82,72,72,72,64],"items_purged":[],"gold":127,"score":667,"play_id":"73dfac48-5ced-4381-a8ea-e7dcb05e88b8","local_time":"20180507174856","is_prod":false,"is_daily":false,"chose_seed":false,"is_ascension_mode":false,"campfire_upgraded":9,"timestamp":1525729736,"path_taken":["M","?","?","M","M","R","?","R","T","M","?","M","$","M","R","BOSS","M","?","?","?","?","R","?","?","T","M","R","$","R","M","R","BOSS","M","M","?","$","?","R","M","M","T","R","E","M","?","?","R","BOSS"],"build_version":"2018-05-03","seed_source_timestamp":499079622333577,"purchased_purges":0,"victory":true,"master_deck":["Strike_B","Strike_B","Strike_B","Defend_B","Defend_B","Defend_B","Defend_B","Zap+1","Dualcast+1","Coolheaded","Skim","Hello World","Defragment+1","Self Repair","Stack","Reboot+1","Ball Lightning","Machine Learning+1","Reprogram+1","Leap","Darkness+1","Doom and Gloom","Axe Kick+1","All For One","Go for the Eyes+1","Thunder Strike+1","Hologram+1","Buffer+1","Streamline+1","Force Field","Steam Power","Glacier+1","Madness","Madness"],"max_hp_per_floor":[75,75,75,75,75,75,75,75,75,75,75,75,75,75,75,75,75,75,75,75,75,75,75,75,75,75,75,75,75,75,75,75,75,75,75,75,75,75,75,75,75,75,82,82,82,82,82,82,82,82],"relics":["Cracked Core","Anchor","Prayer Wheel","Orichalcum","Sozu","Enchiridion","Happy Flower","Question Card","Mummified Hand","Frozen Eye","Nuclear Battery","Bag of Preparation","Strawberry","Dream Catcher"],"card_choices":[{"not_picked":["Streamline","Force Field"],"picked":"Coolheaded","floor":1},{"not_picked":["Hologram","Cold Snap"],"picked":"Skim","floor":4},{"not_picked":["Consume","Stack"],"picked":"Hello World","floor":5},{"not_picked":["Reinforced Body","Beam Cell"],"picked":"Defragment","floor":7},{"not_picked":["Auto Shields","Sweeping Beam"],"picked":"Self Repair","floor":10},{"not_picked":["Hologram","Hello World"],"picked":"Stack","floor":12},{"not_picked":["Hologram","Melter"],"picked":"Ball Lightning","floor":14},{"not_picked":["Creative AI","Fission"],"picked":"Machine Learning","floor":16},{"not_picked":["Darkness","Impulse"],"picked":"Reprogram","floor":18},{"not_picked":["Capacitor","Streamline"],"picked":"Darkness","floor":21},{"not_picked":["Chill","Stack"],"picked":"Doom and Gloom","floor":25},{"not_picked":["Beam Cell","Reprogram","Coolheaded"],"picked":"Axe Kick","floor":26},{"not_picked":["Streamline","Leap","Coolheaded"],"picked":"All For One","floor":27},{"not_picked":["Ball Lightning","Hello World","Static Discharge"],"picked":"Go for the Eyes","floor":31},{"not_picked":["Multi-Cast","All For One","Seek"],"picked":"Thunder Strike","floor":33},{"not_picked":["Beam Cell","Axe Kick","Double Energy"],"picked":"Hologram","floor":35},{"not_picked":["Leap","Cold Snap","White Noise"],"picked":"Buffer","floor":36},{"not_picked":["Force Field","Axe Kick","Ball Lightning"],"picked":"Streamline","floor":41},{"not_picked":["Chaos","Reinforced Body","Stack"],"picked":"Force Field","floor":43},{"not_picked":["Reinforced Body","Genetic Algorithm","Glacier"],"picked":"Steam Power","floor":45},{"not_picked":["Coolheaded","Chaos","Force Field"],"picked":"Glacier","floor":46}],"player_experience":17813,"potions_floor_usage":[16,50,50],"damage_taken":[{"damage":12,"enemies":"Small Slimes","floor":1,"turns":5},{"damage":0,"enemies":"Jaw Worm","floor":4,"turns":4},{"damage":0,"enemies":"2 Louse","floor":5,"turns":2},{"damage":14,"enemies":"Exordium Thugs","floor":7,"turns":6},{"damage":0,"enemies":"Large Slime","floor":10,"turns":5},{"damage":5,"enemies":"3 Louse","floor":12,"turns":3},{"damage":9,"enemies":"Lots of Slimes","floor":14,"turns":4},{"damage":20,"enemies":"Hexaghost","floor":16,"turns":10},{"damage":13,"enemies":"Chosen","floor":18,"turns":5},{"damage":2,"enemies":"Shell Parasite","floor":21,"turns":4},{"damage":0,"enemies":"Sentry and Sphere","floor":27,"turns":4},{"damage":6,"enemies":"Snake Plant","floor":31,"turns":2},{"damage":23,"enemies":"Collector","floor":33,"turns":11},{"damage":4,"enemies":"3 Darklings","floor":35,"turns":4},{"damage":0,"enemies":"3 Shapes","floor":36,"turns":4},{"damage":0,"enemies":"Sphere and 2 Shapes","floor":41,"turns":3},{"damage":0,"enemies":"Spire Growth","floor":42,"turns":3},{"damage":0,"enemies":"Nemesis","floor":45,"turns":7},{"damage":0,"enemies":"3 Darklings","floor":46,"turns":4},{"damage":24,"enemies":"Awakened One","floor":50,"turns":8}],"event_choices":[{"event_name":"Scrap Ooze","player_choice":"success","floor":2,"damage_taken":3},{"event_name":"The Cleric","player_choice":"Card Removal","floor":3,"damage_taken":0},{"event_name":"Dead Adventurer","player_choice":"Searched \u00272\u0027 times","floor":11,"damage_taken":0},{"event_name":"The Library","player_choice":"Read","floor":19,"damage_taken":0},{"event_name":"Golden Shrine","player_choice":"Pray","floor":20,"damage_taken":0},{"event_name":"Cursed Tome","player_choice":"Obtained Book","floor":22,"damage_taken":0},{"event_name":"Addict","player_choice":"Obtained Relic","floor":24,"damage_taken":0},{"event_name":"Accursed Blacksmith","player_choice":"Forge","floor":37,"damage_taken":0},{"event_name":"SecretPortal","player_choice":"Rejected Portal.","floor":39,"damage_taken":0},{"event_name":"Winding Halls","player_choice":"Embrace Madness","floor":47,"damage_taken":0},{"event_name":"Mysterious Sphere","player_choice":"Ignore","floor":48,"damage_taken":0}],"boss_relics":[{"not_picked":["Lizard Tail","Tiny House"],"picked":"Sozu"},{"not_picked":["White Beast Statue","Velvet Choker"],"picked":"Nuclear Battery"}],"potions_floor_spawned":[5,7,10,12,31,33,36,41,42,46],"seed_played":"-9187161995762742337","ascension_level":0,"is_trial":false}