{"gold_per_floor":[114,114,114,39,53,85,100,115,140,175,193,221,235,235,235,332,332,348,364,364,42,42,42,74,88,113,140,152,152,182,257,257,360,360,379,77,77,93,0,25,25,25,77,77,77,77,77,109,109,121],"floor_reached":51,"playtime":3317,"items_purged":["Strike_B","Defend_B"],"score":1077,"play_id":"3e94c4c0-d8cd-4d13-a953-e9b5197008e7","local_time":"20181105211646","is_ascension_mode":true,"campfire_choices":[{"floor":15,"key":"REST"},{"data":"Apotheosis","floor":23,"key":"SMITH"},{"floor":29,"key":"REST"},{"floor":32,"key":"REST"},{"data":"Buffer","floor":42,"key":"SMITH"},{"floor":44,"key":"DIG"},{"floor":47,"key":"DIG"},{"floor":49,"key":"DIG"}],"neow_cost":"NONE","seed_source_timestamp":1502847406112175,"circlet_count":0,"master_deck":["Defend_B+1","Defend_B+1","Defend_B+1","Zap","Dualcast","Steam","Ball Lightning","Coolheaded+1","Ball Lightning","Sweeping Beam+1","Streamline","Coolheaded","Electrodynamics","Chill+1","Go for the Eyes+1","Cold Snap+1","Apotheosis+1","Self Repair","Blizzard+1","Coolheaded+1","Core Surge","Biased Cognition","Defragment","Hologram+1","Buffer+1","Finesse"],"relics":["Cracked Core","Omamori","Juzu Bracelet","Happy Flower","Boot","War Paint","Empty Cage","Nloth\u0027s Gift","Vajra","Ginger","Orichalcum","Bronze Scales","Shovel","Busted Crown","Mummified Hand","Red Mask","Question Card","Meat on the Bone","Whetstone","Centennial Puzzle","Oddly Smooth Stone","Anchor","MawBank"],"potions_floor_usage":[12,16,16,16,24,27,27],"damage_taken":[{"damage":0,"enemies":"Jaw Worm","floor":1,"turns":1},{"damage":0,"enemies":"Small Slimes","floor":5,"turns":1},{"damage":0,"enemies":"Lagavulin","floor":6,"turns":1},{"damage":0,"enemies":"Cultist","floor":7,"turns":3},{"damage":1,"enemies":"Red Slaver","floor":8,"turns":3},{"damage":16,"enemies":"3 Sentries","floor":10,"turns":7},{"damage":6,"enemies":"Large Slime","floor":11,"turns":5},{"damage":10,"enemies":"Lagavulin","floor":12,"turns":6},{"damage":12,"enemies":"Lots of Slimes","floor":13,"turns":3},{"damage":8,"enemies":"Hexaghost","floor":16,"turns":11},{"damage":12,"enemies":"Spheric Guardian","floor":18,"turns":4},{"damage":14,"enemies":"Shell Parasite","floor":19,"turns":7},{"damage":7,"enemies":"Slavers","floor":24,"turns":5},{"damage":8,"enemies":"Snecko","floor":25,"turns":5},{"damage":22,"enemies":"Gremlin Leader","floor":27,"turns":6},{"damage":9,"enemies":"Centurion and Healer","floor":28,"turns":7},{"damage":10,"enemies":"Book of Stabbing","floor":30,"turns":5},{"damage":9,"enemies":"Champ","floor":33,"turns":12},{"damage":3,"enemies":"3 Shapes","floor":35,"turns":3},{"damage":1,"enemies":"Orb Walker","floor":38,"turns":3},{"damage":0,"enemies":"Reptomancer","floor":40,"turns":4},{"damage":4,"enemies":"Nemesis","floor":48,"turns":7},{"damage":42,"enemies":"Donu and Deca","floor":50,"turns":8}],"seed_played":"7667525454212869655","potions_obtained":[{"floor":7,"key":"SteroidPotion"},{"floor":10,"key":"Block Potion"},{"floor":11,"key":"Block Potion"},{"floor":13,"key":"SteroidPotion"},{"floor":18,"key":"Swift Potion"},{"floor":19,"key":"Fire Potion"},{"floor":24,"key":"EssenceOfSteel"},{"floor":33,"key":"GamblersBrew"},{"floor":35,"key":"Regen Potion"},{"floor":40,"key":"Dexterity Potion"}],"is_trial":false,"path_per_floor":["M","?","?","$","M","E","M","M","T","E","M","E","M","?","R","B",null,"M","M","?","$","?","R","E","M","T","E","M","R","E","?","R","B",null,"M","$","?","M","?","E","?","R","T","R","?","?","R","E","R","B",null],"character_chosen":"DEFECT","items_purchased":["Cold Snap","Apotheosis","Defragment","Mummified Hand"],"campfire_rested":3,"item_purchase_floors":[21,21,36,36],"current_hp_per_floor":[68,53,46,46,46,46,46,45,45,29,23,13,1,1,23,15,60,48,34,34,34,34,34,27,29,29,17,18,40,30,23,45,43,67,64,64,64,73,73,75,75,75,75,75,75,75,75,75,75,55],"gold":133,"neow_bonus":"THREE_ENEMY_KILL","is_prod":false,"is_daily":false,"chose_seed":false,"campfire_upgraded":2,"win_rate":0,"timestamp":1541474206,"path_taken":["M","?","?","$","M","E","M","M","T","E","M","E","M","?","R","BOSS","M","M","?","$","?","R","E","M","T","E","M","R","E","?","R","BOSS","M","?","?","M","?","E","?","R","T","R","?","?","R","E","R","BOSS"],"build_version":"2018-11-01","purchased_purges":2,"victory":true,"max_hp_per_floor":[75,75,75,75,75,75,75,75,75,75,75,75,75,75,75,75,75,75,75,75,75,75,75,75,75,75,75,75,75,75,75,75,75,75,75,75,75,75,75,75,75,75,75,75,75,75,75,75,75,75],"card_choices":[{"not_picked":["Streamline","Sweeping Beam"],"picked":"Steam","floor":1},{"not_picked":["Redo","Go for the Eyes"],"picked":"Ball Lightning","floor":5},{"not_picked":["Multi-Cast","Turbo","Hologram"],"picked":"SKIP","floor":6},{"not_picked":["Go for the Eyes","Steam"],"picked":"Coolheaded","floor":7},{"not_picked":["Recycle","Blizzard"],"picked":"Ball Lightning","floor":8},{"not_picked":["Go for the Eyes","Storm"],"picked":"Leap","floor":10},{"not_picked":["Darkness","Static Discharge"],"picked":"Sweeping Beam","floor":11},{"not_picked":["Conserve Battery","Double Energy"],"picked":"Streamline","floor":12},{"not_picked":["Rainbow","Darkness"],"picked":"Coolheaded","floor":13},{"not_picked":["Amplify","Multi-Cast"],"picked":"Electrodynamics","floor":16},{"not_picked":["Barrage+1","Sweeping Beam"],"picked":"Chill+1","floor":18},{"not_picked":["Reprogram+1","Steam"],"picked":"Go for the Eyes+1","floor":19},{"not_picked":["Rainbow","Streamline"],"picked":"Self Repair","floor":24},{"not_picked":["Turbo","Redo+1","Steam"],"picked":"SKIP","floor":25},{"not_picked":["Ball Lightning","Rebound+1"],"picked":"Blizzard+1","floor":27},{"not_picked":["Melter+1","Beam Cell"],"picked":"Coolheaded+1","floor":28},{"not_picked":["Stack","Gash+1"],"picked":"Core Surge","floor":30},{"not_picked":["Meteor Strike","All For One"],"picked":"Biased Cognition","floor":33},{"not_picked":["Sweeping Beam"],"picked":"SKIP","floor":35},{"not_picked":[],"picked":"Hologram+1","floor":38},{"not_picked":[],"picked":"Buffer","floor":40},{"not_picked":["Metamorphosis"],"picked":"Finesse","floor":46},{"not_picked":["Force Field+1","Fission"],"picked":"SKIP","floor":48}],"player_experience":174374,"relics_obtained":[{"floor":6,"key":"Juzu Bracelet"},{"floor":9,"key":"Happy Flower"},{"floor":10,"key":"Boot"},{"floor":12,"key":"War Paint"},{"floor":24,"key":"Ginger"},{"floor":26,"key":"Orichalcum"},{"floor":27,"key":"Bronze Scales"},{"floor":30,"key":"Shovel"},{"floor":40,"key":"Question Card"},{"floor":43,"key":"Whetstone"},{"floor":44,"key":"Centennial Puzzle"},{"floor":47,"key":"Oddly Smooth Stone"},{"floor":48,"key":"Anchor"},{"floor":49,"key":"MawBank"}],"event_choices":[{"damage_healed":0,"gold_gain":0,"player_choice":"Entered Light","damage_taken":15,"max_hp_gain":0,"max_hp_loss":0,"event_name":"Shining Light","floor":2,"gold_loss":0,"cards_upgraded":["Defend_B","Defend_B"]},{"damage_healed":0,"gold_gain":0,"player_choice":"Success","damage_taken":7,"relics_obtained":["Omamori"],"max_hp_gain":0,"max_hp_loss":0,"event_name":"Scrap Ooze","floor":3,"gold_loss":0},{"cards_removed":["Strike_B"],"damage_healed":0,"gold_gain":0,"player_choice":"Offered Basic","damage_taken":0,"max_hp_gain":0,"max_hp_loss":0,"event_name":"Bonfire Elementals","floor":14,"gold_loss":0},{"damage_healed":0,"gold_gain":0,"player_choice":"Traded Relic","damage_taken":0,"relics_obtained":["Nloth\u0027s Gift"],"max_hp_gain":0,"max_hp_loss":0,"event_name":"N\u0027loth","floor":20,"relics_lost":["NeowsBlessing"],"gold_loss":0},{"damage_healed":0,"gold_gain":0,"player_choice":"Opened","damage_taken":0,"relics_obtained":["Vajra"],"max_hp_gain":0,"max_hp_loss":0,"event_name":"The Mausoleum","floor":22,"gold_loss":0,"cards_obtained":["Writhe"]},{"damage_healed":0,"gold_gain":75,"player_choice":"Touch","damage_taken":7,"max_hp_gain":0,"max_hp_loss":0,"event_name":"FaceTrader","floor":31,"gold_loss":0},{"damage_healed":0,"gold_gain":0,"cards_transformed":["Leap"],"player_choice":"Transformed","damage_taken":0,"max_hp_gain":0,"max_hp_loss":0,"event_name":"Transmorgrifier","floor":37,"gold_loss":0,"cards_obtained":["Machine Learning"]},{"damage_healed":0,"gold_gain":0,"player_choice":"Paid","damage_taken":0,"relics_obtained":["Red Mask"],"max_hp_gain":0,"max_hp_loss":0,"event_name":"Tomb of Lord Red Mask","floor":39,"gold_loss":93},{"damage_healed":0,"gold_gain":0,"player_choice":"Gave Potion","damage_taken":0,"relics_obtained":["Meat on the Bone"],"max_hp_gain":0,"max_hp_loss":0,"event_name":"WeMeetAgain","floor":41,"gold_loss":0},{"cards_removed":["Machine Learning"],"damage_healed":0,"gold_gain":0,"player_choice":"Removed Power","damage_taken":0,"max_hp_gain":0,"max_hp_loss":0,"event_name":"Falling","floor":45,"gold_loss":0},{"damage_healed":0,"gold_gain":0,"player_choice":"Memory 1","damage_taken":0,"max_hp_gain":0,"max_hp_loss":0,"event_name":"SensoryStone","floor":46,"gold_loss":0}],"is_beta":false,"boss_relics":[{"not_picked":["Eternal Feather","Nuclear Battery"],"picked":"Empty Cage"},{"not_picked":["Philosopher\u0027s Stone","Calling Bell"],"picked":"Busted Crown"}],"items_purged_floors":[4,21],"is_endless":false,"potions_floor_spawned":[7,10,11,13,18,19,24,33,35,40],"ascension_level":7}