{"gold_per_floor":[119,39,55,66,66,97,97,112,159,185,195,209,209,220,220,323,323,339,339,349,359,359,359,379,379,458,468,468,498,514,474,474,474],"floor_reached":33,"playtime":1724,"items_purged":[],"score":383,"play_id":"87940c11-0107-4385-a943-d13e2c308a7d","local_time":"20180922154215","is_ascension_mode":true,"campfire_choices":[{"data":"Battle Trance","floor":7,"key":"SMITH"},{"data":"Searing Blow","floor":15,"key":"SMITH"},{"data":"Searing Blow+1","floor":23,"key":"SMITH"},{"data":"Searing Blow+2","floor":25,"key":"SMITH"},{"data":"Searing Blow+3","floor":28,"key":"SMITH"},{"data":"Searing Blow+4","floor":32,"key":"SMITH"}],"neow_cost":"NONE","seed_source_timestamp":64333106411019,"circlet_count":0,"master_deck":["Strike_R","Strike_R","Strike_R","Strike_R","Strike_R","Defend_R","Defend_R","Defend_R+1","Defend_R","Bash","Flame Barrier+1","Cleave","Searing Blow+5","Battle Trance+1","Second Wind","Shrug It Off","Berserk","Headbutt","Immolate","Shrug It Off","Pommel Strike","Havoc+1","Flame Barrier+1","Inflame","Double Tap"],"relics":["Burning Blood","Pen Nib","Dodecahedron","War Paint","Blood Vial","Dead Branch","Snecko Eye","Gremlin Horn","Orichalcum"],"potions_floor_usage":[11,14,20,21,27,29,33],"damage_taken":[{"damage":9,"enemies":"Jaw Worm","floor":1,"turns":3},{"damage":7,"enemies":"Small Slimes","floor":3,"turns":3},{"damage":1,"enemies":"2 Louse","floor":4,"turns":3},{"damage":48,"enemies":"Lagavulin","floor":6,"turns":6},{"damage":3,"enemies":"Blue Slaver","floor":8,"turns":5},{"damage":25,"enemies":"3 Sentries","floor":10,"turns":6},{"damage":10,"enemies":"Exordium Thugs","floor":11,"turns":4},{"damage":0,"enemies":"3 Louse","floor":12,"turns":3},{"damage":0,"enemies":"Red Slaver","floor":14,"turns":5},{"damage":9,"enemies":"Hexaghost","floor":16,"turns":9},{"damage":0,"enemies":"Spheric Guardian","floor":18,"turns":3},{"damage":18,"enemies":"3 Byrds","floor":20,"turns":5},{"damage":0,"enemies":"Snake Plant","floor":21,"turns":2},{"damage":44,"enemies":"Sentry and Sphere","floor":24,"turns":7},{"damage":12,"enemies":"Cultist and Chosen","floor":27,"turns":4},{"damage":18,"enemies":"Slavers","floor":29,"turns":5},{"damage":18,"enemies":"Chosen and Byrds","floor":30,"turns":5},{"damage":37,"enemies":"Collector","floor":33,"turns":5}],"seed_played":"2788439501956212287","potions_obtained":[{"floor":4,"key":"Ancient Potion"},{"floor":6,"key":"Poison Potion"},{"floor":10,"key":"Explosive Potion"},{"floor":14,"key":"SteroidPotion"},{"floor":18,"key":"Weak Potion"},{"floor":19,"key":"Fire Potion"},{"floor":21,"key":"Regen Potion"},{"floor":31,"key":"Energy Potion"},{"floor":31,"key":"SpeedPotion"},{"floor":31,"key":"EntropicBrew"}],"is_trial":false,"path_per_floor":["M","$","M","M","?","E","R","M","T","E","M","M","?","M","R","B",null,"M","?","M","M","?","R","M","R","T","M","R","E","M","?","R"],"character_chosen":"IRONCLAD","items_purchased":["Flame Barrier"],"campfire_rested":0,"item_purchase_floors":[2],"current_hp_per_floor":[77,77,76,80,73,31,31,34,34,17,15,23,23,31,31,30,68,76,76,66,74,74,74,38,38,38,34,34,38,34,34,34,0],"gold":474,"neow_bonus":"RANDOM_COMMON_RELIC","is_prod":false,"is_daily":false,"chose_seed":false,"campfire_upgraded":6,"win_rate":0,"timestamp":1537645335,"path_taken":["M","$","M","M","?","E","R","M","T","E","M","M","?","M","R","BOSS","M","?","M","?","?","R","M","R","T","M","R","E","M","?","R","BOSS"],"build_version":"2018-09-20","purchased_purges":0,"victory":false,"max_hp_per_floor":[80,80,80,80,80,80,80,80,80,80,80,80,80,80,80,80,80,80,80,80,80,80,80,80,80,80,80,80,80,80,80,80,80],"card_choices":[{"not_picked":["Wild Strike","Flex","Sword Boomerang"],"picked":"SKIP","floor":1},{"not_picked":["Twin Strike","Combust"],"picked":"Cleave","floor":3},{"not_picked":["Wild Strike","Reckless Charge"],"picked":"Searing Blow","floor":4},{"not_picked":["Heavy Blade","Clash"],"picked":"Battle Trance","floor":6},{"not_picked":["Blood for Blood","Reckless Charge","Cleave"],"picked":"SKIP","floor":8},{"not_picked":["Shockwave","Burning Pact"],"picked":"Second Wind","floor":10},{"not_picked":["Sentinel","Hemokinesis"],"picked":"Shrug It Off","floor":11},{"not_picked":["Clash","Anger"],"picked":"Berserk","floor":12},{"not_picked":["Searing Blow","Wild Strike"],"picked":"Headbutt","floor":14},{"not_picked":["Berserk","Impervious"],"picked":"Immolate","floor":16},{"not_picked":["Sword Boomerang","Flex+1"],"picked":"Shrug It Off","floor":18},{"not_picked":["Twin Strike","Body Slam"],"picked":"Pommel Strike","floor":20},{"not_picked":["Blood for Blood+1","Power Through"],"picked":"Havoc+1","floor":21},{"not_picked":["Warcry","Armaments","Whirlwind"],"picked":"SKIP","floor":24},{"not_picked":["Cleave","Heavy Blade+1","Dark Embrace"],"picked":"SKIP","floor":27},{"not_picked":["True Grit","Clothesline+1"],"picked":"Inflame","floor":29},{"not_picked":["Heavy Blade","Entrench"],"picked":"Double Tap","floor":30}],"player_experience":563881,"relics_obtained":[{"floor":6,"key":"War Paint"},{"floor":9,"key":"Blood Vial"},{"floor":10,"key":"Dead Branch"},{"floor":26,"key":"Gremlin Horn"},{"floor":29,"key":"Orichalcum"}],"event_choices":[{"event_name":"Scrap Ooze","player_choice":"success","floor":5,"damage_taken":7},{"event_name":"Shining Light","player_choice":"Ignored","floor":13,"damage_taken":0},{"event_name":"The Lab","player_choice":"Got Potions","floor":19,"damage_taken":0},{"event_name":"Duplicator","player_choice":"One dupe","floor":22,"damage_taken":0},{"event_name":"The Woman in Blue","player_choice":"Bought 3 Potions","floor":31,"damage_taken":0}],"is_beta":false,"boss_relics":[{"not_picked":["Black Blood","Calling Bell"],"picked":"Snecko Eye"}],"items_purged_floors":[],"is_endless":false,"potions_floor_spawned":[4,6,10,14,18,21],"killed_by":"Collector","ascension_level":5}