{"path_per_floor":["M","?","M","$","M","R","?","M","T","M","M","R","M","?","R","B",null,"M","$","M","M"],"character_chosen":"THE_SILENT","items_purchased":["Accuracy","Acrobatics"],"gold_per_floor":[115,115,129,14,33,33,33,46,69,84,95,95,110,110,110,215,215,197,79,90,109,109],"floor_reached":22,"campfire_rested":1,"playtime":2136,"current_hp_per_floor":[70,56,41,41,41,41,41,38,45,44,39,39,36,36,57,19,71,50,50,33,6,0],"items_purged":["Regret","Strike_G"],"gold":109,"score":179,"play_id":"5293d117-a5f6-4b35-a965-22681852f211","local_time":"20180408010028","is_prod":false,"is_daily":false,"is_ascension_mode":false,"campfire_upgraded":2,"timestamp":1523142028,"path_taken":["M","?","M","$","M","R","?","M","T","M","M","R","M","?","R","BOSS","M","$","?","M","M"],"build_version":"2018-04-05v2","purchased_purges":2,"victory":false,"master_deck":["Defend_G","Defend_G","Defend_G","Defend_G","Defend_G","Strike_G","Strike_G","Strike_G+1","Strike_G","Survivor+1","Neutralize","Cloak And Dagger+1","Tools of the Trade","Accuracy+1","Poisoned Stab","Escape Plan","Cloak And Dagger","Envenom","Acrobatics","Dagger Throw"],"max_hp_per_floor":[70,70,70,70,70,70,67,67,74,74,74,74,74,71,71,71,71,71,71,71,71,71],"relics":["Calling Bell","The Courier","Snake Skull","Bag of Marbles","Spirit Poop","Strawberry","Philosopher\u0027s Stone"],"card_choices":[{"not_picked":["Distraction","Sucker Punch"],"picked":"Cloak And Dagger","floor":1},{"not_picked":["Choke","Acrobatics"],"picked":"Tools of the Trade","floor":3},{"not_picked":["Skewer","Deadly Poison"],"picked":"Poisoned Stab","floor":5},{"not_picked":["Deadly Poison","Dagger Throw"],"picked":"Escape Plan","floor":10},{"not_picked":["Deflect","Phantasmal Killer"],"picked":"Cloak And Dagger","floor":13},{"not_picked":["Adrenaline","Glass Knife"],"picked":"Envenom","floor":16},{"not_picked":["Dodge and Roll","Sucker Punch"],"picked":"Dagger Throw","floor":21}],"player_experience":87821,"potions_floor_usage":[10,21,22],"damage_taken":[{"damage":0,"enemies":"2 Louse","floor":1,"turns":3},{"damage":15,"enemies":"Jaw Worm","floor":3,"turns":5},{"damage":0,"enemies":"Small Slimes","floor":5,"turns":3},{"damage":3,"enemies":"Red Slaver","floor":8,"turns":2},{"damage":1,"enemies":"Exordium Thugs","floor":10,"turns":6},{"damage":5,"enemies":"Looter","floor":11,"turns":4},{"damage":3,"enemies":"Red Slaver","floor":13,"turns":3},{"damage":38,"enemies":"The Guardian","floor":16,"turns":16},{"damage":21,"enemies":"2 Thieves","floor":18,"turns":4},{"damage":17,"enemies":"Spheric Guardian","floor":20,"turns":7},{"damage":27,"enemies":"Centurion and Healer","floor":21,"turns":8},{"damage":8,"enemies":"Snake Plant","floor":22,"turns":2}],"event_choices":[{"event_name":"Shining Light","player_choice":"Entered Light","floor":2,"damage_taken":0},{"event_name":"Bonfire Elementals","player_choice":"CURSE","floor":7,"damage_taken":0},{"event_name":"Purifier","player_choice":"One Purge","floor":14,"damage_taken":0}],"boss_relics":[{"not_picked":["Orrery","Runic Pyramid"],"picked":"Philosopher\u0027s Stone"}],"potions_floor_spawned":[1,5,16,20,21],"seed_played":"-6427697816631885983","killed_by":"Snake Plant","ascension_level":0,"is_trial":false}