{"gold_per_floor":[113,113,113,130,145,145,175,199,222,247,580,580,594,612,612,689,689,689,614,626,640,654,654],"floor_reached":23,"playtime":894,"items_purged":["Juggernaut"],"score":365,"play_id":"f074557a-a479-4e04-b56f-0920574cbea0","local_time":"20190303121452","is_ascension_mode":true,"campfire_choices":[{"data":"Spot Weakness","floor":6,"key":"SMITH"},{"data":"Shockwave","floor":12,"key":"SMITH"},{"data":"Bash","floor":15,"key":"SMITH"}],"neow_cost":"NONE","seed_source_timestamp":60532273487120,"circlet_count":0,"master_deck":["AscendersBane","Bash+1","Spot Weakness+1","Shockwave+1","Evolve","Whirlwind","Inflame","Twin Strike","Heavy Blade","Reaper","Pummel","Cleave","Perfected Strike","Sentinel","Feed","Clothesline","Sever Soul","Infernal Blade","Iron Wave+1","Pommel Strike+1"],"relics":["Burning Blood","NeowsBlessing","Oddly Smooth Stone","Odd Mushroom","Ancient Tea Set","Potion Belt","Old Coin","Pandora\u0027s Box"],"potions_floor_usage":[7,16,18],"damage_taken":[{"damage":0,"enemies":"Cultist","floor":1,"turns":1},{"damage":0,"enemies":"2 Louse","floor":4,"turns":1},{"damage":0,"enemies":"Jaw Worm","floor":5,"turns":1},{"damage":23,"enemies":"Gremlin Nob","floor":7,"turns":4},{"damage":6,"enemies":"The Mushroom Lair","floor":8,"turns":3},{"damage":28,"enemies":"3 Sentries","floor":11,"turns":5},{"damage":14,"enemies":"Blue Slaver","floor":13,"turns":3},{"damage":0,"enemies":"Lots of Slimes","floor":14,"turns":1},{"damage":13,"enemies":"The Guardian","floor":16,"turns":7},{"damage":0,"enemies":"Spheric Guardian","floor":18,"turns":2},{"damage":3,"enemies":"3 Byrds","floor":20,"turns":5},{"damage":33,"enemies":"Sentry and Sphere","floor":21,"turns":4},{"damage":19,"enemies":"Cultist and Chosen","floor":22,"turns":5},{"damage":69,"enemies":"Book of Stabbing","floor":23,"turns":4}],"seed_played":"-1350955263412240774","potions_obtained":[{"floor":1,"key":"SteroidPotion"},{"floor":5,"key":"SmokeBomb"},{"floor":11,"key":"Energy Potion"},{"floor":20,"key":"FairyPotion"}],"is_trial":false,"path_per_floor":["M","$","$","M","M","R","E","?","T","T","E","R","M","M","R","B",null,"M","$","M","M","M","E"],"character_chosen":"IRONCLAD","items_purchased":[],"campfire_rested":0,"item_purchase_floors":[],"current_hp_per_floor":[74,74,74,75,75,75,58,58,58,58,36,36,28,34,34,27,63,69,69,73,46,51,0],"gold":654,"neow_bonus":"THREE_ENEMY_KILL","is_prod":false,"is_daily":false,"chose_seed":false,"campfire_upgraded":3,"win_rate":0,"timestamp":1551633292,"path_taken":["M","?","$","M","?","R","E","?","T","?","E","R","M","M","R","BOSS","M","$","M","M","M","E"],"build_version":"2019-01-23","purchased_purges":1,"victory":false,"max_hp_per_floor":[75,75,75,75,75,75,75,75,75,75,75,75,75,75,75,75,75,75,75,75,75,78,78],"card_choices":[{"not_picked":["Hemokinesis","Combust"],"picked":"Spot Weakness","floor":1},{"not_picked":["Flex","Metallicize"],"picked":"Shockwave","floor":4},{"not_picked":["Warcry","Iron Wave"],"picked":"Evolve","floor":5},{"not_picked":["Armaments","Cleave"],"picked":"Whirlwind","floor":7},{"not_picked":["Body Slam","Perfected Strike"],"picked":"Inflame","floor":8},{"not_picked":["Thunderclap","Rage"],"picked":"Twin Strike","floor":11},{"not_picked":["Headbutt","Combust"],"picked":"Heavy Blade","floor":13},{"not_picked":["Shrug It Off","Heavy Blade"],"picked":"Reaper","floor":14},{"not_picked":["Thunderclap","Warcry","Wild Strike"],"picked":"SKIP","floor":20},{"not_picked":["Wild Strike+1","Carnage"],"picked":"Iron Wave+1","floor":21},{"not_picked":["Intimidate","Perfected Strike"],"picked":"Pommel Strike+1","floor":22}],"player_experience":796596,"relics_obtained":[{"floor":7,"key":"Oddly Smooth Stone"},{"floor":8,"key":"Odd Mushroom"},{"floor":9,"key":"Ancient Tea Set"},{"floor":10,"key":"Potion Belt"},{"floor":11,"key":"Old Coin"}],"event_choices":[{"damage_healed":0,"gold_gain":0,"player_choice":"Fought Mushrooms","damage_taken":0,"max_hp_gain":0,"max_hp_loss":0,"event_name":"Mushrooms","floor":8,"gold_loss":0}],"is_beta":false,"boss_relics":[{"not_picked":["Runic Dome","Eternal Feather"],"picked":"Pandora\u0027s Box"}],"items_purged_floors":[19],"is_endless":false,"potions_floor_spawned":[1,5,11,20],"killed_by":"Book of Stabbing","ascension_level":16}