{"gold_per_floor":[111,15,30,50,50,50,66,82,82,82,116,132,132,142,142,220,220,239,239,253,253,37,37,48,59,82,94,19,29,29,29,29,29],"floor_reached":33,"playtime":1127,"items_purged":["Strike_B"],"score":477,"play_id":"045f4f34-c865-492e-9df1-709aa30b607a","local_time":"20190215214552","is_ascension_mode":true,"campfire_choices":[{"data":"Streamline","floor":6,"key":"SMITH"},{"data":"Doom and Gloom","floor":13,"key":"SMITH"},{"data":"Consume","floor":15,"key":"SMITH"},{"floor":23,"key":"REST"},{"floor":30,"key":"REST"},{"data":"Tempest","floor":32,"key":"SMITH"}],"neow_cost":"NONE","seed_source_timestamp":2030008886320548,"circlet_count":0,"master_deck":["AscendersBane","Strike_B","Strike_B","Strike_B","Defend_B","Defend_B","Defend_B","Defend_B","Zap+1","Dualcast","Streamline+1","Self Repair","Hologram","Consume+1","Doom and Gloom+1","Leap","Electrodynamics","Tempest+1","Leap","Auto Shields","FTL","Ghostly","Ghostly","Ghostly"],"relics":["Cracked Core","NeowsBlessing","Question Card","Sundial","Orichalcum","Velvet Choker","Potion Belt","Bronze Scales"],"potions_floor_usage":[11,12,16,19,19,24,25,33],"damage_taken":[{"damage":0,"enemies":"Cultist","floor":1,"turns":1},{"damage":0,"enemies":"Jaw Worm","floor":3,"turns":1},{"damage":0,"enemies":"Small Slimes","floor":4,"turns":1},{"damage":3,"enemies":"Blue Slaver","floor":7,"turns":3},{"damage":0,"enemies":"2 Fungi Beasts","floor":8,"turns":2},{"damage":25,"enemies":"3 Sentries","floor":11,"turns":5},{"damage":0,"enemies":"Large Slime","floor":12,"turns":4},{"damage":5,"enemies":"Looter","floor":14,"turns":2},{"damage":32,"enemies":"Slime Boss","floor":16,"turns":7},{"damage":16,"enemies":"Chosen","floor":18,"turns":4},{"damage":17,"enemies":"Colosseum Slavers","floor":19,"turns":3},{"damage":26,"enemies":"3 Byrds","floor":20,"turns":4},{"damage":6,"enemies":"3 Cultists","floor":24,"turns":3},{"damage":22,"enemies":"Centurion and Healer","floor":25,"turns":6},{"damage":15,"enemies":"Snake Plant","floor":27,"turns":4},{"damage":12,"enemies":"Chosen and Byrds","floor":29,"turns":4},{"damage":54,"enemies":"Collector","floor":33,"turns":7}],"seed_played":"-8743795133799322897","potions_obtained":[{"floor":3,"key":"SkillPotion"},{"floor":8,"key":"Fire Potion"},{"floor":11,"key":"GamblersBrew"},{"floor":12,"key":"SteroidPotion"},{"floor":14,"key":"Weak Potion"},{"floor":16,"key":"Regen Potion"},{"floor":24,"key":"AttackPotion"},{"floor":25,"key":"Strength Potion"}],"is_trial":false,"path_per_floor":["M","$","M","M","?","R","M","M","T","?","E","M","R","M","R","B",null,"M","?","M","?","$","R","M","M","T","M","$","M","R","?","R","B"],"character_chosen":"DEFECT","items_purchased":["Self Repair","FearPotion","Potion Belt","AttackPotion"],"campfire_rested":2,"item_purchase_floors":[2,2,22,22],"current_hp_per_floor":[64,64,71,71,71,71,71,71,71,71,53,60,60,55,55,30,61,52,51,32,32,32,53,47,32,32,24,24,19,40,35,35,0],"gold":29,"neow_bonus":"THREE_ENEMY_KILL","is_prod":false,"is_daily":false,"chose_seed":false,"campfire_upgraded":4,"win_rate":0,"timestamp":1550234752,"path_taken":["M","?","M","?","?","R","M","M","T","?","E","M","R","M","R","BOSS","M","?","M","?","$","R","M","M","T","M","$","M","R","?","R","BOSS"],"build_version":"2019-01-23","purchased_purges":1,"victory":false,"max_hp_per_floor":[71,71,71,71,71,71,71,71,71,71,71,71,71,71,71,71,71,71,71,71,71,71,71,71,71,71,71,71,71,71,35,35,35],"card_choices":[{"not_picked":["Barrage","Conserve Battery"],"picked":"Streamline","floor":1},{"not_picked":["Tempest","Go for the Eyes"],"picked":"Hologram","floor":3},{"not_picked":["Self Repair","Cold Snap","Gash"],"picked":"SKIP","floor":4},{"not_picked":["Cold Snap","Double Energy"],"picked":"Consume","floor":7},{"not_picked":["Beam Cell","Fusion","Sweeping Beam"],"picked":"SKIP","floor":8},{"not_picked":["Stack","Double Energy","Genetic Algorithm","Fusion"],"picked":"SKIP","floor":11},{"not_picked":["Scrape","Double Energy","Redo"],"picked":"Doom and Gloom","floor":12},{"not_picked":["Thunder Strike","White Noise","Steam Power"],"picked":"Leap","floor":14},{"not_picked":["Buffer","Rainbow","Seek"],"picked":"Electrodynamics","floor":16},{"not_picked":["Cold Snap","Sweeping Beam","Hologram"],"picked":"Tempest","floor":18},{"not_picked":["Ball Lightning","Stack","Creative AI"],"picked":"Leap","floor":20},{"not_picked":["Go for the Eyes","Compile Driver","Blizzard"],"picked":"Auto Shields","floor":24},{"not_picked":["Conserve Battery","Steam Power","Force Field","Steam"],"picked":"SKIP","floor":25},{"not_picked":["Conserve Battery","All For One","Gash"],"picked":"FTL","floor":27},{"not_picked":["Stack","Genetic Algorithm","Tempest","Scrape"],"picked":"SKIP","floor":29}],"player_experience":545070,"relics_obtained":[{"floor":9,"key":"Question Card"},{"floor":11,"key":"Orichalcum"},{"floor":26,"key":"Bronze Scales"}],"event_choices":[{"damage_healed":0,"gold_gain":0,"player_choice":"Grow","damage_taken":0,"max_hp_gain":0,"max_hp_loss":0,"event_name":"Living Wall","floor":5,"gold_loss":0,"cards_upgraded":["Zap"]},{"damage_healed":0,"gold_gain":0,"player_choice":"Searched \u00272\u0027 times","damage_taken":0,"relics_obtained":["Sundial"],"max_hp_gain":0,"max_hp_loss":0,"event_name":"Dead Adventurer","floor":10,"gold_loss":0},{"damage_healed":0,"gold_gain":0,"player_choice":"Fight","damage_taken":0,"max_hp_gain":0,"max_hp_loss":0,"event_name":"Colosseum","floor":19,"gold_loss":0},{"damage_healed":0,"gold_gain":0,"player_choice":"Fled From Nobs","damage_taken":0,"max_hp_gain":0,"max_hp_loss":0,"event_name":"Colosseum","floor":19,"gold_loss":0},{"damage_healed":0,"gold_gain":0,"player_choice":"Ignored","damage_taken":0,"max_hp_gain":0,"max_hp_loss":0,"event_name":"Vampires","floor":21,"gold_loss":0},{"damage_healed":0,"gold_gain":0,"player_choice":"Became a Ghost","damage_taken":0,"max_hp_gain":0,"max_hp_loss":36,"event_name":"Ghosts","floor":31,"gold_loss":0,"cards_obtained":["Ghostly","Ghostly","Ghostly"]}],"is_beta":false,"boss_relics":[{"not_picked":["Runic Dome","Calling Bell"],"picked":"Velvet Choker"}],"items_purged_floors":[28],"is_endless":false,"potions_floor_spawned":[3,8,11,12,14,16,19,24,25],"killed_by":"Collector","ascension_level":18}