{"gold_per_floor":[115,131,88,103,103,103,128,128,211,136,136,169,119,137,137,137],"floor_reached":16,"playtime":1085,"items_purged":["Strike_B"],"score":108,"play_id":"33cbad2b-d553-48e5-8098-e7b03b078542","local_time":"20180808214939","is_ascension_mode":false,"campfire_choices":[{"floor":6,"key":"REST"},{"floor":8,"key":"REST"},{"floor":11,"key":"REST"},{"floor":15,"key":"REST"}],"neow_cost":"FIFTY_PERCENT_DAMAGE","seed_source_timestamp":546221424089191,"circlet_count":0,"master_deck":["Strike_B","Defend_B","Defend_B","Defend_B","Defend_B","Zap","Dualcast","Creative AI","Reprogram","Loop","Steam","Fission","Steam"],"relics":["Cracked Core","DataDisk","Tiny Chest","The Courier"],"potions_floor_usage":[7,14,16,16],"damage_taken":[{"damage":6,"enemies":"Cultist","floor":1,"turns":3},{"damage":7,"enemies":"Small Slimes","floor":2,"turns":5},{"damage":18,"enemies":"Jaw Worm","floor":4,"turns":6},{"damage":26,"enemies":"Gremlin Nob","floor":7,"turns":6},{"damage":25,"enemies":"Lagavulin","floor":12,"turns":10},{"damage":11,"enemies":"2 Fungi Beasts","floor":14,"turns":4},{"damage":33,"enemies":"Hexaghost","floor":16,"turns":9}],"seed_played":"-5188136372280491053","potions_obtained":[{"floor":1,"key":"Poison Potion"},{"floor":4,"key":"EssenceOfSteel"},{"floor":7,"key":"Explosive Potion"},{"floor":12,"key":"Energy Potion"}],"is_trial":false,"path_per_floor":["M","M","?","M","?","R","E","R","T","$","R","E","?","M","R"],"character_chosen":"DEFECT","items_purchased":[],"campfire_rested":4,"item_purchase_floors":[],"current_hp_per_floor":[32,25,25,7,7,29,3,25,25,25,47,22,22,11,33,0],"gold":137,"neow_bonus":"THREE_RARE_CARDS","is_prod":false,"is_daily":false,"chose_seed":false,"campfire_upgraded":0,"win_rate":0,"timestamp":1533779379,"path_taken":["M","M","?","M","?","R","E","R","T","$","R","E","?","?","R","BOSS"],"build_version":"2018-08-02","purchased_purges":1,"victory":false,"max_hp_per_floor":[75,75,75,75,75,75,75,75,75,75,75,75,75,75,75,75],"card_choices":[{"not_picked":["Core Surge","Multi-Cast"],"picked":"Creative AI","floor":0},{"not_picked":["Streamline","Coolheaded"],"picked":"Reprogram","floor":1},{"not_picked":["Coolheaded","Doom and Gloom"],"picked":"Loop","floor":2},{"not_picked":["Leap","Hologram"],"picked":"Steam","floor":4},{"not_picked":["Barrage","Reboot"],"picked":"Steam","floor":7},{"not_picked":["Sweeping Beam","Stack","Lockon"],"picked":"SKIP","floor":12},{"not_picked":["Lockon","Blizzard","Glacier"],"picked":"SKIP","floor":14}],"player_experience":690366,"relics_obtained":[{"floor":7,"key":"DataDisk"},{"floor":9,"key":"Tiny Chest"},{"floor":12,"key":"The Courier"}],"event_choices":[{"event_name":"World of Goop","player_choice":"Left","floor":3,"damage_taken":0},{"event_name":"Living Wall","player_choice":"Change","floor":5,"damage_taken":0},{"event_name":"The Cleric","player_choice":"Card Removal","floor":13,"damage_taken":0}],"is_beta":false,"boss_relics":[],"items_purged_floors":[10],"is_endless":false,"potions_floor_spawned":[1,4,7,12],"killed_by":"Hexaghost","ascension_level":0}