{"gold_per_floor":[116,116,131,131,131,131,167,167,167,56,96,120,143,168,168,293,293,307,307,323,339,254,254,270,308,335,360,86,105,121,121,121,121],"floor_reached":33,"playtime":2483,"items_purged":["Defend_R"],"score":378,"play_id":"b58b6d50-59d2-494f-936e-fd62a8c648dc","local_time":"20190228192329","is_ascension_mode":true,"campfire_choices":[{"data":"Armaments","floor":6,"key":"SMITH"},{"data":"Shrug It Off","floor":8,"key":"SMITH"},{"data":"Battle Trance","floor":15,"key":"SMITH"},{"floor":23,"key":"REST"},{"floor":32,"key":"REST"}],"neow_cost":"NONE","seed_source_timestamp":88514811101300,"circlet_count":0,"master_deck":["Strike_R","Strike_R","Strike_R","Strike_R","Strike_R","Defend_R","Defend_R","Defend_R","Bash+1","Armaments+1","Headbutt+1","Shrug It Off+1","Metallicize","Fiend Fire","Battle Trance+1","True Grit","Demon Form+1","Disarm","Headbutt","Reaper","Heavy Blade","Thinking Ahead","Flash of Steel","Infernal Blade+1"],"relics":["Burning Blood","NeowsBlessing","Golden Idol","Bottled Lightning","Self Forming Clay","Whetstone","Omamori","Cursed Key","Lantern","Art of War","Oddly Smooth Stone"],"potions_floor_usage":[16,18,25,33,33,33],"damage_taken":[{"damage":0,"enemies":"Small Slimes","floor":1,"turns":1},{"damage":0,"enemies":"2 Louse","floor":3,"turns":1},{"damage":0,"enemies":"Lagavulin","floor":7,"turns":1},{"damage":11,"enemies":"3 Sentries","floor":11,"turns":11},{"damage":0,"enemies":"Jaw Worm","floor":13,"turns":4},{"damage":1,"enemies":"Red Slaver","floor":14,"turns":3},{"damage":17,"enemies":"Hexaghost","floor":16,"turns":17},{"damage":39,"enemies":"3 Byrds","floor":18,"turns":6},{"damage":9,"enemies":"Chosen","floor":20,"turns":4},{"damage":19,"enemies":"Centurion and Healer","floor":21,"turns":8},{"damage":15,"enemies":"Snecko","floor":24,"turns":6},{"damage":22,"enemies":"Book of Stabbing","floor":25,"turns":7},{"damage":12,"enemies":"Shelled Parasite and Fungi","floor":27,"turns":7},{"damage":9,"enemies":"3 Cultists","floor":29,"turns":5},{"damage":27,"enemies":"Chosen and Byrds","floor":30,"turns":8},{"damage":90,"enemies":"Collector","floor":33,"turns":7}],"seed_played":"6197934846630544370","potions_obtained":[{"floor":3,"key":"BloodPotion"},{"floor":7,"key":"Energy Potion"},{"floor":13,"key":"PowerPotion"},{"floor":25,"key":"Fire Potion"},{"floor":27,"key":"LiquidBronze"},{"floor":29,"key":"Swift Potion"},{"floor":30,"key":"EssenceOfSteel"}],"is_trial":false,"path_per_floor":["M","?","M","?","?","R","E","R","T","$","E","T","M","M","R","B",null,"M","?","M","M","?","R","M","E","T","M","$","M","M","$","R","B"],"character_chosen":"IRONCLAD","items_purchased":["Metallicize","Thinking Ahead","Flash of Steel"],"campfire_rested":2,"item_purchase_floors":[10,28,28],"current_hp_per_floor":[80,85,85,64,64,64,70,70,70,70,65,65,71,76,76,65,80,47,47,44,31,31,56,47,39,39,33,33,60,39,39,64,0],"gold":121,"neow_bonus":"THREE_ENEMY_KILL","is_prod":false,"is_daily":false,"chose_seed":false,"campfire_upgraded":3,"win_rate":0,"timestamp":1551378209,"path_taken":["M","?","M","?","?","R","E","R","T","$","E","?","M","M","R","BOSS","M","?","M","?","?","R","M","E","T","M","$","M","M","$","R","BOSS"],"build_version":"2019-01-23","purchased_purges":1,"victory":false,"max_hp_per_floor":[80,85,85,85,85,85,85,85,85,85,85,85,85,85,85,85,85,85,85,85,85,85,85,85,85,85,85,85,85,85,85,85,85],"card_choices":[{"not_picked":["Flex","Cleave"],"picked":"Armaments","floor":1},{"not_picked":["Sever Soul","Feel No Pain"],"picked":"Headbutt","floor":3},{"not_picked":["Havoc","Pommel Strike"],"picked":"Shrug It Off","floor":7},{"not_picked":["Inflame","Cleave"],"picked":"Fiend Fire","floor":11},{"not_picked":["Flex","Armaments"],"picked":"Battle Trance","floor":13},{"not_picked":["Disarm","Bloodletting"],"picked":"True Grit","floor":14},{"not_picked":["Feed","Dark Embrace"],"picked":"Demon Form","floor":16},{"not_picked":["Rupture","Rage","Combust+1"],"picked":"SKIP","floor":18},{"not_picked":["Warcry","Wild Strike"],"picked":"Disarm","floor":20},{"not_picked":["Spot Weakness","Second Wind"],"picked":"Headbutt","floor":21},{"not_picked":["Havoc","Entrench+1","Evolve"],"picked":"SKIP","floor":24},{"not_picked":["Shrug It Off","Feel No Pain+1"],"picked":"Reaper","floor":25},{"not_picked":["Sever Soul","Twin Strike"],"picked":"Heavy Blade","floor":27},{"not_picked":["Thunderclap","Corruption"],"picked":"Infernal Blade+1","floor":29},{"not_picked":["Burning Pact","Rage","Sever Soul"],"picked":"SKIP","floor":30}],"player_experience":367703,"relics_obtained":[{"floor":7,"key":"Bottled Lightning"},{"floor":9,"key":"Self Forming Clay"},{"floor":11,"key":"Whetstone"},{"floor":12,"key":"Omamori"},{"floor":25,"key":"Art of War"},{"floor":26,"key":"Oddly Smooth Stone"}],"event_choices":[{"damage_healed":0,"gold_gain":0,"player_choice":"Donut","damage_taken":0,"max_hp_gain":5,"max_hp_loss":0,"event_name":"Big Fish","floor":2,"gold_loss":0},{"damage_healed":0,"gold_gain":0,"player_choice":"Take Damage","damage_taken":21,"relics_obtained":["Golden Idol"],"max_hp_gain":0,"max_hp_loss":0,"event_name":"Golden Idol","floor":4,"gold_loss":0},{"damage_healed":0,"gold_gain":0,"player_choice":"Ignored","damage_taken":0,"max_hp_gain":0,"max_hp_loss":0,"event_name":"Liars Game","floor":5,"gold_loss":0},{"damage_healed":0,"gold_gain":0,"player_choice":"Forge","damage_taken":0,"max_hp_gain":0,"max_hp_loss":0,"event_name":"Accursed Blacksmith","floor":19,"gold_loss":0,"cards_upgraded":["Demon Form"]},{"damage_healed":0,"gold_gain":0,"player_choice":"Obtained Relic","damage_taken":0,"relics_obtained":["Lantern"],"max_hp_gain":0,"max_hp_loss":0,"event_name":"Addict","floor":22,"gold_loss":85}],"is_beta":false,"boss_relics":[{"not_picked":["Philosopher\u0027s Stone","Runic Cube"],"picked":"Cursed Key"}],"items_purged_floors":[10],"is_endless":false,"potions_floor_spawned":[3,7,13,25,27,29,30],"killed_by":"Collector","ascension_level":5}