{"gold_per_floor":[109,109,109,109,132,168,187,201,201,221,237,237,144,168,168,168],"floor_reached":16,"playtime":515,"items_purged":[],"score":104,"play_id":"f48c82eb-e348-454c-84ab-70564323f908","local_time":"20180713082415","is_ascension_mode":false,"campfire_choices":[{"floor":12,"key":"REST"},{"data":"Heavy Blade","floor":15,"key":"SMITH"}],"neow_cost":"NONE","seed_source_timestamp":46495736993798,"circlet_count":0,"master_deck":["Strike_R","Strike_R","Strike_R","Strike_R","Strike_R","Defend_R","Defend_R","Defend_R","Defend_R","Bash","Limit Break+1","Heavy Blade+1","Flex","Flex","Rage","Flex","Juggernaut","Bandage Up"],"relics":["Burning Blood","Boot","Golden Idol","Mercury Hourglass","Oddly Smooth Stone"],"potions_floor_usage":[11,11,14],"damage_taken":[{"damage":6,"enemies":"Jaw Worm","floor":1,"turns":3},{"damage":6,"enemies":"Cultist","floor":5,"turns":3},{"damage":36,"enemies":"3 Sentries","floor":6,"turns":10},{"damage":17,"enemies":"Small Slimes","floor":7,"turns":3},{"damage":11,"enemies":"Exordium Wildlife","floor":8,"turns":4},{"damage":6,"enemies":"Blue Slaver","floor":10,"turns":3},{"damage":0,"enemies":"Exordium Thugs","floor":11,"turns":2},{"damage":4,"enemies":"Large Slime","floor":14,"turns":4},{"damage":50,"enemies":"Hexaghost","floor":16,"turns":9}],"seed_played":"3822601888894581041","potions_obtained":[{"floor":5,"key":"FearPotion"},{"floor":7,"key":"Explosive Potion"},{"floor":11,"key":"Energy Potion"}],"is_trial":false,"path_per_floor":["M","?","?","?","M","E","M","M","T","M","M","R","$","M","R"],"character_chosen":"IRONCLAD","items_purchased":["Bandage Up"],"campfire_rested":1,"item_purchase_floors":[13],"current_hp_per_floor":[80,80,73,53,53,23,12,7,7,7,13,37,37,43,43,0],"gold":168,"neow_bonus":"ONE_RANDOM_RARE_CARD","is_prod":false,"is_daily":false,"chose_seed":false,"campfire_upgraded":1,"win_rate":0,"timestamp":1531459455,"path_taken":["M","?","?","?","M","E","M","?","T","M","M","R","$","M","R","BOSS"],"build_version":"2018-07-12","purchased_purges":0,"victory":false,"max_hp_per_floor":[80,80,80,80,80,80,80,80,80,80,80,80,80,80,80,80],"card_choices":[{"not_picked":["Anger","Headbutt"],"picked":"Heavy Blade","floor":1},{"not_picked":["Anger","Rupture","Sever Soul"],"picked":"SKIP","floor":5},{"not_picked":["Pummel","Pommel Strike"],"picked":"Flex","floor":6},{"not_picked":["Havoc","Warcry"],"picked":"Flex","floor":7},{"not_picked":["Wild Strike","Heavy Blade"],"picked":"Rage","floor":8},{"not_picked":["Heavy Blade","Pommel Strike"],"picked":"Flex","floor":10},{"not_picked":["Twin Strike","Intimidate"],"picked":"Juggernaut","floor":11},{"not_picked":["Cleave","Iron Wave","Flex"],"picked":"SKIP","floor":14}],"player_experience":95146,"relics_obtained":[{"floor":6,"key":"Mercury Hourglass"},{"floor":9,"key":"Oddly Smooth Stone"}],"event_choices":[{"event_name":"Upgrade Shrine","player_choice":"Upgraded","floor":2,"damage_taken":0},{"event_name":"Scrap Ooze","player_choice":"success","floor":3,"damage_taken":7},{"event_name":"Golden Idol","player_choice":"Take Damage","floor":4,"damage_taken":0}],"boss_relics":[],"items_purged_floors":[],"is_endless":false,"potions_floor_spawned":[5,7,11],"killed_by":"Hexaghost","ascension_level":0}