{"gold_per_floor":[117,129,204,215,229,256,256,281,281,281,281,53,70,85,85,183,183,193,193,211,225,225,256,256,273,273,273,188,188,113,13,13,13],"floor_reached":33,"playtime":1457,"items_purged":["Strike_R","Defend_R"],"score":369,"play_id":"8935c093-dcfe-4409-9f3c-822a84278ce6","local_time":"20180921214902","is_ascension_mode":true,"campfire_choices":[{"data":"Rampage","floor":7,"key":"SMITH"},{"data":"Battle Trance","floor":11,"key":"SMITH"},{"data":"Shrug It Off","floor":15,"key":"SMITH"},{"data":"Combust","floor":27,"key":"SMITH"},{"data":"Metallicize","floor":29,"key":"SMITH"},{"floor":32,"key":"REST"}],"neow_cost":"NONE","seed_source_timestamp":201363288745,"circlet_count":0,"master_deck":["Defend_R","Defend_R","Defend_R","Bash","Rampage+1","Combust+1","Pommel Strike","Shrug It Off+1","Battle Trance+1","Clothesline","Feed","Warcry+1","Bite","Bite","Bite","Bite","Spot Weakness+1","J.A.X.","Heavy Blade","Metallicize+1"],"relics":["Burning Blood","Ancient Tea Set","Pen Nib","Oddly Smooth Stone","Boot","Bag of Preparation","Mark of Pain","Dodecahedron","Potion Belt","Regal Pillow"],"potions_floor_usage":[6,6,6,6,8,20,23,23,25],"damage_taken":[{"damage":4,"enemies":"2 Louse","floor":1,"turns":3},{"damage":7,"enemies":"Small Slimes","floor":2,"turns":4},{"damage":6,"enemies":"Cultist","floor":4,"turns":3},{"damage":8,"enemies":"Blue Slaver","floor":5,"turns":4},{"damage":30,"enemies":"Lagavulin","floor":6,"turns":5},{"damage":27,"enemies":"3 Sentries","floor":8,"turns":5},{"damage":0,"enemies":"3 Louse","floor":13,"turns":3},{"damage":0,"enemies":"Looter","floor":14,"turns":3},{"damage":40,"enemies":"Hexaghost","floor":16,"turns":9},{"damage":9,"enemies":"Shell Parasite","floor":18,"turns":5},{"damage":11,"enemies":"2 Thieves","floor":20,"turns":4},{"damage":24,"enemies":"Shelled Parasite and Fungi","floor":21,"turns":5},{"damage":45,"enemies":"Slavers","floor":23,"turns":5},{"damage":14,"enemies":"Snecko","floor":25,"turns":4},{"damage":91,"enemies":"Collector","floor":33,"turns":7}],"seed_played":"-1534259109067959730","potions_obtained":[{"floor":1,"key":"Energy Potion"},{"floor":4,"key":"SkillPotion"},{"floor":5,"key":"EntropicBrew"},{"floor":13,"key":"SpeedPotion"},{"floor":16,"key":"Explosive Potion"},{"floor":21,"key":"Poison Potion"}],"is_trial":false,"path_per_floor":["M","M","?","M","M","E","R","E","T","?","R","$","M","M","R","B",null,"M","?","M","M","?","E","?","M","T","R","?","R","?","$","R"],"character_chosen":"IRONCLAD","items_purchased":["Bag of Preparation"],"campfire_rested":1,"item_purchase_floors":[12],"current_hp_per_floor":[80,79,68,68,66,50,50,29,29,29,29,29,35,41,41,7,62,62,58,58,53,53,31,31,38,38,38,38,38,38,38,70,0],"gold":13,"neow_bonus":"RANDOM_COMMON_RELIC","is_prod":false,"is_daily":false,"chose_seed":false,"campfire_upgraded":5,"win_rate":0,"timestamp":1537580942,"path_taken":["M","M","?","M","?","E","R","E","T","?","R","$","M","M","R","BOSS","M","?","M","M","?","E","?","?","T","R","?","R","?","$","R","BOSS"],"build_version":"2018-09-20","purchased_purges":2,"victory":false,"max_hp_per_floor":[80,80,80,80,80,80,80,80,80,80,80,80,80,80,80,80,80,83,58,61,64,64,67,67,70,70,70,70,70,70,70,70,70],"card_choices":[{"not_picked":["Feel No Pain","Dropkick"],"picked":"Rampage","floor":1},{"not_picked":["Armaments","Bloodletting"],"picked":"Combust","floor":2},{"not_picked":["Wild Strike","Dropkick"],"picked":"Pommel Strike","floor":4},{"not_picked":["Intimidate","Warcry","Clash"],"picked":"SKIP","floor":5},{"not_picked":["Juggernaut","Pommel Strike"],"picked":"Shrug It Off","floor":6},{"not_picked":["Shrug It Off","Sentinel"],"picked":"Battle Trance","floor":8},{"not_picked":["Rampage","Anger"],"picked":"Clothesline","floor":13},{"not_picked":["Corruption","Pommel Strike","Fire Breathing"],"picked":"SKIP","floor":14},{"not_picked":["Brutality","Impervious"],"picked":"Feed","floor":16},{"not_picked":["Havoc","Burning Pact"],"picked":"Warcry+1","floor":18},{"not_picked":["Wild Strike","Iron Wave"],"picked":"Spot Weakness+1","floor":20},{"not_picked":["Iron Wave+1","Flex","Body Slam+1"],"picked":"SKIP","floor":21},{"not_picked":["Twin Strike+1","Wild Strike"],"picked":"Heavy Blade","floor":23},{"not_picked":["Clothesline+1","Pommel Strike"],"picked":"Metallicize","floor":25}],"player_experience":557709,"relics_obtained":[{"floor":6,"key":"Pen Nib"},{"floor":8,"key":"Oddly Smooth Stone"},{"floor":9,"key":"Boot"},{"floor":23,"key":"Dodecahedron"},{"floor":26,"key":"Potion Belt"}],"event_choices":[{"event_name":"World of Goop","player_choice":"Gather Gold","floor":3,"damage_taken":0},{"event_name":"Scrap Ooze","player_choice":"unsuccessful","floor":10,"damage_taken":0},{"event_name":"Vampires","player_choice":"Became a vampire","floor":19,"damage_taken":0},{"event_name":"Drug Dealer","player_choice":"Got JAX","floor":22,"damage_taken":0},{"event_name":"The Mausoleum","player_choice":"No","floor":24,"damage_taken":0},{"event_name":"Addict","player_choice":"Obtained Relic","floor":28,"damage_taken":0},{"event_name":"Beggar","player_choice":"Gave Gold","floor":30,"damage_taken":0}],"is_beta":false,"boss_relics":[{"not_picked":["Black Star","Runic Pyramid"],"picked":"Mark of Pain"}],"items_purged_floors":[12,31],"is_endless":false,"potions_floor_spawned":[1,4,5,13,16,21],"killed_by":"Collector","ascension_level":5}