{"gold_per_floor":[111,111,111,126,141,171,171,204,230,230,247,68,84,104,104,183,183,199,199,168,75,75,109,126,126,126,126,137,137,151,166,166,239,239,252,252,352,242,260,290,290,290],"floor_reached":42,"playtime":2510,"items_purged":["Strike_R","Strike_R"],"score":849,"play_id":"5e50110e-b78d-4a40-942c-6dda57411baf","local_time":"20190303135520","is_ascension_mode":true,"campfire_choices":[{"data":"Armaments","floor":7,"key":"SMITH"},{"floor":10,"key":"REST"},{"data":"Armaments","floor":15,"key":"SMITH"},{"floor":25,"key":"REST"},{"data":"Evolve","floor":27,"key":"SMITH"},{"data":"Warcry","floor":32,"key":"SMITH"},{"floor":41,"key":"REST"}],"neow_cost":"NONE","seed_source_timestamp":64943695199484,"circlet_count":0,"master_deck":["AscendersBane","Defend_R","Defend_R","Defend_R","Defend_R","Bash","Juggernaut","Sever Soul","True Grit","Armaments+1","Shrug It Off","Rage","Shrug It Off","Feed","Armaments+1","Impervious","Iron Wave","Evolve+1","Juggernaut","Wild Strike+1","Warcry+1","Second Wind","Demon Form","Thunderclap+1","Hemokinesis+1","Evolve+1","Feel No Pain","Enlightenment+1","Havoc+1"],"relics":["Burning Blood","Red Skull","Smiling Mask","Happy Flower","Mark of Pain","Pantograph","Pocketwatch","Astrolabe","Charon\u0027s Ashes","PreservedInsect"],"potions_floor_usage":[6,8,14,16,23,23,33,42],"damage_taken":[{"damage":13,"enemies":"Jaw Worm","floor":1,"turns":4},{"damage":6,"enemies":"Cultist","floor":4,"turns":4},{"damage":10,"enemies":"Small Slimes","floor":5,"turns":4},{"damage":19,"enemies":"3 Sentries","floor":6,"turns":5},{"damage":28,"enemies":"Lagavulin","floor":8,"turns":4},{"damage":12,"enemies":"Looter","floor":11,"turns":4},{"damage":10,"enemies":"Gremlin Gang","floor":13,"turns":5},{"damage":0,"enemies":"Large Slime","floor":14,"turns":4},{"damage":5,"enemies":"The Guardian","floor":16,"turns":13},{"damage":20,"enemies":"Shell Parasite","floor":18,"turns":10},{"damage":15,"enemies":"2 Thieves","floor":20,"turns":5},{"damage":45,"enemies":"Book of Stabbing","floor":23,"turns":5},{"damage":5,"enemies":"Centurion and Healer","floor":24,"turns":5},{"damage":19,"enemies":"Snake Plant","floor":28,"turns":4},{"damage":2,"enemies":"Cultist and Chosen","floor":30,"turns":6},{"damage":0,"enemies":"Centurion and Healer","floor":31,"turns":6},{"damage":60,"enemies":"Champ","floor":33,"turns":17},{"damage":37,"enemies":"3 Darklings","floor":35,"turns":7},{"damage":2,"enemies":"Mind Bloom Boss Battle","floor":37,"turns":5},{"damage":29,"enemies":"Orb Walker","floor":39,"turns":5},{"damage":44,"enemies":"Reptomancer","floor":40,"turns":6},{"damage":45,"enemies":"4 Shapes","floor":42,"turns":3}],"seed_played":"-8211167797588660183","potions_obtained":[{"floor":1,"key":"Block Potion"},{"floor":6,"key":"AttackPotion"},{"floor":11,"key":"FearPotion"},{"floor":14,"key":"SpeedPotion"},{"floor":18,"key":"SpeedPotion"},{"floor":20,"key":"Poison Potion"},{"floor":28,"key":"EssenceOfSteel"},{"floor":31,"key":"AttackPotion"},{"floor":35,"key":"Strength Potion"}],"is_trial":false,"path_per_floor":["M","?","?","M","M","E","R","E","T","R","M","$","M","M","R","B",null,"M","?","M","$","?","E","M","R","T","R","M","?","M","M","R","B",null,"M","?","?","?","M","E","R","M"],"character_chosen":"IRONCLAD","items_purchased":["Rage","Shrug It Off","Evolve"],"campfire_rested":3,"item_purchase_floors":[12,12,21],"current_hp_per_floor":[61,66,54,54,50,37,37,15,15,39,33,33,29,35,35,36,69,59,59,50,50,50,11,15,41,41,41,28,28,32,41,41,16,75,44,39,71,71,48,14,44,0],"gold":290,"neow_bonus":"ONE_RANDOM_RARE_CARD","is_prod":false,"is_daily":false,"chose_seed":false,"campfire_upgraded":4,"win_rate":0,"timestamp":1551639320,"path_taken":["M","?","?","M","M","E","R","E","T","R","?","$","M","M","R","BOSS","M","?","M","$","?","E","?","R","T","R","M","?","M","M","R","BOSS","M","?","?","?","?","E","R","M"],"build_version":"2019-01-23","purchased_purges":2,"victory":false,"max_hp_per_floor":[75,80,80,80,80,80,80,80,80,80,80,80,80,80,80,80,80,84,84,84,84,84,84,87,87,87,87,87,87,87,90,90,94,94,94,94,97,97,97,101,101,101],"card_choices":[{"not_picked":["Heavy Blade","Body Slam"],"picked":"Sever Soul","floor":1},{"not_picked":["Flex","Perfected Strike"],"picked":"True Grit","floor":4},{"not_picked":["True Grit","Heavy Blade"],"picked":"Combust","floor":5},{"not_picked":["Thunderclap","Flex"],"picked":"Armaments","floor":6},{"not_picked":["Body Slam","Wild Strike"],"picked":"Shrug It Off","floor":8},{"not_picked":["Perfected Strike","Thunderclap","Sword Boomerang"],"picked":"SKIP","floor":11},{"not_picked":["Perfected Strike","Thunderclap","Sword Boomerang"],"picked":"SKIP","floor":11},{"not_picked":["Anger","Perfected Strike"],"picked":"Feed","floor":13},{"not_picked":["Pommel Strike","Cleave"],"picked":"Armaments","floor":14},{"not_picked":["Feed","Reaper"],"picked":"Impervious","floor":16},{"not_picked":["Whirlwind","Perfected Strike","Power Through"],"picked":"SKIP","floor":18},{"not_picked":["Burning Pact","Cleave"],"picked":"Iron Wave","floor":20},{"not_picked":["Clash","Armaments+1"],"picked":"Wild Strike+1","floor":23},{"not_picked":["Armaments","Uppercut+1"],"picked":"Warcry","floor":24},{"not_picked":["Headbutt","Cleave"],"picked":"True Grit","floor":28},{"not_picked":["Entrench","Havoc"],"picked":"Second Wind","floor":30},{"not_picked":["Cleave","Perfected Strike","Sever Soul"],"picked":"SKIP","floor":31},{"not_picked":["Reaper","Berserk"],"picked":"Demon Form","floor":33},{"not_picked":["Body Slam+1","Battle Trance"],"picked":"Feel No Pain","floor":35},{"not_picked":["Sadistic Nature","Impatience"],"picked":"Enlightenment","floor":36},{"not_picked":["Flex","Pommel Strike","Dropkick"],"picked":"SKIP","floor":39},{"not_picked":["Rampage","Fire Breathing"],"picked":"Havoc+1","floor":40}],"player_experience":799779,"relics_obtained":[{"floor":6,"key":"Red Skull"},{"floor":8,"key":"Smiling Mask"},{"floor":9,"key":"Happy Flower"},{"floor":23,"key":"Pantograph"},{"floor":26,"key":"Pocketwatch"},{"floor":37,"key":"Charon\u0027s Ashes"},{"floor":40,"key":"PreservedInsect"}],"event_choices":[{"damage_healed":0,"gold_gain":0,"player_choice":"Donut","damage_taken":0,"max_hp_gain":5,"max_hp_loss":0,"event_name":"Big Fish","floor":2,"gold_loss":0},{"damage_healed":0,"gold_gain":0,"player_choice":"Damaged","damage_taken":12,"max_hp_gain":0,"max_hp_loss":0,"event_name":"Wheel of Change","floor":3,"gold_loss":0},{"damage_healed":0,"gold_gain":0,"player_choice":"Ignored","damage_taken":0,"max_hp_gain":0,"max_hp_loss":0,"event_name":"Ghosts","floor":19,"gold_loss":0},{"damage_healed":0,"gold_gain":0,"cards_transformed":["Strike_R"],"player_choice":"Transformed","damage_taken":0,"max_hp_gain":0,"max_hp_loss":0,"event_name":"Transmorgrifier","floor":22,"gold_loss":0,"cards_obtained":["Juggernaut"]},{"damage_healed":0,"gold_gain":0,"player_choice":"Ignored","damage_taken":0,"max_hp_gain":0,"max_hp_loss":0,"event_name":"Cursed Tome","floor":29,"gold_loss":0},{"damage_healed":0,"gold_gain":0,"player_choice":"Memory 2","damage_taken":5,"max_hp_gain":0,"max_hp_loss":0,"event_name":"SensoryStone","floor":36,"gold_loss":0},{"damage_healed":0,"gold_gain":0,"player_choice":"Fight","damage_taken":0,"max_hp_gain":0,"max_hp_loss":0,"event_name":"MindBloom","floor":37,"gold_loss":0},{"cards_removed":["Combust"],"damage_healed":0,"gold_gain":0,"player_choice":"Upgrade and Remove","damage_taken":0,"max_hp_gain":0,"max_hp_loss":0,"event_name":"Designer","floor":38,"gold_loss":110,"cards_upgraded":["Enlightenment"]}],"is_beta":false,"boss_relics":[{"not_picked":["Cursed Key","Runic Dome"],"picked":"Mark of Pain"},{"not_picked":["Empty Cage","Runic Cube"],"picked":"Astrolabe"}],"items_purged_floors":[12,21],"is_endless":false,"potions_floor_spawned":[1,6,11,14,18,20,28,31,35,39],"killed_by":"4 Shapes","ascension_level":16}