{"gold_per_floor":[144,144,158,135,43,77,77,170,170,197,220,257,229,252,264,374,386,418,449,473,485,497],"floor_reached":22,"playtime":2363,"items_purged":[],"score":277,"play_id":"b5688510-baa7-49ee-b72e-afcb431c920f","local_time":"20190216201340","is_ascension_mode":true,"campfire_choices":[{"data":"Jack Of All Trades","floor":7,"key":"SMITH"},{"data":"Phantasmal Killer","floor":15,"key":"SMITH"}],"neow_cost":"NONE","seed_source_timestamp":1121888485536665,"circlet_count":0,"master_deck":["Defend_G+1","Defend_G+1","Defend_G+1","Defend_G+1","Defend_G+1","Strike_G+1","Strike_G+1","Strike_G+1","Strike_G+1","Survivor","Neutralize","Distraction","Cloak And Dagger","Backflip","Jack Of All Trades+1","Blur","Phantasmal Killer+1","PiercingWail","Escape Plan","Footwork","Cloak And Dagger","Tools of the Trade","Dodge and Roll","Flechettes+1","Calculated Gamble"],"relics":["Ring of the Snake","Tiny Chest","Matryoshka","Unceasing Top","Sundial","MawBank","Potion Belt","Runic Pyramid"],"potions_floor_usage":[8,12,16,16,18,18,22],"damage_taken":[{"damage":0,"enemies":"2 Louse","floor":1,"turns":3},{"damage":2,"enemies":"Cultist","floor":3,"turns":5},{"damage":32,"enemies":"Lagavulin","floor":6,"turns":9},{"damage":0,"enemies":"3 Sentries","floor":8,"turns":14},{"damage":4,"enemies":"Small Slimes","floor":10,"turns":4},{"damage":3,"enemies":"Looter","floor":11,"turns":4},{"damage":9,"enemies":"Lagavulin","floor":12,"turns":7},{"damage":3,"enemies":"3 Louse","floor":14,"turns":4},{"damage":6,"enemies":"The Guardian","floor":16,"turns":13},{"damage":38,"enemies":"Chosen","floor":18,"turns":14},{"damage":4,"enemies":"3 Byrds","floor":19,"turns":8},{"damage":24,"enemies":"Cultist and Chosen","floor":20,"turns":9},{"damage":18,"enemies":"Snecko","floor":22,"turns":3}],"seed_played":"-1254939274636748405","potions_obtained":[{"floor":6,"key":"EssenceOfSteel"},{"floor":10,"key":"Regen Potion"},{"floor":13,"key":"SkillPotion"},{"floor":13,"key":"PowerPotion"},{"floor":13,"key":"Swift Potion"},{"floor":14,"key":"SkillPotion"},{"floor":19,"key":"SpeedPotion"}],"is_trial":false,"path_per_floor":["M","?","M","$","$","E","R","E","T","M","M","E","?","M","R","B",null,"M","M","M","?","M"],"character_chosen":"THE_SILENT","items_purchased":["Backflip","Jack Of All Trades"],"campfire_rested":0,"item_purchase_floors":[4,5],"current_hp_per_floor":[70,70,68,68,68,36,36,36,36,32,29,35,35,32,32,26,70,32,28,4,4,0],"gold":497,"neow_bonus":"RANDOM_COMMON_RELIC","is_prod":false,"is_daily":false,"chose_seed":false,"campfire_upgraded":2,"win_rate":0,"timestamp":1550344420,"path_taken":["M","?","?","?","$","E","R","E","T","M","M","E","?","?","R","BOSS","M","M","?","?","M"],"build_version":"2019-01-23","purchased_purges":0,"victory":false,"max_hp_per_floor":[70,70,70,70,70,70,70,70,70,70,70,70,70,70,70,70,70,70,70,70,70,70],"card_choices":[{"not_picked":["Blade Dance","Flying Knee"],"picked":"Distraction","floor":1},{"not_picked":["Bouncing Flask","Dagger Throw"],"picked":"Cloak And Dagger","floor":3},{"not_picked":["Backflip","Outmaneuver"],"picked":"Blur","floor":6},{"not_picked":["Deflect","Crippling Poison"],"picked":"Phantasmal Killer","floor":8},{"not_picked":["Bane","Crippling Poison"],"picked":"PiercingWail","floor":10},{"not_picked":["Underhanded Strike","All Out Attack"],"picked":"Escape Plan","floor":11},{"not_picked":["Bane","Dagger Spray"],"picked":"Footwork","floor":12},{"not_picked":["Sucker Punch","Backflip"],"picked":"Cloak And Dagger","floor":14},{"not_picked":["Storm of Steel","A Thousand Cuts"],"picked":"Tools of the Trade","floor":16},{"not_picked":["Riddle With Holes","Backflip"],"picked":"Dodge and Roll","floor":18},{"not_picked":["Dodge and Roll","Cloak And Dagger"],"picked":"Flechettes+1","floor":19},{"not_picked":["Infinite Blades+1","Deadly Poison"],"picked":"Calculated Gamble","floor":20}],"player_experience":311883,"relics_obtained":[{"floor":6,"key":"Matryoshka"},{"floor":8,"key":"Unceasing Top"},{"floor":9,"key":"Sundial"},{"floor":9,"key":"MawBank"},{"floor":12,"key":"Potion Belt"}],"event_choices":[{"cards_removed":["Strike_G"],"damage_healed":0,"gold_gain":0,"player_choice":"Purged","damage_taken":0,"max_hp_gain":0,"max_hp_loss":0,"event_name":"Purifier","floor":2,"gold_loss":0},{"damage_healed":0,"gold_gain":0,"player_choice":"Bought 3 Potions","damage_taken":0,"max_hp_gain":0,"max_hp_loss":0,"event_name":"The Woman in Blue","floor":13,"gold_loss":0},{"damage_healed":0,"gold_gain":0,"player_choice":"Simplicity","damage_taken":0,"max_hp_gain":0,"max_hp_loss":0,"event_name":"Back to Basics","floor":21,"gold_loss":0,"cards_upgraded":["Defend_G","Defend_G","Defend_G","Defend_G","Defend_G","Strike_G","Strike_G","Strike_G","Strike_G"]}],"is_beta":false,"boss_relics":[{"not_picked":["Calling Bell","Snecko Eye"],"picked":"Runic Pyramid"}],"items_purged_floors":[],"is_endless":false,"potions_floor_spawned":[6,10,14,19],"killed_by":"Snecko","ascension_level":4}