{"gold_per_floor":[115,115,115,115,34,62,74,99,147,166,195,215,215,225,225,299,299,318,318,318,334,334,334,347,57,57,57,67,67,82,94,94,94],"floor_reached":33,"playtime":1019,"items_purged":["Strike_R"],"score":611,"play_id":"e49d885e-33d0-49a5-a3a5-86f74e5e3c48","local_time":"20190308231725","is_ascension_mode":true,"campfire_choices":[{"data":"Perfected Strike","floor":13,"key":"SMITH"},{"data":"Panacea","floor":15,"key":"SMITH"},{"data":"Flame Barrier","floor":23,"key":"SMITH"},{"data":"Perfected Strike","floor":27,"key":"SMITH"},{"data":"Bash","floor":29,"key":"SMITH"},{"floor":32,"key":"REST"}],"neow_cost":"NONE","seed_source_timestamp":429442325544691,"circlet_count":0,"master_deck":["AscendersBane","Strike_R","Strike_R","Strike_R","Strike_R","Defend_R","Defend_R","Defend_R","Defend_R","Bash+1","Panacea+1","Perfected Strike+1","Hemokinesis","Flame Barrier+1","Perfected Strike+1","Clothesline","Fire Breathing","Corruption","Headbutt","Bloodletting","Reaper","Reckless Charge","Perfected Strike+1","Perfected Strike+1","Feel No Pain"],"relics":["Burning Blood","Pen Nib","Strawberry","Red Skull","Regal Pillow","Mark of Pain","DollysMirror","Singing Bowl"],"potions_floor_usage":[11,11,16,16,33,33],"damage_taken":[{"damage":5,"enemies":"Small Slimes","floor":1,"turns":4},{"damage":38,"enemies":"Lagavulin","floor":6,"turns":5},{"damage":3,"enemies":"Jaw Worm","floor":7,"turns":3},{"damage":19,"enemies":"Gremlin Nob","floor":8,"turns":3},{"damage":0,"enemies":"2 Louse","floor":10,"turns":2},{"damage":3,"enemies":"3 Sentries","floor":11,"turns":5},{"damage":8,"enemies":"Large Slime","floor":12,"turns":7},{"damage":9,"enemies":"Exordium Wildlife","floor":14,"turns":3},{"damage":29,"enemies":"Slime Boss","floor":16,"turns":4},{"damage":34,"enemies":"3 Byrds","floor":18,"turns":5},{"damage":0,"enemies":"Chosen","floor":21,"turns":3},{"damage":31,"enemies":"Centurion and Healer","floor":24,"turns":5},{"damage":18,"enemies":"Chosen and Byrds","floor":28,"turns":5},{"damage":36,"enemies":"Sentry and Sphere","floor":30,"turns":4},{"damage":9,"enemies":"Centurion and Healer","floor":31,"turns":2},{"damage":88,"enemies":"Collector","floor":33,"turns":8}],"seed_played":"-3655029806223691660","potions_obtained":[{"floor":8,"key":"SteroidPotion"},{"floor":10,"key":"Block Potion"},{"floor":11,"key":"SkillPotion"},{"floor":12,"key":"Poison Potion"},{"floor":14,"key":"AttackPotion"},{"floor":22,"key":"SteroidPotion"},{"floor":22,"key":"FairyPotion"},{"floor":31,"key":"SpeedPotion"}],"is_trial":false,"path_per_floor":["M","?","?","?","$","E","M","E","T","M","E","M","R","M","R","B",null,"M","?","?","M","?","R","M","$","T","R","M","R","M","M","R","B"],"character_chosen":"IRONCLAD","items_purchased":["Hemokinesis","DollysMirror"],"campfire_rested":1,"item_purchase_floors":[5,25],"current_hp_per_floor":[69,69,69,69,69,37,40,34,34,40,43,41,41,38,38,15,65,42,42,58,64,64,64,56,56,56,56,46,46,25,29,69,0],"gold":94,"neow_bonus":"RANDOM_COLORLESS","is_prod":false,"is_daily":false,"chose_seed":false,"campfire_upgraded":5,"win_rate":0,"timestamp":1552105045,"path_taken":["M","?","?","?","$","E","?","E","T","M","E","M","R","M","R","BOSS","M","?","?","?","?","R","M","$","T","R","?","R","M","M","R","BOSS"],"build_version":"2019-01-23","purchased_purges":1,"victory":false,"max_hp_per_floor":[75,75,75,75,75,75,75,82,82,82,82,82,82,82,82,82,82,82,82,82,82,82,82,82,82,82,82,84,84,86,86,86,86],"card_choices":[{"not_picked":["Anger","Dual Wield"],"picked":"Perfected Strike","floor":1},{"not_picked":["Entrench","Dropkick"],"picked":"Flame Barrier","floor":6},{"not_picked":["Metallicize","Dropkick"],"picked":"Perfected Strike","floor":7},{"not_picked":["Intimidate","Clash"],"picked":"Clothesline","floor":8},{"not_picked":["Evolve","Sentinel"],"picked":"Fire Breathing","floor":10},{"not_picked":["Thunderclap","Combust"],"picked":"Corruption","floor":11},{"not_picked":["Blood for Blood","Iron Wave"],"picked":"Headbutt","floor":12},{"not_picked":["Pommel Strike","Twin Strike"],"picked":"Bloodletting","floor":14},{"not_picked":["Exhume","Double Tap"],"picked":"Reaper","floor":16},{"not_picked":["Cleave","Flex","Sword Boomerang"],"picked":"SKIP","floor":18},{"not_picked":["Warcry+1","Armaments"],"picked":"Reckless Charge","floor":21},{"not_picked":["True Grit","Headbutt"],"picked":"Perfected Strike","floor":24},{"not_picked":["Combust","Seeing Red","Warcry"],"picked":"Singing Bowl","floor":28},{"not_picked":["Armaments","Havoc","Pummel"],"picked":"Singing Bowl","floor":30},{"not_picked":["Warcry","Corruption+1"],"picked":"Feel No Pain","floor":31}],"player_experience":884232,"relics_obtained":[{"floor":6,"key":"Pen Nib"},{"floor":8,"key":"Strawberry"},{"floor":9,"key":"Red Skull"},{"floor":11,"key":"Regal Pillow"},{"floor":26,"key":"Singing Bowl"}],"event_choices":[{"damage_healed":0,"gold_gain":0,"player_choice":"Leave","damage_taken":0,"max_hp_gain":0,"max_hp_loss":0,"event_name":"The Cleric","floor":2,"gold_loss":0},{"damage_healed":0,"gold_gain":0,"player_choice":"Grow","damage_taken":0,"max_hp_gain":0,"max_hp_loss":0,"event_name":"Living Wall","floor":3,"gold_loss":0,"cards_upgraded":["Perfected Strike"]},{"damage_healed":0,"gold_gain":0,"player_choice":"Ignored","damage_taken":0,"max_hp_gain":0,"max_hp_loss":0,"event_name":"Golden Wing","floor":4,"gold_loss":0},{"damage_healed":0,"gold_gain":0,"player_choice":"Ignored","damage_taken":0,"max_hp_gain":0,"max_hp_loss":0,"event_name":"The Mausoleum","floor":19,"gold_loss":0},{"damage_healed":16,"gold_gain":0,"player_choice":"Heal","damage_taken":0,"max_hp_gain":0,"max_hp_loss":0,"event_name":"The Library","floor":20,"gold_loss":0},{"damage_healed":0,"gold_gain":0,"player_choice":"Got Potions","damage_taken":0,"max_hp_gain":0,"max_hp_loss":0,"event_name":"Lab","floor":22,"gold_loss":0}],"is_beta":false,"boss_relics":[{"not_picked":["Busted Crown","Eternal Feather"],"picked":"Mark of Pain"}],"items_purged_floors":[25],"is_endless":false,"potions_floor_spawned":[8,10,11,12,14,28,31],"killed_by":"Collector","ascension_level":17}