{"path_per_floor":["M","$","M","?","M","R","E","R","T","M","R","M","M","$","R","B",null,"M","?","M","?","$","E","R","M","T","R","E","?","R","?","R","B",null,"M","M","?","$","M","M","M","R","T","M","M","M","M","$","R","B"],"character_chosen":"THE_SILENT","items_purchased":["Snake Skull","Flash of Steel","Well Laid Plans","Medical Kit","Footwork","Paper Crane"],"gold_per_floor":[363,30,45,45,65,65,101,101,169,190,190,203,222,18,18,142,142,158,158,173,173,64,97,97,110,110,110,145,145,145,45,45,175,175,198,211,211,111,130,148,161,161,188,207,226,239,255,2,2,2],"floor_reached":51,"campfire_rested":4,"playtime":6302,"current_hp_per_floor":[62,62,62,47,47,47,38,38,38,38,38,37,37,37,37,3,63,50,50,47,41,41,6,24,6,6,24,2,2,20,20,20,11,63,60,60,60,60,62,55,55,55,55,55,40,40,40,40,58,21],"items_purged":["Strike_G","Strike_G"],"gold":2,"play_id":"55b8da6b-e9b2-4c45-92d6-9e0a0eda4a50","is_prod":false,"is_daily":false,"campfire_rituals":0,"campfire_upgraded":6,"is_hardmode":false,"path_taken":["M","$","M","?","?","R","E","R","T","M","R","M","M","$","R","BOSS","M","?","M","?","$","E","R","M","T","R","E","?","R","?","R","BOSS","M","M","?","?","M","M","M","R","T","M","M","M","M","$","R","BOSS"],"build_version":"2018-01-18-PROD4","purchased_purges":2,"victory":true,"master_deck":["Defend_G","Defend_G","Defend_G","Defend_G","Defend_G","Strike_G","Strike_G","Strike_G","Survivor","Neutralize","Flechettes","Flash of Steel","Well Laid Plans","Poisoned Stab","Adrenaline","Escape Plan","Sucker Punch","Backflip","Outmaneuver","Envenom","Acrobatics","Adrenaline","Acrobatics","Footwork","After Image","Flying Knee","Distraction","J.A.X.","Tools of the Trade","Dash","Underhanded Strike","Adrenaline","Cloak And Dagger","Cloak And Dagger","Footwork","Bouncing Flask","Dagger Spray","Deflect"],"max_hp_per_floor":[63,63,63,63,63,63,63,63,63,63,63,63,63,63,63,63,63,63,63,63,63,63,63,63,63,63,63,63,63,63,63,63,63,63,63,63,63,63,63,63,63,63,63,63,63,63,63,63,63,63],"relics":["Ring of the Snake","Snake Skull","Golden Idol","Bag of Preparation","Centennial Puzzle","Medical Kit","Question Card","Vajra","Unceasing Top","Omamori","Philosopher\u0027s Stone","Anchor","Paper Crane"],"campfire_meditates":0,"card_choices":[{"not_picked":["Deadly Poison","Underhanded Strike"],"picked":"Flechettes"},{"not_picked":["Outmaneuver","Concentrate"],"picked":"Poisoned Stab"},{"not_picked":["Terror","Deflect"],"picked":"Adrenaline"},{"not_picked":["Acrobatics","Quick Slash"],"picked":"Escape Plan"},{"not_picked":["Underhanded Strike","Backstab"],"picked":"Sucker Punch"},{"not_picked":["Riddle With Holes","Corpse Explosion"],"picked":"Backflip"},{"not_picked":["Skewer","Eviscerate"],"picked":"Outmaneuver"},{"not_picked":["Wraith Form","Die Die Die"],"picked":"Envenom"},{"not_picked":["Reflex","Prepared","Underhanded Strike"],"picked":"Acrobatics"},{"not_picked":["Dagger Spray","Deadly Poison","Deflect"],"picked":"Acrobatics"},{"not_picked":["Dodge and Roll","Sucker Punch","Masterful Stab"],"picked":"After Image"},{"not_picked":["Outmaneuver","Crippling Poison","Deadly Poison"],"picked":"Flying Knee"},{"not_picked":["Sucker Punch","Acrobatics","Dodge and Roll"],"picked":"Distraction"},{"not_picked":["After Image","Venomology","Unload"],"picked":"Tools of the Trade"},{"not_picked":["Terror","Sucker Punch","Bane"],"picked":"Dash"},{"not_picked":["Sucker Punch","Masterful Stab","Quick Slash"],"picked":"Underhanded Strike"},{"not_picked":["Finisher","Dodge and Roll","Prepared"],"picked":"Cloak And Dagger"},{"not_picked":["Backflip","Dagger Throw","Underhanded Strike"],"picked":"Cloak And Dagger"},{"not_picked":["Glass Knife","Concentrate","Deadly Poison"],"picked":"Footwork"},{"not_picked":["Cloak And Dagger","Setup","Finisher"],"picked":"Bouncing Flask"},{"not_picked":["Prepared","Flying Knee","Dodge and Roll"],"picked":"Dagger Spray"},{"not_picked":["Grand Finale","Dagger Spray","Deadly Poison"],"picked":"Deflect"}],"player_experience":310955,"potions_floor_usage":[7,16,16,33,33,39,40,50,50],"damage_taken":[{"damage":1,"enemies":"Cultist","floor":1,"turns":6},{"damage":0,"enemies":"Small Slimes","floor":3,"turns":4},{"damage":0,"enemies":"Jaw Worm","floor":5,"turns":4},{"damage":9,"enemies":"Lagavulin","floor":7,"turns":6},{"damage":0,"enemies":"Lots of Slimes","floor":10,"turns":4},{"damage":1,"enemies":"2 Fungi Beasts","floor":12,"turns":3},{"damage":0,"enemies":"Exordium Wildlife","floor":13,"turns":4},{"damage":34,"enemies":"Slime Boss","floor":16,"turns":14},{"damage":13,"enemies":"2 Thieves","floor":18,"turns":4},{"damage":3,"enemies":"Spheric Guardian","floor":20,"turns":4},{"damage":35,"enemies":"Slavers","floor":23,"turns":9},{"damage":18,"enemies":"Slaver and Parasite","floor":25,"turns":9},{"damage":22,"enemies":"Gremlin Leader","floor":28,"turns":5},{"damage":9,"enemies":"Automaton","floor":33,"turns":10},{"damage":3,"enemies":"3 Darklings","floor":35,"turns":7},{"damage":0,"enemies":"3 Shapes","floor":36,"turns":5},{"damage":10,"enemies":"3 Darklings","floor":39,"turns":4},{"damage":7,"enemies":"Sphere and 2 Shapes","floor":40,"turns":4},{"damage":0,"enemies":"Maw","floor":41,"turns":6},{"damage":0,"enemies":"4 Shapes","floor":44,"turns":5},{"damage":15,"enemies":"Sphere and 2 Shapes","floor":45,"turns":5},{"damage":0,"enemies":"Maw","floor":46,"turns":6},{"damage":0,"enemies":"4 Shapes","floor":47,"turns":5},{"damage":37,"enemies":"Awakened One","floor":50,"turns":11}],"event_choices":[{"event_name":"Golden Idol","player_choice":"Take Damage","floor":4,"damage_taken":0},{"event_name":"The Library","player_choice":"Read","floor":19,"damage_taken":0},{"event_name":"Wheel of Change","player_choice":"Damage","floor":21,"damage_taken":0},{"event_name":"Back to Basics","player_choice":"Simplicity","floor":29,"damage_taken":0},{"event_name":"Drug Dealer","player_choice":"Got JAXXED","floor":31,"damage_taken":0},{"event_name":"Duplicator","player_choice":"One dupe","floor":37,"damage_taken":0}],"boss_relics":[{"not_picked":["Tiny House","Lizard Tail"],"picked":"Question Card"},{"not_picked":["Snecko Eye","Eternal Feather"],"picked":"Philosopher\u0027s Stone"}],"potions_floor_spawned":[3,7,10,25,28,33,36,45,46,47],"seed_played":"3557760270642365817","is_trial":false}