{"gold_per_floor":[10,20,37,48,61,61,91,106,106,33,45,45,78,88,88,188,188,207,222,55,155,155,155,182,182,206,237,252,252,252,268,268,373,373,384,384,398,127,227,260,273,273,273,304,324,324,337,361,361,361],"floor_reached":51,"playtime":6248,"items_purged":["Defend_R+1"],"score":784,"play_id":"d011863e-e96a-4b4a-9f2c-4da6357442df","local_time":"20190128222345","is_ascension_mode":false,"campfire_choices":[{"data":"Armaments","floor":6,"key":"SMITH"},{"data":"Seeing Red","floor":12,"key":"SMITH"},{"data":"Feel No Pain","floor":15,"key":"SMITH"},{"data":"Offering","floor":23,"key":"SMITH"},{"data":"Blood for Blood","floor":25,"key":"SMITH"},{"data":"Brutality","floor":29,"key":"SMITH"},{"data":"Rupture","floor":32,"key":"SMITH"},{"floor":42,"key":"REST"},{"data":"Limit Break","floor":46,"key":"SMITH"},{"floor":49,"key":"REST"}],"neow_cost":"NO_GOLD","seed_source_timestamp":1333771169261652,"circlet_count":0,"master_deck":["Strike_R+1","Strike_R+1","Strike_R+1","Strike_R+1","Strike_R+1","Defend_R+1","Defend_R+1","Defend_R+1","Bash","Sword Boomerang","Armaments+1","Heavy Blade","Inflame","Pommel Strike","Cleave","Pummel","Feel No Pain+1","Seeing Red+1","Demon Form","Disarm","Impervious","Blood for Blood+1","Sword Boomerang+1","Offering+1","Clash","Rupture+1","Flex+1","Brutality+1","Limit Break+1","Dark Embrace","Heavy Blade+1","Pummel+1","Flame Barrier","Intimidate","Heavy Blade+1","Offering","Bloodletting","Twin Strike+1","Master of Strategy","Reckless Charge","Wild Strike+1","Fire Breathing","Twin Strike+1","Heavy Blade"],"relics":["Black Blood","Torii","Strawberry","Mummified Hand","PreservedInsect","Unceasing Top","Gremlin Horn","Happy Flower","Orichalcum","Nunchaku","Orrery","Incense Burner","Du-Vu Doll","FossilizedHelix","Oddly Smooth Stone","Bag of Marbles"],"potions_floor_usage":[7,7,21,45,45],"damage_taken":[{"damage":6,"enemies":"Cultist","floor":1,"turns":3},{"damage":2,"enemies":"Small Slimes","floor":2,"turns":5},{"damage":2,"enemies":"Jaw Worm","floor":3,"turns":5},{"damage":2,"enemies":"3 Louse","floor":4,"turns":4},{"damage":2,"enemies":"Looter","floor":5,"turns":3},{"damage":12,"enemies":"3 Sentries","floor":7,"turns":6},{"damage":4,"enemies":"Gremlin Gang","floor":8,"turns":4},{"damage":4,"enemies":"Exordium Thugs","floor":11,"turns":5},{"damage":25,"enemies":"Gremlin Nob","floor":13,"turns":4},{"damage":8,"enemies":"Blue Slaver","floor":14,"turns":3},{"damage":10,"enemies":"Hexaghost","floor":16,"turns":9},{"damage":12,"enemies":"Spheric Guardian","floor":18,"turns":4},{"damage":0,"enemies":"Chosen","floor":19,"turns":4},{"damage":22,"enemies":"Colosseum Slavers","floor":21,"turns":4},{"damage":14,"enemies":"Colosseum Nobs","floor":21,"turns":4},{"damage":7,"enemies":"Slavers","floor":24,"turns":3},{"damage":6,"enemies":"Gremlin Leader","floor":27,"turns":4},{"damage":33,"enemies":"Shelled Parasite and Fungi","floor":28,"turns":4},{"damage":4,"enemies":"3 Cultists","floor":31,"turns":4},{"damage":19,"enemies":"Automaton","floor":33,"turns":6},{"damage":17,"enemies":"3 Darklings","floor":35,"turns":5},{"damage":23,"enemies":"3 Shapes","floor":37,"turns":3},{"damage":18,"enemies":"Mind Bloom Boss Battle","floor":39,"turns":5},{"damage":31,"enemies":"Reptomancer","floor":40,"turns":3},{"damage":10,"enemies":"Spire Growth","floor":41,"turns":4},{"damage":43,"enemies":"Giant Head","floor":44,"turns":7},{"damage":22,"enemies":"3 Darklings","floor":45,"turns":6},{"damage":5,"enemies":"4 Shapes","floor":47,"turns":4},{"damage":45,"enemies":"Time Eater","floor":50,"turns":6}],"seed_played":"-1007279666253473490","potions_obtained":[{"floor":2,"key":"AttackPotion"},{"floor":4,"key":"Strength Potion"},{"floor":5,"key":"SmokeBomb"},{"floor":11,"key":"Regen Potion"},{"floor":13,"key":"Dexterity Potion"},{"floor":16,"key":"Swift Potion"},{"floor":24,"key":"Explosive Potion"},{"floor":27,"key":"Regen Potion"},{"floor":45,"key":"Dexterity Potion"}],"is_trial":false,"path_per_floor":["M","M","M","M","M","R","E","M","T","$","M","R","E","M","R","B",null,"M","M","$","?","?","R","E","R","T","E","M","R","?","M","R","B",null,"M","?","M","$","?","E","M","R","T","E","M","R","M","T","R","B",null],"character_chosen":"IRONCLAD","items_purchased":["Feel No Pain","Offering","Clash","Master of Strategy"],"campfire_rested":2,"item_purchase_floors":[10,20,20,38],"current_hp_per_floor":[80,80,80,80,80,80,81,83,83,83,85,85,66,64,64,60,87,85,87,87,71,71,71,74,74,74,78,55,55,55,61,61,52,87,80,80,67,67,59,38,38,64,64,31,64,64,69,69,87,52],"gold":361,"neow_bonus":"ONE_RARE_RELIC","is_prod":false,"is_daily":false,"chose_seed":false,"campfire_upgraded":8,"win_rate":0.0,"timestamp":1548710625,"path_taken":["M","M","M","M","?","R","E","M","T","?","?","R","E","M","R","BOSS","M","M","$","?","?","R","E","R","T","E","M","R","?","M","R","BOSS","M","?","?","$","?","E","M","R","T","E","M","R","M","?","R","BOSS"],"build_version":"2019-01-23","purchased_purges":1,"victory":true,"max_hp_per_floor":[80,80,80,80,80,80,87,87,87,87,87,87,87,87,87,87,87,87,87,87,87,87,87,87,87,87,87,87,87,87,87,87,87,87,87,87,87,87,87,87,87,87,87,87,87,87,87,87,87,87],"card_choices":[{"not_picked":["Rampage","Blood for Blood"],"picked":"Sword Boomerang","floor":1},{"not_picked":["Clash","Headbutt"],"picked":"Armaments","floor":2},{"not_picked":["Body Slam","Armaments"],"picked":"Heavy Blade","floor":3},{"not_picked":["Clash","Heavy Blade"],"picked":"Inflame","floor":4},{"not_picked":["Shockwave","Entrench"],"picked":"Pommel Strike","floor":5},{"not_picked":["Sever Soul","Headbutt"],"picked":"Cleave","floor":7},{"not_picked":["Metallicize","Body Slam"],"picked":"Pummel","floor":8},{"not_picked":["Rampage","Armaments"],"picked":"Seeing Red","floor":11},{"not_picked":["Immolate","Body Slam"],"picked":"Demon Form","floor":13},{"not_picked":["Pummel","Dual Wield"],"picked":"Disarm","floor":14},{"not_picked":["Berserk","Double Tap"],"picked":"Impervious","floor":16},{"not_picked":["Pommel Strike","Power Through"],"picked":"Blood for Blood","floor":18},{"not_picked":["Clothesline","Body Slam"],"picked":"Sword Boomerang+1","floor":19},{"not_picked":["Seeing Red","Body Slam"],"picked":"Rupture","floor":21},{"not_picked":["Body Slam","Anger+1"],"picked":"Power Through","floor":24},{"not_picked":["Searing Blow","True Grit"],"picked":"Flex+1","floor":27},{"not_picked":["Headbutt+1","Sword Boomerang"],"picked":"Brutality","floor":28},{"not_picked":["Disarm","Heavy Blade"],"picked":"Limit Break","floor":31},{"not_picked":["Juggernaut","Impervious"],"picked":"Dark Embrace","floor":33},{"not_picked":["Intimidate","Headbutt"],"picked":"Heavy Blade+1","floor":34},{"not_picked":["Pommel Strike","Iron Wave+1"],"picked":"Pummel+1","floor":34},{"not_picked":["Flex","Uppercut+1"],"picked":"Flame Barrier","floor":34},{"not_picked":["Headbutt","Feel No Pain"],"picked":"Intimidate","floor":34},{"not_picked":["Sword Boomerang","Pommel Strike"],"picked":"Heavy Blade+1","floor":34},{"not_picked":["Shrug It Off","Second Wind"],"picked":"Offering","floor":35},{"not_picked":["Clothesline","Shockwave"],"picked":"Twin Strike+1","floor":37},{"not_picked":["Body Slam+1","Anger"],"picked":"Reckless Charge","floor":39},{"not_picked":["Shrug It Off+1","Iron Wave"],"picked":"Wild Strike+1","floor":40},{"not_picked":["Dual Wield","Armaments+1"],"picked":"Fire Breathing","floor":41},{"not_picked":["Immolate","Disarm+1"],"picked":"Twin Strike+1","floor":44},{"not_picked":["Clash","Whirlwind+1"],"picked":"Heavy Blade","floor":45},{"not_picked":["Armaments","Shrug It Off+1","Wild Strike+1"],"picked":"SKIP","floor":47}],"player_experience":68812,"relics_obtained":[{"floor":7,"key":"Strawberry"},{"floor":9,"key":"Mummified Hand"},{"floor":13,"key":"PreservedInsect"},{"floor":21,"key":"Unceasing Top"},{"floor":21,"key":"Gremlin Horn"},{"floor":24,"key":"Happy Flower"},{"floor":26,"key":"Orichalcum"},{"floor":27,"key":"Nunchaku"},{"floor":39,"key":"Incense Burner"},{"floor":40,"key":"Du-Vu Doll"},{"floor":43,"key":"FossilizedHelix"},{"floor":44,"key":"Oddly Smooth Stone"},{"floor":48,"key":"Bag of Marbles"}],"event_choices":[{"damage_healed":0,"gold_gain":0,"player_choice":"Fight","damage_taken":0,"max_hp_gain":0,"max_hp_loss":0,"event_name":"Colosseum","floor":21,"gold_loss":0},{"damage_healed":0,"gold_gain":0,"player_choice":"Fought Nobs","damage_taken":0,"max_hp_gain":0,"max_hp_loss":0,"event_name":"Colosseum","floor":21,"gold_loss":0},{"damage_healed":0,"gold_gain":0,"player_choice":"Ignored","damage_taken":0,"max_hp_gain":0,"max_hp_loss":0,"event_name":"The Mausoleum","floor":22,"gold_loss":0},{"damage_healed":0,"gold_gain":0,"player_choice":"Simplicity","damage_taken":0,"max_hp_gain":0,"max_hp_loss":0,"event_name":"Back to Basics","floor":30,"gold_loss":0,"cards_upgraded":["Strike_R","Strike_R","Strike_R","Strike_R","Strike_R","Defend_R","Defend_R","Defend_R","Defend_R"]},{"damage_healed":0,"gold_gain":0,"cards_transformed":["Power Through"],"player_choice":"Transformed","damage_taken":0,"max_hp_gain":0,"max_hp_loss":0,"event_name":"Transmorgrifier","floor":36,"gold_loss":0,"cards_obtained":["Bloodletting"]},{"damage_healed":0,"gold_gain":0,"player_choice":"Fight","damage_taken":0,"max_hp_gain":0,"max_hp_loss":0,"event_name":"MindBloom","floor":39,"gold_loss":0}],"is_beta":false,"boss_relics":[{"not_picked":["Fusion Hammer","Cursed Key"],"picked":"Black Blood"},{"not_picked":["Astrolabe","Velvet Choker"],"picked":"Orrery"}],"items_purged_floors":[38],"is_endless":false,"potions_floor_spawned":[2,4,5,11,13,16,24,27,28,31,33,39,41,44,45],"ascension_level":0}