{"gold_per_floor":[109,120,131,57,67,67,81,96,122,122,122,122,122,157,157,281,281,301,317,7,7],"floor_reached":21,"playtime":1875,"items_purged":[],"score":181,"play_id":"873a9b82-ec7b-4c8b-a4b7-4e4cbf61dec9","local_time":"20180708200832","is_ascension_mode":false,"campfire_choices":[{"data":"Armaments","floor":6,"key":"SMITH"},{"data":"Entrench","floor":10,"key":"SMITH"},{"data":"Rampage","floor":15,"key":"SMITH"}],"neow_cost":"NONE","seed_source_timestamp":120381815517214,"circlet_count":0,"master_deck":["Strike_R","Strike_R","Strike_R","Strike_R","Strike_R","Defend_R","Defend_R","Defend_R","Defend_R","Bash","Flex","Rage","Entrench+1","Metallicize","Armaments+1","Rampage+1","Clothesline","Juggernaut","Pommel Strike","Anger","Impervious"],"relics":["Burning Blood","Omamori","Juzu Bracelet","Golden Idol","Darkstone Periapt","White Beast Statue","Anchor"],"potions_floor_usage":[14,21,21],"damage_taken":[{"damage":6,"enemies":"Small Slimes","floor":1,"turns":4},{"damage":1,"enemies":"Jaw Worm","floor":2,"turns":3},{"damage":1,"enemies":"Cultist","floor":3,"turns":3},{"damage":4,"enemies":"Blue Slaver","floor":5,"turns":5},{"damage":1,"enemies":"Looter","floor":7,"turns":4},{"damage":13,"enemies":"3 Louse","floor":8,"turns":4},{"damage":15,"enemies":"3 Sentries","floor":14,"turns":12},{"damage":15,"enemies":"The Guardian","floor":16,"turns":17},{"damage":61,"enemies":"3 Byrds","floor":18,"turns":6},{"damage":5,"enemies":"Chosen","floor":19,"turns":6},{"damage":39,"enemies":"Centurion and Healer","floor":21,"turns":6}],"seed_played":"-1111285683611397273","potions_obtained":[{"floor":3,"key":"Swift Potion"},{"floor":7,"key":"Energy Potion"},{"floor":8,"key":"SteroidPotion"},{"floor":18,"key":"FairyPotion"}],"is_trial":false,"path_per_floor":["M","M","M","$","M","R","M","M","T","R","?","?","?","E","R","B",null,"M","M","$"],"character_chosen":"IRONCLAD","items_purchased":["Metallicize","Anchor","Impervious"],"campfire_rested":0,"item_purchase_floors":[4,20,20],"current_hp_per_floor":[80,80,80,80,80,80,80,73,73,73,73,73,73,64,64,55,80,25,26,26,0],"gold":7,"neow_bonus":"RANDOM_COMMON_RELIC","is_prod":false,"is_daily":false,"chose_seed":false,"campfire_upgraded":3,"win_rate":0,"timestamp":1531069712,"path_taken":["M","M","M","$","M","R","M","M","T","R","?","?","?","E","R","BOSS","M","M","$","M"],"build_version":"2018-07-05","purchased_purges":0,"victory":false,"max_hp_per_floor":[80,80,80,80,80,80,80,80,80,80,80,80,80,80,80,80,80,80,80,80,80],"card_choices":[{"not_picked":["Clothesline","Iron Wave"],"picked":"Flex","floor":1},{"not_picked":["Power Through","Ghostly Armor"],"picked":"Rage","floor":2},{"not_picked":["Thunderclap","Warcry"],"picked":"Entrench","floor":3},{"not_picked":["Warcry","Twin Strike"],"picked":"Armaments","floor":5},{"not_picked":["Twin Strike","Thunderclap","Corruption"],"picked":"SKIP","floor":7},{"not_picked":["Body Slam","Feel No Pain"],"picked":"Rampage","floor":8},{"not_picked":["Brutality","True Grit"],"picked":"Clothesline","floor":14},{"not_picked":["Limit Break","Double Tap"],"picked":"Juggernaut","floor":16},{"not_picked":["Clash","Iron Wave"],"picked":"Pommel Strike","floor":18},{"not_picked":["Flex","Iron Wave"],"picked":"Anger","floor":19}],"player_experience":36529,"relics_obtained":[{"floor":9,"key":"Juzu Bracelet"},{"floor":14,"key":"Darkstone Periapt"}],"event_choices":[{"event_name":"The Cleric","player_choice":"Leave","floor":11,"damage_taken":0},{"event_name":"Golden Idol","player_choice":"Take Wound","floor":12,"damage_taken":0},{"event_name":"Golden Wing","player_choice":"Ignored","floor":13,"damage_taken":0}],"boss_relics":[{"not_picked":["Fusion Hammer","Runic Dome"],"picked":"White Beast Statue"}],"items_purged_floors":[],"is_endless":false,"potions_floor_spawned":[3,7,8,18,19],"killed_by":"Centurion and Healer","ascension_level":0}