{"gold_per_floor":[113,125,143,7,24,54,54,74,153,153,153,74,408,422,422,422],"floor_reached":16,"playtime":1017,"items_purged":[],"score":112,"play_id":"155b70c9-21d6-4774-b7ac-8a8d82ec7950","local_time":"20180723170137","is_ascension_mode":false,"campfire_choices":[{"floor":7,"key":"REST"},{"data":"Barricade","floor":10,"key":"SMITH"},{"data":"Bash","floor":15,"key":"SMITH"}],"neow_cost":"NONE","seed_source_timestamp":941058109833529,"circlet_count":0,"master_deck":["Strike_R","Strike_R","Strike_R","Strike_R","Strike_R","Defend_R","Defend_R","Defend_R","Defend_R","Bash+1","Dropkick","Dropkick","Barricade+1","Seeing Red","Pommel Strike+1","Evolve"],"relics":["Burning Blood","Ancient Tea Set","Molten Egg 2","Meat on the Bone","NlothsMask","Old Coin"],"potions_floor_usage":[5,6,14,16],"damage_taken":[{"damage":2,"enemies":"2 Louse","floor":1,"turns":4},{"damage":6,"enemies":"Cultist","floor":2,"turns":3},{"damage":4,"enemies":"Small Slimes","floor":3,"turns":4},{"damage":8,"enemies":"Gremlin Gang","floor":5,"turns":19},{"damage":51,"enemies":"3 Sentries","floor":6,"turns":14},{"damage":14,"enemies":"Exordium Thugs","floor":8,"turns":6},{"damage":6,"enemies":"Gremlin Nob","floor":13,"turns":3},{"damage":5,"enemies":"Looter","floor":14,"turns":2},{"damage":54,"enemies":"Hexaghost","floor":16,"turns":9}],"seed_played":"3614025009928730772","potions_obtained":[{"floor":1,"key":"GamblersBrew"},{"floor":3,"key":"Fire Potion"},{"floor":8,"key":"Block Potion"},{"floor":13,"key":"FearPotion"}],"is_trial":false,"path_per_floor":["M","M","M","$","M","E","R","M","T","R","?","$","E","M","R"],"character_chosen":"IRONCLAD","items_purchased":["Barricade","Evolve"],"campfire_rested":1,"item_purchase_floors":[4,12],"current_hp_per_floor":[80,80,80,80,78,33,57,49,49,49,49,49,49,50,50,0],"gold":422,"neow_bonus":"RANDOM_COMMON_RELIC","is_prod":false,"is_daily":false,"chose_seed":false,"campfire_upgraded":2,"win_rate":0,"timestamp":1532354497,"path_taken":["M","M","M","$","M","E","R","M","T","R","?","$","E","M","R","BOSS"],"build_version":"2018-07-19v2","purchased_purges":0,"victory":false,"max_hp_per_floor":[80,80,80,80,80,80,80,80,80,80,80,80,80,80,80,80],"card_choices":[{"not_picked":["Sever Soul","Feel No Pain","Carnage"],"picked":"SKIP","floor":1},{"not_picked":["Pommel Strike","Sever Soul"],"picked":"Dropkick","floor":2},{"not_picked":["Armaments","Sever Soul"],"picked":"Dropkick","floor":3},{"not_picked":["Armaments","Rampage"],"picked":"Seeing Red","floor":5},{"not_picked":["Reckless Charge","Combust","Searing Blow"],"picked":"SKIP","floor":6},{"not_picked":["Iron Wave+1","Feel No Pain"],"picked":"Pommel Strike+1","floor":8},{"not_picked":["Perfected Strike+1","Hemokinesis+1","True Grit"],"picked":"SKIP","floor":13},{"not_picked":["Corruption","Wild Strike+1","Iron Wave+1"],"picked":"SKIP","floor":14}],"player_experience":131607,"relics_obtained":[{"floor":6,"key":"Molten Egg 2"},{"floor":9,"key":"Meat on the Bone"},{"floor":13,"key":"Old Coin"}],"event_choices":[{"event_name":"FaceTrader","player_choice":"Trade","floor":11,"damage_taken":0}],"is_beta":false,"boss_relics":[],"items_purged_floors":[],"is_endless":false,"potions_floor_spawned":[1,3,8,13],"killed_by":"Hexaghost","ascension_level":0}