{"gold_per_floor":[117,117,129,147,158,183,199,214,238,252,282,302,15,35,35,134,134,147,72,72,91,16,42,42,42,67,67,13,13],"floor_reached":29,"playtime":3183,"items_purged":["Strike_G"],"score":270,"play_id":"bd15900e-bafc-4e58-83f5-d63f3528b3fb","local_time":"20190129191814","is_ascension_mode":true,"campfire_choices":[{"data":"Adrenaline","floor":15.0,"key":"SMITH"},{"floor":27,"key":"RECALL"}],"neow_cost":"NONE","seed_source_timestamp":0,"circlet_count":0,"master_deck":["Defend_G","Defend_G","Defend_G","Defend_G","Defend_G","Strike_G","Strike_G","Strike_G","Survivor","Neutralize","Crippling Poison","Infinite Blades+1","Poisoned Stab","Prepared","Backflip","Masterful Stab","Dagger Throw","Acrobatics","Reflex","Adrenaline+1","Underhanded Strike","Flying Knee","Footwork+1","Night Terror","Distraction","Noxious Fumes+1","RitualDagger","Prepared+1","Corpse Explosion","Necronomicurse","Deadly Poison"],"special_seed":0,"relics":["Ring of the Snake","Bag of Marbles","Dodecahedron","Frozen Egg 2","Coffee Dripper","Happy Flower","Necronomicon","Boot"],"potions_floor_usage":[23],"damage_taken":[{"damage":3.0,"enemies":"Jaw Worm","floor":1.0,"turns":7.0},{"damage":0.0,"enemies":"Cultist","floor":3.0,"turns":4.0},{"damage":0.0,"enemies":"2 Louse","floor":4.0,"turns":4.0},{"damage":0.0,"enemies":"Exordium Wildlife","floor":5.0,"turns":4.0},{"damage":18.0,"enemies":"Gremlin Nob","floor":6.0,"turns":5.0},{"damage":0.0,"enemies":"Blue Slaver","floor":7.0,"turns":4.0},{"damage":7.0,"enemies":"Gremlin Gang","floor":8.0,"turns":5.0},{"damage":1.0,"enemies":"Exordium Wildlife","floor":10.0,"turns":3.0},{"damage":12.0,"enemies":"Lagavulin","floor":11.0,"turns":7.0},{"damage":0.0,"enemies":"Exordium Thugs","floor":12.0,"turns":3.0},{"damage":0.0,"enemies":"Red Slaver","floor":14.0,"turns":4.0},{"damage":2.0,"enemies":"Slime Boss","floor":16.0,"turns":11.0},{"damage":11,"enemies":"Spheric Guardian","floor":18,"turns":4},{"damage":5,"enemies":"Chosen","floor":21,"turns":6},{"damage":31,"enemies":"Book of Stabbing","floor":23,"turns":8},{"damage":7,"enemies":"Snake Plant","floor":29,"turns":1}],"seed_played":"-4967687603377367239","potions_obtained":[{"floor":4.0,"key":"SteroidPotion"},{"floor":5.0,"key":"EssenceOfSteel"},{"floor":6.0,"key":"GhostInAJar"},{"floor":8.0,"key":"FearPotion"},{"floor":12.0,"key":"GamblersBrew"},{"floor":16.0,"key":"Dexterity Potion"},{"floor":18,"key":"FearPotion"}],"is_trial":false,"path_per_floor":["M","?","M","M","M","E","M","M","T","M","E","M","$","M","R","B",null,"M","$","?","M","$","E","?","?","T","R","$","M"],"character_chosen":"THE_SILENT","items_purchased":["Frozen Egg 2","Flying Knee","Noxious Fumes+1","Deadly Poison"],"campfire_rested":0,"item_purchase_floors":[13,13,19,28],"current_hp_per_floor":[67,67,67,67,67,49,49,42,42,41,29,29,29,29,29,27,70,59,59,53,48,48,17,1,1,1,1,1,0],"gold":13,"neow_bonus":"TRANSFORM_CARD","is_prod":false,"is_daily":false,"chose_seed":false,"campfire_upgraded":1,"win_rate":0,"timestamp":1548785894,"path_taken":["M","?","M","M","M","E","M","M","T","M","E","M","$","M","R","BOSS","M","$","?","M","$","E","?","?","T","R","$","M"],"build_version":"2019-01-23","purchased_purges":1,"victory":false,"max_hp_per_floor":[70,70,70,70,70,70,70,70,70,70,70,70,70,70,70,70,70,70,70,70,70,70,70,70,70,70,70,70,70],"card_choices":[{"not_picked":["Backflip","Backstab"],"picked":"Infinite Blades","floor":1.0},{"not_picked":["Deflect","Blur"],"picked":"Poisoned Stab","floor":3.0},{"not_picked":["Catalyst","Dodge and Roll"],"picked":"Prepared","floor":4.0},{"not_picked":["Calculated Gamble","Expertise"],"picked":"Backflip","floor":5.0},{"not_picked":["Noxious Fumes","Prepared"],"picked":"Masterful Stab","floor":6.0},{"not_picked":["Blur","Escape Plan"],"picked":"Dagger Throw","floor":7.0},{"not_picked":["Leg Sweep","Backflip"],"picked":"Acrobatics","floor":8.0},{"not_picked":["Poisoned Stab","Acrobatics"],"picked":"Reflex","floor":10.0},{"not_picked":["Noxious Fumes","Predator"],"picked":"Adrenaline","floor":11.0},{"not_picked":["Bouncing Flask","Footwork"],"picked":"Underhanded Strike","floor":12.0},{"not_picked":["Dodge and Roll","Backflip"],"picked":"Footwork+1","floor":14.0},{"not_picked":["Malaise","Venomology"],"picked":"Night Terror","floor":16.0},{"not_picked":["Sucker Punch","Infinite Blades+1"],"picked":"Distraction","floor":18},{"not_picked":["Riddle With Holes","Acrobatics"],"picked":"Prepared+1","floor":21},{"not_picked":["Flechettes","Backstab"],"picked":"Corpse Explosion","floor":23}],"player_experience":75060,"relics_obtained":[{"floor":6.0,"key":"Bag of Marbles"},{"floor":11.0,"key":"Dodecahedron"},{"floor":23,"key":"Happy Flower"},{"floor":24,"key":"Necronomicon"},{"floor":26,"key":"Boot"}],"event_choices":[{"damage_healed":0.0,"max_hp_gain":0.0,"max_hp_loss":0.0,"gold_gain":0.0,"event_name":"Upgrade Shrine","player_choice":"Upgraded","floor":2.0,"gold_loss":0.0,"damage_taken":0.0,"cards_upgraded":["Infinite Blades"]},{"damage_healed":0,"gold_gain":0,"player_choice":"Joined the Cult","damage_taken":6,"max_hp_gain":0,"max_hp_loss":0,"event_name":"Nest","floor":20,"gold_loss":0,"cards_obtained":["RitualDagger"]},{"damage_healed":0,"gold_gain":0,"player_choice":"Obtained Book","damage_taken":16,"max_hp_gain":0,"max_hp_loss":0,"event_name":"Cursed Tome","floor":24,"gold_loss":0},{"damage_healed":0,"gold_gain":0,"player_choice":"Ignored","damage_taken":0,"max_hp_gain":0,"max_hp_loss":0,"event_name":"Ghosts","floor":25,"gold_loss":0}],"is_beta":false,"boss_relics":[{"not_picked":["Eternal Feather","Philosopher\u0027s Stone"],"picked":"Coffee Dripper"}],"items_purged_floors":[22],"is_endless":false,"potions_floor_spawned":[4,5,6,8,12,16,18],"killed_by":"Snake Plant","ascension_level":1}