{"gold_per_floor":[214,289,303,383,393,423,423,442,442,460,460,488,488,513,513,612,612,629,642,642],"floor_reached":20,"playtime":1009,"items_purged":[],"score":230,"play_id":"bdf014f5-91e2-4610-9527-a63738d81b25","local_time":"20190218215856","is_ascension_mode":true,"campfire_choices":[{"floor":7,"key":"REST"},{"data":"Dualcast","floor":13,"key":"SMITH"},{"data":"Zap","floor":15,"key":"SMITH"}],"neow_cost":"NONE","seed_source_timestamp":142094404942500,"circlet_count":0,"master_deck":["Strike_B","Strike_B","Strike_B","Defend_B","Defend_B","Defend_B","Zap+1","Dualcast+1","Steam","Coolheaded","Cold Snap","Auto Shields","Go for the Eyes","Ball Lightning","FTL","Multi-Cast","Redo","Compile Driver"],"relics":["Cracked Core","Gremlin Horn","Happy Flower","Bottled Lightning","Bottled Flame","Odd Mushroom","Empty Cage"],"potions_floor_usage":[12,16,19,20],"damage_taken":[{"damage":5,"enemies":"Small Slimes","floor":1,"turns":3},{"damage":0,"enemies":"Cultist","floor":3,"turns":3},{"damage":0,"enemies":"2 Louse","floor":5,"turns":2},{"damage":39,"enemies":"Lagavulin","floor":6,"turns":13},{"damage":2,"enemies":"2 Fungi Beasts","floor":8,"turns":3},{"damage":2,"enemies":"Looter","floor":10,"turns":4},{"damage":8,"enemies":"Gremlin Nob","floor":12,"turns":5},{"damage":2,"enemies":"The Mushroom Lair","floor":14,"turns":3},{"damage":12,"enemies":"Hexaghost","floor":16,"turns":11},{"damage":13,"enemies":"Shell Parasite","floor":18,"turns":7},{"damage":21,"enemies":"2 Thieves","floor":19,"turns":4},{"damage":21,"enemies":"Colosseum Slavers","floor":20,"turns":5},{"damage":37,"enemies":"Colosseum Nobs","floor":20,"turns":3}],"seed_played":"-1432201724491326022","potions_obtained":[{"floor":3,"key":"GamblersBrew"},{"floor":6,"key":"FocusPotion"},{"floor":10,"key":"Weak Potion"},{"floor":14,"key":"Regen Potion"},{"floor":18,"key":"SkillPotion"}],"is_trial":false,"path_per_floor":["M","?","M","T","M","E","R","M","T","M","?","E","R","?","R","B",null,"M","M","?"],"character_chosen":"DEFECT","items_purchased":[],"campfire_rested":1,"item_purchase_floors":[],"current_hp_per_floor":[70,63,63,63,63,24,46,44,44,42,67,59,59,57,57,45,68,55,34,0],"gold":642,"neow_bonus":"HUNDRED_GOLD","is_prod":false,"is_daily":false,"chose_seed":false,"campfire_upgraded":2,"win_rate":0,"timestamp":1550523536,"path_taken":["M","?","?","?","M","E","R","M","T","M","?","E","R","?","R","BOSS","M","M","?"],"build_version":"2019-01-23","purchased_purges":0,"victory":false,"max_hp_per_floor":[75,75,75,75,75,75,75,75,75,75,75,75,75,75,75,75,75,75,75,75],"card_choices":[{"not_picked":["Rebound","Beam Cell"],"picked":"Steam","floor":1},{"not_picked":["Compile Driver","Gash"],"picked":"Coolheaded","floor":3},{"not_picked":["Capacitor","Ball Lightning"],"picked":"Cold Snap","floor":5},{"not_picked":["Steam","Undo"],"picked":"Auto Shields","floor":6},{"not_picked":["Storm","Sweeping Beam"],"picked":"Go for the Eyes","floor":8},{"not_picked":["Redo","Double Energy"],"picked":"Ball Lightning","floor":10},{"not_picked":["BootSequence","Fission","Scrape"],"picked":"SKIP","floor":12},{"not_picked":["Hello World","Ball Lightning"],"picked":"FTL","floor":14},{"not_picked":["Hyperbeam","Meteor Strike"],"picked":"Multi-Cast","floor":16},{"not_picked":["Streamline","Rip and Tear"],"picked":"Redo","floor":18},{"not_picked":["Sweeping Beam","Skim"],"picked":"Compile Driver","floor":19}],"player_experience":322904,"relics_obtained":[{"floor":4,"key":"Gremlin Horn"},{"floor":6,"key":"Happy Flower"},{"floor":9,"key":"Bottled Lightning"},{"floor":12,"key":"Bottled Flame"},{"floor":14,"key":"Odd Mushroom"}],"event_choices":[{"damage_healed":0,"gold_gain":75,"player_choice":"Touch","damage_taken":7,"max_hp_gain":0,"max_hp_loss":0,"event_name":"FaceTrader","floor":2,"gold_loss":0},{"damage_healed":25,"gold_gain":0,"player_choice":"Banana","damage_taken":0,"max_hp_gain":0,"max_hp_loss":0,"event_name":"Big Fish","floor":11,"gold_loss":0},{"damage_healed":0,"gold_gain":0,"player_choice":"Fought Mushrooms","damage_taken":0,"max_hp_gain":0,"max_hp_loss":0,"event_name":"Mushrooms","floor":14,"gold_loss":0},{"damage_healed":0,"gold_gain":0,"player_choice":"Fight","damage_taken":0,"max_hp_gain":0,"max_hp_loss":0,"event_name":"Colosseum","floor":20,"gold_loss":0},{"damage_healed":0,"gold_gain":0,"player_choice":"Fought Nobs","damage_taken":0,"max_hp_gain":0,"max_hp_loss":0,"event_name":"Colosseum","floor":20,"gold_loss":0}],"is_beta":false,"boss_relics":[{"not_picked":["Runic Pyramid","Calling Bell"],"picked":"Empty Cage"}],"items_purged_floors":[],"is_endless":false,"potions_floor_spawned":[3,6,10,14,18],"killed_by":"Colosseum Nobs","ascension_level":5}