{"gold_per_floor":[114,129,129,144,162,191,191,204,251,251,251,251],"floor_reached":12,"playtime":1561,"items_purged":[],"score":80,"play_id":"6f3b58a1-b2f3-4a4d-a06f-59cb6613709c","local_time":"20180706201642","is_ascension_mode":false,"campfire_choices":[{"floor":11,"key":"REST"}],"neow_cost":"","seed_source_timestamp":4958590741868,"circlet_count":0,"master_deck":["Defend_G","Defend_G","Defend_G","Defend_G","Defend_G","Strike_G","Strike_G","Strike_G","Strike_G","Survivor","Neutralize","Quick Slash","Slice","Slice","Poisoned Stab+1","Tools of the Trade","Quick Slash"],"relics":["Ring of the Snake","Peace Pipe","Oddly Smooth Stone"],"potions_floor_usage":[],"damage_taken":[{"damage":10,"enemies":"2 Louse","floor":1,"turns":4},{"damage":0,"enemies":"Jaw Worm","floor":2,"turns":5},{"damage":0,"enemies":"Cultist","floor":4,"turns":4},{"damage":20,"enemies":"Large Slime","floor":5,"turns":8},{"damage":12,"enemies":"3 Sentries","floor":6,"turns":10},{"damage":18,"enemies":"Gremlin Gang","floor":8,"turns":6},{"damage":37,"enemies":"Gremlin Nob","floor":12,"turns":4}],"seed_played":"-4244194586967908190","potions_obtained":[{"floor":4,"key":"SmokeBomb"},{"floor":5,"key":"SkillPotion"},{"floor":8,"key":"LiquidBronze"}],"is_trial":false,"path_per_floor":["M","M","?","M","M","E","?","M","T","?","R"],"character_chosen":"THE_SILENT","items_purchased":[],"campfire_rested":1,"item_purchase_floors":[],"current_hp_per_floor":[60,60,60,60,40,28,28,10,10,10,31,0],"gold":251,"neow_bonus":"","is_prod":false,"is_daily":false,"chose_seed":false,"campfire_upgraded":0,"win_rate":0.0,"timestamp":1530897402,"path_taken":["M","M","?","?","M","E","?","M","T","?","R","E"],"build_version":"2018-07-05","purchased_purges":0,"victory":false,"max_hp_per_floor":[70,70,70,70,70,70,70,70,70,70,70,70],"card_choices":[{"not_picked":["Backflip","Dagger Throw"],"picked":"Quick Slash","floor":1},{"not_picked":["Expertise","Deflect"],"picked":"Slice","floor":2},{"not_picked":["Acrobatics","Backflip"],"picked":"Slice","floor":4},{"not_picked":["Acrobatics","Dagger Spray"],"picked":"Poisoned Stab","floor":5},{"not_picked":["Dagger Spray","Distraction"],"picked":"Tools of the Trade","floor":6},{"not_picked":["Acrobatics","PiercingWail"],"picked":"Quick Slash","floor":8}],"player_experience":4835,"relics_obtained":[{"floor":6,"key":"Peace Pipe"},{"floor":9,"key":"Oddly Smooth Stone"}],"event_choices":[{"event_name":"The Cleric","player_choice":"Leave","floor":3,"damage_taken":0},{"event_name":"Living Wall","player_choice":"Grow","floor":7,"damage_taken":0},{"event_name":"Purifier","player_choice":"One Purge","floor":10,"damage_taken":0}],"boss_relics":[],"items_purged_floors":[],"is_endless":false,"potions_floor_spawned":[4,5,8],"killed_by":"Gremlin Nob","ascension_level":0}