{"gold_per_floor":[117,129,146,71,71,102,119,119,119,119,46,58,133,23,23,23],"floor_reached":16,"playtime":698,"items_purged":["Strike_R"],"score":165,"play_id":"5b84a6f6-d9b7-4d5c-bcbc-7f1e1d1bae14","local_time":"20190124190829","is_ascension_mode":true,"campfire_choices":[{"data":"Bash","floor":8,"key":"SMITH"},{"floor":10,"key":"REST"},{"data":"Inflame","floor":15,"key":"SMITH"}],"neow_cost":"NONE","seed_source_timestamp":263805921551140,"circlet_count":0,"master_deck":["AscendersBane","Strike_R","Strike_R","Strike_R","Defend_R","Defend_R","Defend_R","Defend_R","Bash+1","Power Through","Headbutt","Whirlwind","Inflame+1","Uppercut"],"relics":["Burning Blood","NeowsBlessing","Singing Bowl","Blue Candle"],"potions_floor_usage":[6,7,16],"damage_taken":[{"damage":0,"enemies":"2 Louse","floor":1,"turns":1},{"damage":0,"enemies":"Small Slimes","floor":2,"turns":2},{"damage":0,"enemies":"Jaw Worm","floor":3,"turns":1},{"damage":45,"enemies":"Lagavulin","floor":6,"turns":7},{"damage":22,"enemies":"Lots of Slimes","floor":7,"turns":6},{"damage":13,"enemies":"Large Slime","floor":12,"turns":7},{"damage":41,"enemies":"Hexaghost","floor":16,"turns":9}],"seed_played":"-2936938378805360708","potions_obtained":[{"floor":1,"key":"FearPotion"},{"floor":6,"key":"BloodPotion"},{"floor":7,"key":"PowerPotion"}],"is_trial":false,"path_per_floor":["M","M","M","$","?","E","M","R","T","R","$","M","?","$","R","B"],"character_chosen":"IRONCLAD","items_purchased":["Whirlwind","Inflame","Uppercut"],"campfire_rested":1,"item_purchase_floors":[11,14,14],"current_hp_per_floor":[78,80,80,80,73,36,30,30,30,55,55,50,39,39,39,0],"gold":23,"neow_bonus":"THREE_ENEMY_KILL","is_prod":false,"is_daily":false,"chose_seed":false,"campfire_upgraded":2,"win_rate":0,"timestamp":1548378509,"path_taken":["M","M","M","$","?","E","M","R","T","R","$","M","?","$","R","BOSS"],"build_version":"2019-01-23","purchased_purges":1,"victory":false,"max_hp_per_floor":[80,80,80,80,80,82,84,84,84,84,84,86,86,86,86,86],"card_choices":[{"not_picked":["Havoc","Clash"],"picked":"Power Through","floor":1},{"not_picked":["Infernal Blade","Perfected Strike","Clash"],"picked":"SKIP","floor":2},{"not_picked":["Flex","Perfected Strike"],"picked":"Headbutt","floor":3},{"not_picked":["Infernal Blade","Perfected Strike","Headbutt"],"picked":"Singing Bowl","floor":6},{"not_picked":["Reckless Charge","Blood for Blood","Twin Strike"],"picked":"Singing Bowl","floor":7},{"not_picked":["Flex","Twin Strike","Perfected Strike"],"picked":"Singing Bowl","floor":12}],"player_experience":465809,"relics_obtained":[{"floor":6,"key":"Singing Bowl"},{"floor":9,"key":"Blue Candle"}],"event_choices":[{"cards_removed":["Strike_R"],"damage_healed":0,"gold_gain":0,"player_choice":"Card Removal","damage_taken":7,"max_hp_gain":0,"max_hp_loss":0,"event_name":"Golden Wing","floor":5,"gold_loss":0},{"damage_healed":0,"gold_gain":75,"player_choice":"Gather Gold","damage_taken":11,"max_hp_gain":0,"max_hp_loss":0,"event_name":"World of Goop","floor":13,"gold_loss":0}],"is_beta":false,"boss_relics":[],"items_purged_floors":[4],"is_endless":false,"potions_floor_spawned":[1,6,7],"killed_by":"Hexaghost","ascension_level":13}