{"gold_per_floor":[215,225,15,29,29,57,57,57,81,156,170,190,190,200,200,303,303,317,317,285,285],"floor_reached":21,"playtime":1247,"items_purged":[],"score":224,"play_id":"b88c680e-2eb8-41cc-8283-476c5d39ca37","local_time":"20190228194429","is_ascension_mode":true,"campfire_choices":[{"data":"Armaments","floor":8,"key":"SMITH"},{"data":"Uppercut","floor":13,"key":"SMITH"},{"data":"Rampage","floor":15,"key":"SMITH"}],"neow_cost":"NONE","seed_source_timestamp":91011708205600,"circlet_count":0,"master_deck":["Strike_R","Strike_R","Strike_R+1","Strike_R","Strike_R","Defend_R","Defend_R+1","Defend_R","Defend_R+1","Bash","Ghostly Armor+1","Iron Wave","Bandage Up","Uppercut+1","Armaments+1","Headbutt+1","Dual Wield","Sentinel","Twin Strike","Rampage+1","Bludgeon","Pommel Strike+1","J.A.X.","Disarm+1"],"relics":["Black Blood","Whetstone","War Paint","Odd Mushroom"],"potions_floor_usage":[16,20,20],"damage_taken":[{"damage":8,"enemies":"Jaw Worm","floor":1,"turns":4},{"damage":10,"enemies":"Small Slimes","floor":2,"turns":6},{"damage":1,"enemies":"Cultist","floor":4,"turns":4},{"damage":41,"enemies":"Lagavulin","floor":6,"turns":8},{"damage":7,"enemies":"Large Slime","floor":11,"turns":7},{"damage":9,"enemies":"The Mushroom Lair","floor":12,"turns":6},{"damage":7,"enemies":"3 Louse","floor":14,"turns":4},{"damage":37,"enemies":"Hexaghost","floor":16,"turns":12},{"damage":36,"enemies":"3 Byrds","floor":18,"turns":8},{"damage":24,"enemies":"2 Thieves","floor":20,"turns":5},{"damage":66,"enemies":"Cultist and Chosen","floor":21,"turns":6}],"seed_played":"-340382223837804895","potions_obtained":[{"floor":4,"key":"FearPotion"},{"floor":11,"key":"SteroidPotion"},{"floor":16,"key":"EssenceOfSteel"}],"is_trial":false,"path_per_floor":["M","M","$","M","?","E","$","R","T","?","M","?","R","M","R","B",null,"M","?","M","M"],"character_chosen":"IRONCLAD","items_purchased":["Bandage Up","Uppercut","Armaments"],"campfire_rested":0,"item_purchase_floors":[3,3,3],"current_hp_per_floor":[78,74,74,80,80,49,49,49,49,38,41,42,42,45,45,18,65,43,43,33,0],"gold":285,"neow_bonus":"HUNDRED_GOLD","is_prod":false,"is_daily":false,"chose_seed":false,"campfire_upgraded":3,"win_rate":0,"timestamp":1551379469,"path_taken":["M","M","$","M","?","E","?","R","T","?","M","?","R","M","R","BOSS","M","?","M","M"],"build_version":"2019-01-23","purchased_purges":0,"victory":false,"max_hp_per_floor":[80,80,80,80,80,80,80,80,80,80,80,80,80,80,80,80,80,80,80,80,80],"card_choices":[{"not_picked":["Sword Boomerang","Heavy Blade"],"picked":"Ghostly Armor","floor":1},{"not_picked":["Ghostly Armor","Fire Breathing"],"picked":"Iron Wave","floor":2},{"not_picked":["Havoc","Sword Boomerang"],"picked":"Headbutt","floor":4},{"not_picked":["Brutality","Second Wind"],"picked":"Dual Wield","floor":6},{"not_picked":["Cleave","Burning Pact"],"picked":"Sentinel","floor":11},{"not_picked":["Iron Wave","Anger"],"picked":"Twin Strike","floor":12},{"not_picked":["Sever Soul","Fire Breathing"],"picked":"Rampage","floor":14},{"not_picked":["Reaper","Dark Embrace"],"picked":"Bludgeon","floor":16},{"not_picked":["Havoc+1","Body Slam"],"picked":"Pommel Strike+1","floor":18},{"not_picked":["Uppercut+1","Entrench"],"picked":"Disarm+1","floor":20}],"player_experience":370186,"relics_obtained":[{"floor":6,"key":"Whetstone"},{"floor":9,"key":"War Paint"},{"floor":12,"key":"Odd Mushroom"}],"event_choices":[{"damage_healed":0,"gold_gain":0,"player_choice":"Grow","damage_taken":0,"max_hp_gain":0,"max_hp_loss":0,"event_name":"Living Wall","floor":5,"gold_loss":0,"cards_upgraded":["Ghostly Armor"]},{"damage_healed":0,"gold_gain":75,"player_choice":"Gather Gold","damage_taken":11,"max_hp_gain":0,"max_hp_loss":0,"event_name":"World of Goop","floor":10,"gold_loss":0},{"damage_healed":0,"gold_gain":0,"player_choice":"Fought Mushrooms","damage_taken":0,"max_hp_gain":0,"max_hp_loss":0,"event_name":"Mushrooms","floor":12,"gold_loss":0},{"damage_healed":0,"gold_gain":0,"player_choice":"Obtain J.A.X.","damage_taken":0,"max_hp_gain":0,"max_hp_loss":0,"event_name":"Drug Dealer","floor":19,"gold_loss":0,"cards_obtained":["J.A.X."]}],"is_beta":false,"boss_relics":[{"not_picked":["Empty Cage","Lizard Tail"],"picked":"Black Blood"}],"items_purged_floors":[],"is_endless":false,"potions_floor_spawned":[4,11,16],"killed_by":"Cultist and Chosen","ascension_level":5}