{"gold_per_floor":[110,130,150,162,162,162,203,203,203,228,228,247,247,172,172,297,297,322,8,8,107,125,169,169,183,209,209,245,245,269,290,290,416,416,430,445,445,445],"floor_reached":39,"playtime":2072,"items_purged":["Strike_B"],"score":890,"play_id":"4d8af01e-9768-470a-abf2-e0c9cffca2b4","local_time":"20181001180240","is_ascension_mode":true,"campfire_choices":[{"data":"Go for the Eyes","floor":6,"key":"SMITH"},{"data":"Zap","floor":8,"key":"SMITH"},{"data":"Dualcast","floor":11,"key":"SMITH"},{"data":"Reinforced Body","floor":15,"key":"SMITH"},{"data":"Biased Cognition","floor":24,"key":"SMITH"},{"data":"Beam Cell","floor":27,"key":"SMITH"},{"data":"Gash","floor":29,"key":"SMITH"},{"data":"All For One","floor":32,"key":"SMITH"}],"neow_cost":"NONE","seed_source_timestamp":7932654507471,"circlet_count":0,"master_deck":["Strike_B","Strike_B","Strike_B","Defend_B","Defend_B","Defend_B","Defend_B+1","Zap+1","Dualcast+1","All For One+1","Go for the Eyes+1","Undo","Gash+1","Hologram+1","Biased Cognition+1","Reinforced Body+1","Beam Cell+1","Echo Form","Steam+1","Turbo+1","Self Repair","Coolheaded+1","Rebound+1","Gash+1","Fission","BootSequence","Compile Driver+1"],"relics":["Cracked Core","Golden Idol","Bag of Preparation","Vajra","White Beast Statue","Thread and Needle","Molten Egg 2","War Paint","Blood Vial","Sozu"],"potions_floor_usage":[7,18,22,23,25,28,30,33,38],"damage_taken":[{"damage":0,"enemies":"2 Louse","floor":1,"turns":2},{"damage":2,"enemies":"Jaw Worm","floor":2,"turns":3},{"damage":2,"enemies":"Cultist","floor":3,"turns":4},{"damage":0,"enemies":"Exordium Wildlife","floor":4,"turns":3},{"damage":15,"enemies":"Lagavulin","floor":7,"turns":6},{"damage":1,"enemies":"Looter","floor":10,"turns":3},{"damage":0,"enemies":"3 Louse","floor":12,"turns":2},{"damage":0,"enemies":"Hexaghost","floor":16,"turns":8},{"damage":10,"enemies":"3 Byrds","floor":18,"turns":3},{"damage":6,"enemies":"Shell Parasite","floor":22,"turns":3},{"damage":28,"enemies":"Slavers","floor":23,"turns":7},{"damage":5,"enemies":"Centurion and Healer","floor":25,"turns":6},{"damage":0,"enemies":"Book of Stabbing","floor":28,"turns":4},{"damage":1,"enemies":"Snake Plant","floor":30,"turns":4},{"damage":0,"enemies":"Shelled Parasite and Fungi","floor":31,"turns":4},{"damage":56,"enemies":"Collector","floor":33,"turns":9},{"damage":7,"enemies":"3 Darklings","floor":35,"turns":8},{"damage":3,"enemies":"3 Shapes","floor":36,"turns":6},{"damage":61,"enemies":"Time Eater","floor":38,"turns":13}],"seed_played":"2929186414071721009","potions_obtained":[{"floor":2,"key":"FocusPotion"},{"floor":4,"key":"Ancient Potion"},{"floor":12,"key":"SmokeBomb"},{"floor":16,"key":"SpeedPotion"},{"floor":18,"key":"Regen Potion"},{"floor":22,"key":"Dexterity Potion"},{"floor":23,"key":"Regen Potion"},{"floor":25,"key":"SneckoOil"},{"floor":28,"key":"SkillPotion"},{"floor":30,"key":"Block Potion"},{"floor":31,"key":"SteroidPotion"},{"floor":33,"key":"FocusPotion"}],"is_trial":false,"path_per_floor":["M","M","M","M","?","R","E","R","T","M","R","M","?","$","R","B",null,"M","$","$","?","M","E","R","M","T","R","E","R","M","M","R","B",null,"M","M","?","B"],"character_chosen":"DEFECT","items_purchased":["Thread and Needle","Turbo"],"campfire_rested":0,"item_purchase_floors":[19,19],"current_hp_per_floor":[68,66,64,64,64,64,49,49,49,48,48,48,48,48,48,48,64,54,54,54,54,57,29,29,45,45,45,45,45,60,69,69,20,57,66,69,69,15],"gold":445,"neow_bonus":"ONE_RANDOM_RARE_CARD","is_prod":false,"is_daily":false,"chose_seed":false,"campfire_upgraded":8,"win_rate":0,"timestamp":1538431360,"path_taken":["M","M","M","M","?","R","E","R","T","M","R","M","?","$","R","BOSS","M","?","$","?","M","E","R","M","T","R","E","R","M","M","R","BOSS","M","M","?","BOSS"],"build_version":"2018-09-27","purchased_purges":1,"victory":true,"max_hp_per_floor":[75,75,75,75,69,69,69,69,69,69,69,69,69,69,69,69,69,69,69,69,69,69,69,69,69,69,69,69,69,69,69,69,69,69,69,69,69,69],"card_choices":[{"not_picked":["Hologram","Stack"],"picked":"Go for the Eyes","floor":1},{"not_picked":["Storm","Hologram"],"picked":"Undo","floor":2},{"not_picked":["Leap","Conserve Battery"],"picked":"Gash","floor":3},{"not_picked":["Ball Lightning","Conserve Battery"],"picked":"Hologram","floor":4},{"not_picked":["Electrodynamics","Conserve Battery"],"picked":"Biased Cognition","floor":7},{"not_picked":["Stack","Defragment"],"picked":"Reinforced Body","floor":10},{"not_picked":["Ball Lightning","Darkness"],"picked":"Beam Cell","floor":12},{"not_picked":["Creative AI","Electrodynamics"],"picked":"Echo Form","floor":16},{"not_picked":["Barrage","Sweeping Beam"],"picked":"Steam+1","floor":18},{"not_picked":["Heatsinks","Cold Snap","Sweeping Beam"],"picked":"SKIP","floor":22},{"not_picked":["Go for the Eyes+1","Glacier"],"picked":"Self Repair","floor":23},{"not_picked":["Barrage+1","Genetic Algorithm"],"picked":"Coolheaded+1","floor":25},{"not_picked":["Auto Shields","Barrage+1","Undo+1"],"picked":"SKIP","floor":28},{"not_picked":["Meteor Strike+1","Defragment"],"picked":"Rebound+1","floor":30},{"not_picked":["Lockon+1","Rip and Tear+1"],"picked":"Gash+1","floor":31},{"not_picked":["Amplify","Meteor Strike+1"],"picked":"Fission","floor":33},{"not_picked":["Sweeping Beam+1","Hologram"],"picked":"BootSequence","floor":35},{"not_picked":["Glacier","Defragment"],"picked":"Compile Driver+1","floor":36}],"player_experience":630433,"relics_obtained":[{"floor":7,"key":"Bag of Preparation"},{"floor":9,"key":"Vajra"},{"floor":23,"key":"Molten Egg 2"},{"floor":26,"key":"War Paint"},{"floor":28,"key":"Blood Vial"}],"event_choices":[{"event_name":"Golden Idol","player_choice":"Lose Max HP","floor":5,"damage_taken":0},{"event_name":"Living Wall","player_choice":"Grow","floor":13,"damage_taken":0},{"event_name":"Nest","player_choice":"Stole From Cult","floor":21,"damage_taken":0},{"event_name":"SecretPortal","player_choice":"Took Portal.","floor":37,"damage_taken":0}],"is_beta":false,"boss_relics":[{"not_picked":["Velvet Choker","Lizard Tail"],"picked":"White Beast Statue"},{"not_picked":["Busted Crown","Astrolabe"],"picked":"Sozu"}],"items_purged_floors":[14],"is_endless":false,"potions_floor_spawned":[2,4,12,16,18,22,23,25,28,30,31,33,35,36],"ascension_level":6}