{"gold_per_floor":[117,67,67,67,82,110,110,140,140,150,118,129,129,161,161,239,239,251,265,190,190,200,200,200],"floor_reached":24,"playtime":1200,"items_purged":["Strike_R"],"score":406,"play_id":"10567b19-ddeb-4f26-9448-bcf977343c84","local_time":"20190218192932","is_ascension_mode":true,"campfire_choices":[{"data":"Clothesline","floor":7,"key":"SMITH"},{"data":"True Grit","floor":13,"key":"SMITH"},{"data":"Wild Strike","floor":15,"key":"SMITH"},{"data":"Feed","floor":23,"key":"SMITH"}],"neow_cost":"NONE","seed_source_timestamp":331141552750140,"circlet_count":0,"master_deck":["AscendersBane","Strike_R+1","Strike_R","Defend_R+1","Defend_R","Defend_R+1","Defend_R+1","Bash","Clothesline+1","True Grit+1","Pummel","Shrug It Off","Wild Strike+1","Impervious","Feed+1","Corruption","Spot Weakness","Armaments+1"],"relics":["Burning Blood","NeowsBlessing","StoneCalendar","Blue Candle","FossilizedHelix","War Paint","Sozu"],"potions_floor_usage":[14,16,24],"damage_taken":[{"damage":0,"enemies":"2 Louse","floor":1,"turns":1},{"damage":0,"enemies":"Small Slimes","floor":5,"turns":1},{"damage":0,"enemies":"Lagavulin","floor":6,"turns":1},{"damage":30,"enemies":"Gremlin Nob","floor":8,"turns":5},{"damage":0,"enemies":"Cultist","floor":10,"turns":4},{"damage":0,"enemies":"Blue Slaver","floor":12,"turns":2},{"damage":5,"enemies":"3 Sentries","floor":14,"turns":7},{"damage":25,"enemies":"Slime Boss","floor":16,"turns":7},{"damage":10,"enemies":"Spheric Guardian","floor":18,"turns":5},{"damage":0,"enemies":"Chosen","floor":19,"turns":7},{"damage":18,"enemies":"Snake Plant","floor":22,"turns":6},{"damage":53,"enemies":"Slavers","floor":24,"turns":6}],"seed_played":"-1366317539011270617","potions_obtained":[{"floor":1,"key":"BloodPotion"},{"floor":6,"key":"SkillPotion"},{"floor":12,"key":"Fire Potion"},{"floor":14,"key":"Poison Potion"}],"is_trial":false,"path_per_floor":["M","?","?","?","M","E","R","E","T","M","?","M","R","E","R","B",null,"M","M","$","?","M","R","E"],"character_chosen":"IRONCLAD","items_purchased":[],"campfire_rested":0,"item_purchase_floors":[],"current_hp_per_floor":[74,74,59,59,65,71,71,47,47,53,53,59,59,60,60,41,67,66,72,72,57,45,45,0],"gold":200,"neow_bonus":"THREE_ENEMY_KILL","is_prod":false,"is_daily":false,"chose_seed":false,"campfire_upgraded":4,"win_rate":0,"timestamp":1550539772,"path_taken":["M","?","?","?","?","E","R","E","T","M","?","M","R","E","R","BOSS","M","M","$","?","M","R","E"],"build_version":"2019-01-23","purchased_purges":1,"victory":false,"max_hp_per_floor":[75,75,75,75,75,75,75,75,75,75,75,75,75,75,75,75,75,78,78,78,83,83,83,83],"card_choices":[{"not_picked":["Fire Breathing","Headbutt"],"picked":"Clothesline","floor":1},{"not_picked":["Sword Boomerang","Clash","Sentinel"],"picked":"SKIP","floor":5},{"not_picked":["Perfected Strike","Iron Wave"],"picked":"True Grit","floor":6},{"not_picked":["Exhume","Infernal Blade"],"picked":"Pummel","floor":8},{"not_picked":["Body Slam","Entrench"],"picked":"Shrug It Off","floor":10},{"not_picked":["Body Slam","Blood for Blood"],"picked":"Wild Strike","floor":12},{"not_picked":["Wild Strike","Shockwave"],"picked":"Impervious","floor":14},{"not_picked":["Exhume","Reaper"],"picked":"Feed","floor":16},{"not_picked":["Perfected Strike","Body Slam"],"picked":"Corruption","floor":18},{"not_picked":["Blood for Blood","Heavy Blade"],"picked":"Spot Weakness","floor":19},{"not_picked":["Flame Barrier","Bloodletting"],"picked":"Armaments+1","floor":22}],"player_experience":506219,"relics_obtained":[{"floor":6,"key":"StoneCalendar"},{"floor":8,"key":"Blue Candle"},{"floor":9,"key":"FossilizedHelix"},{"floor":14,"key":"War Paint"}],"event_choices":[{"cards_removed":["Strike_R"],"damage_healed":0,"gold_gain":0,"player_choice":"Card Removal","damage_taken":0,"max_hp_gain":0,"max_hp_loss":0,"event_name":"The Cleric","floor":2,"gold_loss":50},{"damage_healed":0,"gold_gain":0,"player_choice":"Entered Light","damage_taken":15,"max_hp_gain":0,"max_hp_loss":0,"event_name":"Shining Light","floor":3,"gold_loss":0,"cards_upgraded":["Defend_R","Strike_R"]},{"cards_removed":["Strike_R"],"damage_healed":0,"gold_gain":0,"player_choice":"Card Removal","damage_taken":0,"max_hp_gain":0,"max_hp_loss":0,"event_name":"Wheel of Change","floor":4,"gold_loss":0},{"damage_healed":0,"gold_gain":0,"player_choice":"Left Gold","damage_taken":0,"max_hp_gain":0,"max_hp_loss":0,"event_name":"World of Goop","floor":11,"gold_loss":32},{"damage_healed":0,"gold_gain":0,"player_choice":"Shed Blood","damage_taken":20,"max_hp_gain":5,"max_hp_loss":0,"event_name":"Forgotten Altar","floor":21,"gold_loss":0}],"is_beta":false,"boss_relics":[{"not_picked":["Ectoplasm","Calling Bell"],"picked":"Sozu"}],"items_purged_floors":[20],"is_endless":false,"potions_floor_spawned":[1,6,12,14,19,22],"killed_by":"Slavers","ascension_level":14}