{"path_per_floor":["M","M","M","M","M","E","M","R","T","E","?"],"character_chosen":"THE_SILENT","items_purchased":[],"gold_per_floor":[109,123,142,159,179,214,229,229,229,259,225,225],"floor_reached":12,"campfire_rested":1,"playtime":815,"current_hp_per_floor":[62,62,61,55,55,15,7,25,25,10,10,0],"items_purged":[],"gold":225,"score":138,"play_id":"b8f4b1c2-894c-4adb-9db5-1ab09475cd7e","local_time":"20180415224732","is_prod":false,"is_daily":false,"chose_seed":false,"is_ascension_mode":true,"campfire_upgraded":0,"timestamp":1523825252,"path_taken":["M","M","M","M","M","E","M","R","T","E","?","E"],"build_version":"2018-04-12","seed_source_timestamp":313144296263502,"purchased_purges":0,"victory":false,"master_deck":["Defend_G","Defend_G","Defend_G","Defend_G","Defend_G","Strike_G","Strike_G","Strike_G","Strike_G","Strike_G","Survivor","Neutralize","AscendersBane","Glass Knife","Dagger Throw","Quick Slash","Tools of the Trade","PiercingWail","Sucker Punch","Leg Sweep","Backflip"],"max_hp_per_floor":[63,63,63,63,63,63,63,63,63,63,63,63],"relics":["Ring of the Snake","Frozen Egg 2","Bottled Flame","Pantograph"],"card_choices":[{"not_picked":["Phantasmal Killer","Venomology"],"picked":"Glass Knife","floor":0},{"not_picked":["Poisoned Stab","Dagger Spray"],"picked":"Dagger Throw","floor":1},{"not_picked":["Dodge and Roll","Prepared"],"picked":"Quick Slash","floor":2},{"not_picked":["Predator","Quick Slash"],"picked":"Tools of the Trade","floor":3},{"not_picked":["Concentrate","Bane"],"picked":"PiercingWail","floor":5},{"not_picked":["Finisher","Dagger Throw"],"picked":"Sucker Punch","floor":6},{"not_picked":["PiercingWail","Poisoned Stab"],"picked":"Leg Sweep","floor":7},{"not_picked":["Backstab","Glass Knife"],"picked":"Backflip","floor":10}],"player_experience":321871,"potions_floor_usage":[6,10],"damage_taken":[{"damage":1,"enemies":"Small Slimes","floor":1,"turns":4},{"damage":0,"enemies":"Jaw Worm","floor":2,"turns":3},{"damage":1,"enemies":"Cultist","floor":3,"turns":3},{"damage":6,"enemies":"Large Slime","floor":4,"turns":7},{"damage":0,"enemies":"Red Slaver","floor":5,"turns":4},{"damage":40,"enemies":"Lagavulin","floor":6,"turns":7},{"damage":8,"enemies":"3 Louse","floor":7,"turns":4},{"damage":15,"enemies":"Gremlin Nob","floor":10,"turns":5},{"damage":12,"enemies":"3 Sentries","floor":12,"turns":7}],"event_choices":[{"event_name":"World of Goop","player_choice":"Left","floor":11,"damage_taken":0}],"boss_relics":[],"potions_floor_spawned":[4,5,7],"seed_played":"6186787794398366928","killed_by":"3 Sentries","ascension_level":10,"is_trial":false}