{"gold_per_floor":[116,136,136,136,151,182,182,199,274,274,306,306,320,338,338,439,439,451,480,490,507,422,422,455,17,40,40,59,59],"floor_reached":29,"playtime":2358,"items_purged":[],"score":255,"play_id":"715993cf-1b67-4bb0-a870-aa44316d819d","local_time":"20180711202157","is_ascension_mode":false,"campfire_choices":[{"floor":7,"key":"REST"},{"data":"Catalyst","floor":10,"key":"SMITH"},{"data":"Footwork","floor":12,"key":"SMITH"},{"floor":15,"key":"REST"},{"floor":23,"key":"REST"}],"neow_cost":"NONE","seed_source_timestamp":0,"circlet_count":0,"master_deck":["Defend_G","Defend_G+1","Defend_G","Defend_G","Defend_G+1","Strike_G","Strike_G","Strike_G","Strike_G+1","Survivor+1","Neutralize","Deadly Poison","Catalyst+1","Deadly Poison","Footwork+1","Noxious Fumes","Well Laid Plans","Flying Knee","Deadly Poison+1","Outmaneuver+1","Dodge and Roll+1","After Image","Sadistic Nature","Catalyst","PiercingWail"],"special_seed":17723,"relics":["Ring of the Snake","NeowsBlessing","Peace Pipe","Vajra","Darkstone Periapt","War Paint","Black Star","Red Mask","Orichalcum","Bag of Marbles","Bronze Scales","Strawberry","Ancient Tea Set"],"potions_floor_usage":[11,16,16,19,19,24,24,29],"damage_taken":[{"damage":0,"enemies":"Small Slimes","floor":1,"turns":1},{"damage":0,"enemies":"Jaw Worm","floor":2,"turns":1},{"damage":0,"enemies":"2 Louse","floor":5,"turns":1},{"damage":20,"enemies":"3 Sentries","floor":6,"turns":12},{"damage":0,"enemies":"Looter","floor":8,"turns":4},{"damage":5,"enemies":"Gremlin Nob","floor":11,"turns":3},{"damage":0,"enemies":"2 Fungi Beasts","floor":13,"turns":4},{"damage":1,"enemies":"3 Louse","floor":14,"turns":3},{"damage":18,"enemies":"Hexaghost","floor":16,"turns":8},{"damage":8,"enemies":"Chosen","floor":18,"turns":6},{"damage":47,"floor":19,"turns":7},{"damage":0,"enemies":"Shell Parasite","floor":20,"turns":5},{"damage":7,"enemies":"Snecko","floor":21,"turns":4},{"damage":23,"enemies":"Gremlin Leader","floor":24,"turns":8},{"damage":5,"enemies":"Sentry and Sphere","floor":28,"turns":5},{"damage":12,"enemies":"3 Cultists","floor":29,"turns":4}],"seed_played":"-1904894230533814690","potions_obtained":[{"floor":2,"key":"AttackPotion"},{"floor":8,"key":"Energy Potion"},{"floor":11,"key":"SkillPotion"},{"floor":16,"key":"Poison Potion"},{"floor":20,"key":"Explosive Potion"},{"floor":21,"key":"SpeedPotion"},{"floor":24,"key":"GhostInAJar"}],"is_trial":false,"path_per_floor":["M","M","?","?","M","E","R","M","T","R","E","R","M","M","R","B",null,"M","?","M","M","?","R","E","$","T","?","M"],"character_chosen":"THE_SILENT","items_purchased":["Strawberry","Sadistic Nature","Catalyst"],"campfire_rested":3,"item_purchase_floors":[25,25,25],"current_hp_per_floor":[70,70,56,38,38,18,39,39,39,39,34,34,34,33,54,36,70,62,15,15,8,8,29,6,13,13,13,8,0],"gold":59,"neow_bonus":"THREE_ENEMY_KILL","is_prod":false,"is_daily":false,"chose_seed":false,"campfire_upgraded":2,"win_rate":0,"timestamp":1531329717,"path_taken":["M","M","?","?","M","E","R","M","T","R","E","R","M","M","R","BOSS","M","?","M","M","?","R","E","$","T","?","?","M"],"build_version":"2018-07-05","purchased_purges":0,"victory":false,"max_hp_per_floor":[70,70,70,70,70,70,70,70,70,70,70,70,70,70,70,70,70,70,70,70,70,70,70,70,77,77,77,77,77],"card_choices":[{"not_picked":["Quick Slash","Slice"],"picked":"Deadly Poison","floor":1},{"not_picked":["Backstab","Underhanded Strike"],"picked":"Catalyst","floor":2},{"not_picked":["Poisoned Stab","Outmaneuver"],"picked":"Deadly Poison","floor":5},{"not_picked":["Backflip","Dash"],"picked":"Footwork","floor":6},{"not_picked":["Backstab","Deflect"],"picked":"Noxious Fumes","floor":8},{"not_picked":["Die Die Die","Predator"],"picked":"Well Laid Plans","floor":11},{"not_picked":["Slice","Dagger Spray"],"picked":"Flying Knee","floor":13},{"not_picked":["Riddle With Holes","All Out Attack","Quick Slash"],"picked":"SKIP","floor":14},{"not_picked":["Prepared","Eviscerate"],"picked":"Deadly Poison+1","floor":18},{"not_picked":["Flying Knee","Sucker Punch"],"picked":"Outmaneuver+1","floor":19},{"not_picked":["Bane","Flechettes+1"],"picked":"Dodge and Roll+1","floor":20},{"not_picked":["Poisoned Stab","Flying Knee","Underhanded Strike+1"],"picked":"SKIP","floor":21},{"not_picked":["PiercingWail","Venomology"],"picked":"After Image","floor":24},{"not_picked":["Acrobatics","Riddle With Holes+1"],"picked":"PiercingWail","floor":28}],"player_experience":76952,"relics_obtained":[{"floor":6,"key":"Vajra"},{"floor":9,"key":"Darkstone Periapt"},{"floor":11,"key":"War Paint"},{"floor":19,"key":"Red Mask"},{"floor":24,"key":"Bag of Marbles"},{"floor":24,"key":"Bronze Scales"},{"floor":26,"key":"Ancient Tea Set"}],"event_choices":[{"event_name":"Shining Light","player_choice":"Entered Light","floor":3,"damage_taken":0},{"event_name":"Scrap Ooze","player_choice":"success","floor":4,"damage_taken":18},{"event_name":"Masked Bandits","player_choice":"Fought over 451 gold","floor":19,"damage_taken":0},{"event_name":"Addict","player_choice":"Obtained Relic","floor":22,"damage_taken":0},{"event_name":"Bonfire Elementals","player_choice":"BASIC","floor":27,"damage_taken":0}],"boss_relics":[{"not_picked":["Snecko Eye","Orrery"],"picked":"Black Star"}],"items_purged_floors":[],"is_endless":false,"potions_floor_spawned":[2,8,11,16,20,21,24],"killed_by":"3 Cultists","ascension_level":0}