{"path_per_floor":["M","M","M","?","M","R","?","E","T","R","$","M","E","M","R","B",null,"M","?","?","M","?","E","M","M","T","E","M","M","E","M","R"],"character_chosen":"THE_SILENT","items_purchased":["Infinite Blades"],"gold_per_floor":[112,128,143,93,110,110,110,135,135,135,68,83,114,130,130,229,229,239,239,239,259,259,294,308,321,321,353,366,386,415,435,435,435],"floor_reached":33,"campfire_rested":2,"playtime":2819,"current_hp_per_floor":[61,55,55,55,51,51,51,25,25,46,46,42,39,39,39,35,61,54,38,38,38,38,34,24,24,24,33,19,31,18,6,27,0],"items_purged":[],"gold":435,"score":514,"play_id":"0e3385c2-e339-4f93-b812-5d582ba1b46d","local_time":"20180419200915","is_prod":false,"is_daily":false,"chose_seed":false,"is_ascension_mode":true,"campfire_upgraded":2,"timestamp":1524161355,"path_taken":["M","M","M","?","M","R","?","E","T","R","$","M","E","M","R","BOSS","M","?","?","M","?","E","M","M","T","E","M","M","E","M","R","BOSS"],"build_version":"2018-04-12","seed_source_timestamp":177812724397351,"purchased_purges":0,"victory":false,"master_deck":["Defend_G","Defend_G","Defend_G","Defend_G","Defend_G","Strike_G","Strike_G","Strike_G","Strike_G","Survivor","Neutralize+1","AscendersBane","Noxious Fumes+1","Slice","Malaise+1","Predator","Sucker Punch","Infinite Blades","Sucker Punch","Deflect","Leg Sweep","Die Die Die","Malaise","Infinite Blades","Dash","Decay","Cloak And Dagger","Cloak And Dagger","Backflip","Leg Sweep"],"max_hp_per_floor":[70,70,70,70,70,70,70,70,70,70,70,70,70,70,70,70,70,70,70,70,70,70,70,70,70,70,70,70,70,70,70,70,70],"relics":["Ring of the Snake","Oddly Smooth Stone","Ninja Scroll","The Courier","Cursed Key","Nilry\u0027s Codex","Centennial Puzzle","Pantograph","Sundial","Lantern"],"card_choices":[{"not_picked":["Flying Knee","Quick Slash"],"picked":"Noxious Fumes","floor":1},{"not_picked":["Distraction","Dagger Throw"],"picked":"Slice","floor":2},{"not_picked":["Doppelganger","Flying Knee"],"picked":"Malaise","floor":3},{"not_picked":["Deflect","Backflip"],"picked":"Predator","floor":5},{"not_picked":["PiercingWail","Prepared"],"picked":"Sucker Punch","floor":8},{"not_picked":["Crippling Poison","Choke"],"picked":"Sucker Punch","floor":12},{"not_picked":["Bane","Deadly Poison"],"picked":"Deflect","floor":13},{"not_picked":["Reflex","Choke"],"picked":"Leg Sweep","floor":14},{"not_picked":["Doppelganger","Storm of Steel"],"picked":"Die Die Die","floor":16},{"not_picked":["Endless Agony","Concentrate"],"picked":"Malaise","floor":21},{"not_picked":["Setup","Endless Agony"],"picked":"Infinite Blades","floor":23},{"not_picked":["Backflip","Malaise"],"picked":"Dash","floor":24},{"not_picked":["Dagger Spray","All Out Attack"],"picked":"Cloak And Dagger","floor":27},{"not_picked":["Eviscerate","Deflect"],"picked":"Cloak And Dagger","floor":28},{"not_picked":["Bouncing Flask","Dagger Throw"],"picked":"Backflip","floor":29},{"not_picked":["Reflex","Cloak And Dagger"],"picked":"Leg Sweep","floor":31}],"player_experience":366572,"potions_floor_usage":[13,21,27,27,29,29,33,33],"damage_taken":[{"damage":2,"enemies":"Cultist","floor":1,"turns":5},{"damage":6,"enemies":"Jaw Worm","floor":2,"turns":7},{"damage":0,"enemies":"2 Louse","floor":3,"turns":2},{"damage":4,"enemies":"Large Slime","floor":5,"turns":7},{"damage":26,"enemies":"Gremlin Nob","floor":8,"turns":5},{"damage":4,"enemies":"Gremlin Gang","floor":12,"turns":4},{"damage":3,"enemies":"3 Sentries","floor":13,"turns":6},{"damage":0,"enemies":"3 Louse","floor":14,"turns":3},{"damage":4,"enemies":"Hexaghost","floor":16,"turns":12},{"damage":7,"enemies":"Spheric Guardian","floor":18,"turns":4},{"damage":0,"enemies":"Chosen","floor":21,"turns":5},{"damage":4,"enemies":"Book of Stabbing","floor":23,"turns":8},{"damage":10,"enemies":"Centurion and Healer","floor":24,"turns":7},{"damage":0,"enemies":"Snake Plant","floor":25,"turns":6},{"damage":3,"enemies":"Gremlin Leader","floor":27,"turns":7},{"damage":14,"enemies":"Cultist and Chosen","floor":28,"turns":6},{"damage":0,"enemies":"Centurion and Healer","floor":29,"turns":8},{"damage":13,"enemies":"Slavers","floor":30,"turns":6},{"damage":12,"enemies":"Slaver and Parasite","floor":31,"turns":6},{"damage":72,"enemies":"Champ","floor":33,"turns":15}],"event_choices":[{"event_name":"The Cleric","player_choice":"Card Removal","floor":4,"damage_taken":0},{"event_name":"Upgrade Shrine","player_choice":"Upgraded","floor":7,"damage_taken":0},{"event_name":"Cursed Tome","player_choice":"Obtained Book","floor":19,"damage_taken":0},{"event_name":"Match and Keep!","player_choice":"0 cards matched","floor":20,"damage_taken":0},{"event_name":"Ghosts","player_choice":"Ignored","floor":22,"damage_taken":0}],"boss_relics":[{"not_picked":["Astrolabe","Runic Dome"],"picked":"Cursed Key"}],"potions_floor_spawned":[2,8,12,16,18,21,25,27,30,31],"seed_played":"-4363710103751714753","killed_by":"Champ","ascension_level":12,"is_trial":false}