{"gold_per_floor":[111,72,85,100,25,54,54,54,54,54,71,90,90,124,124,203,203,221,240,175,191,14,47,47,57,133,133,146,146,44,91,91,91],"floor_reached":33,"playtime":1264,"items_purged":["Strike_B","Strike_B"],"score":585,"play_id":"1309b7bb-2345-47b3-9e04-e468dc3b6314","local_time":"20190217195839","is_ascension_mode":true,"campfire_choices":[{"floor":7,"key":"REST"},{"data":"Zap","floor":13,"key":"SMITH"},{"data":"Sunder","floor":15,"key":"SMITH"},{"floor":24,"key":"REST"},{"floor":27,"key":"REST"},{"data":"Biased Cognition","floor":29,"key":"SMITH"},{"floor":32,"key":"REST"}],"neow_cost":"NONE","seed_source_timestamp":2196235475118052,"circlet_count":0,"master_deck":["AscendersBane","Strike_B","Strike_B","Defend_B+1","Defend_B","Defend_B","Zap+1","Dualcast+1","Hologram","Sunder+1","Go for the Eyes","Auto Shields","Ball Lightning","Conserve Battery","Doom and Gloom","Biased Cognition+1","Barrage","Defragment","Leap","Redo"],"relics":["Cracked Core","War Paint","FossilizedHelix","Sundial","The Courier","Velvet Choker","Girya","Membership Card","Ice Cream","Bottled Tornado","Dream Catcher"],"potions_floor_usage":[6,14,21,33,33],"damage_taken":[{"damage":0,"enemies":"Cultist","floor":1,"turns":3},{"damage":7,"enemies":"Jaw Worm","floor":3,"turns":3},{"damage":2,"enemies":"2 Louse","floor":4,"turns":3},{"damage":35,"enemies":"3 Sentries","floor":6,"turns":10},{"damage":0,"enemies":"Lots of Slimes","floor":11,"turns":5},{"damage":6,"enemies":"3 Louse","floor":12,"turns":3},{"damage":0,"enemies":"Gremlin Nob","floor":14,"turns":3},{"damage":30,"enemies":"Hexaghost","floor":16,"turns":10},{"damage":14,"enemies":"2 Thieves","floor":18,"turns":3},{"damage":0,"enemies":"Chosen","floor":19,"turns":3},{"damage":0,"enemies":"Centurion and Healer","floor":21,"turns":4},{"damage":15,"enemies":"Book of Stabbing","floor":23,"turns":4},{"damage":18,"enemies":"Sentry and Sphere","floor":25,"turns":4},{"damage":25,"enemies":"Snake Plant","floor":28,"turns":3},{"damage":62,"enemies":"Champ","floor":33,"turns":12}],"seed_played":"-8501161855384768054","potions_obtained":[{"floor":1,"key":"SpeedPotion"},{"floor":3,"key":"SteroidPotion"},{"floor":4,"key":"FearPotion"},{"floor":19,"key":"Fire Potion"},{"floor":23,"key":"FearPotion"},{"floor":25,"key":"Dexterity Potion"}],"is_trial":false,"path_per_floor":["M","$","M","M","$","E","R","$","T","?","M","M","R","E","R","B",null,"M","M","?","M","$","E","R","M","T","R","M","R","$","T","R","B"],"character_chosen":"DEFECT","items_purchased":["Sunder","Membership Card","Defragment","Leap"],"campfire_rested":4,"item_purchase_floors":[2,22,30,30],"current_hp_per_floor":[64,64,57,55,55,20,41,41,41,41,41,35,35,35,35,5,55,41,41,41,41,41,26,47,29,29,50,25,25,25,25,46,0],"gold":91,"neow_bonus":"RANDOM_COMMON_RELIC","is_prod":false,"is_daily":false,"chose_seed":false,"campfire_upgraded":3,"win_rate":0,"timestamp":1550401119,"path_taken":["M","?","M","M","?","E","R","?","T","?","M","?","R","E","R","BOSS","M","M","?","?","$","E","R","?","T","R","?","R","$","?","R","BOSS"],"build_version":"2019-01-23","purchased_purges":2,"victory":false,"max_hp_per_floor":[71,71,71,71,71,71,71,71,71,71,71,71,71,71,71,71,71,71,71,71,71,71,71,71,71,71,71,71,71,71,71,71,71],"card_choices":[{"not_picked":["Capacitor","Leap"],"picked":"Hologram","floor":1},{"not_picked":["Cold Snap","Reprogram","Redo"],"picked":"SKIP","floor":3},{"not_picked":["Compile Driver","Hello World"],"picked":"Go for the Eyes","floor":4},{"not_picked":["Barrage","Meteor Strike"],"picked":"Auto Shields","floor":6},{"not_picked":["Heatsinks","Cold Snap"],"picked":"Ball Lightning","floor":11},{"not_picked":["Hologram","Cold Snap"],"picked":"Conserve Battery","floor":12},{"not_picked":["Gash","Ball Lightning"],"picked":"Doom and Gloom","floor":14},{"not_picked":["Amplify","Fission"],"picked":"Biased Cognition","floor":16},{"not_picked":["Compile Driver+1","Streamline","Gash+1"],"picked":"SKIP","floor":18},{"not_picked":["Aggregate","Hologram","Coolheaded"],"picked":"SKIP","floor":19},{"not_picked":["Stack","Gash"],"picked":"Barrage","floor":21},{"not_picked":["Ball Lightning","Barrage","Thunder Strike"],"picked":"SKIP","floor":23},{"not_picked":["Doom and Gloom+1","Lockon","Reprogram"],"picked":"SKIP","floor":25},{"not_picked":["Compile Driver","Cold Snap","Beam Cell"],"picked":"SKIP","floor":28},{"not_picked":["Rebound","Electrodynamics"],"picked":"Redo","floor":32}],"player_experience":555607,"relics_obtained":[{"floor":6,"key":"FossilizedHelix"},{"floor":9,"key":"Sundial"},{"floor":14,"key":"The Courier"},{"floor":23,"key":"Ice Cream"},{"floor":26,"key":"Bottled Tornado"},{"floor":31,"key":"Dream Catcher"}],"event_choices":[{"cards_removed":["Defend_B"],"damage_healed":0,"gold_gain":0,"player_choice":"Purged","damage_taken":0,"max_hp_gain":0,"max_hp_loss":0,"event_name":"Purifier","floor":10,"gold_loss":0},{"damage_healed":0,"gold_gain":0,"player_choice":"Paid Gold","damage_taken":0,"relics_obtained":["Girya"],"max_hp_gain":0,"max_hp_loss":0,"event_name":"WeMeetAgain","floor":20,"gold_loss":65}],"is_beta":false,"boss_relics":[{"not_picked":["Ectoplasm","Runic Pyramid"],"picked":"Velvet Choker"}],"items_purged_floors":[5,30],"is_endless":false,"potions_floor_spawned":[1,3,4,19,23,25],"killed_by":"Champ","ascension_level":19}