{"gold_per_floor":[110,28,28,42,57,86,5,5,5,38,57,57,73,73,73,175,175,185,195,207,132,142,170,170,170,170,188,218,218,218,232,232,332,332,347,363,363,383,433,458,458,475,499,511,523,358,375,181,181,181],"floor_reached":51,"playtime":4151,"items_purged":["Parasite","Strike_G","Defend_G"],"score":677,"play_id":"3125a29d-adb1-4998-b4dd-62f2ec31e502","local_time":"20180904183422","is_ascension_mode":false,"campfire_choices":[{"data":"Noxious Fumes","floor":8.0,"key":"SMITH"},{"data":"Noxious Fumes","floor":12.0,"key":"SMITH"},{"floor":15.0,"key":"REST"},{"data":"Backflip","floor":25,"key":"SMITH"},{"data":"Survivor","floor":29,"key":"SMITH"},{"data":"Deadly Poison","floor":32,"key":"SMITH"},{"floor":41,"key":"REST"},{"floor":49,"key":"REST"}],"neow_cost":"CURSE","seed_source_timestamp":0,"circlet_count":0,"master_deck":["Defend_G","Defend_G","Defend_G","Defend_G","Survivor+1","Neutralize+1","Dagger Throw","Noxious Fumes+1","Deadly Poison+1","Noxious Fumes+1","Deadly Poison","Backflip+1","Glass Knife+1","Cloak And Dagger+1","Venomology+1","PiercingWail","Cloak And Dagger+1","Backflip+1","Tools of the Trade","PiercingWail+1","Flash of Steel","Well Laid Plans","Leg Sweep+1","Footwork"],"special_seed":0,"relics":["Ring of the Snake","Gambling Chip","Paper Crane","Pear","Astrolabe","The Specimen","Toxic Egg 2","Juzu Bracelet","Nloth\u0027s Gift","Fusion Hammer","Nunchaku","Bag of Preparation","MawBank","Bird Faced Urn"],"potions_floor_usage":[18,19,20,22,22,22,22,23,28,28,31,33,35,36,36,38,39,39,42,47,47,50,50],"damage_taken":[{"damage":1.0,"enemies":"2 Louse","floor":1.0,"turns":3.0},{"damage":0.0,"enemies":"Small Slimes","floor":4.0,"turns":4.0},{"damage":1.0,"enemies":"Cultist","floor":5.0,"turns":3.0},{"damage":22.0,"enemies":"Lagavulin","floor":6.0,"turns":7.0},{"damage":9.0,"enemies":"Gremlin Nob","floor":10.0,"turns":4.0},{"damage":2.0,"enemies":"2 Fungi Beasts","floor":11.0,"turns":4.0},{"damage":3.0,"enemies":"Gremlin Gang","floor":13.0,"turns":3.0},{"damage":18.0,"enemies":"Slime Boss","floor":16.0,"turns":8.0},{"damage":0,"enemies":"Chosen","floor":18,"turns":4},{"damage":0,"enemies":"2 Thieves","floor":19,"turns":4},{"damage":8,"enemies":"Sentry and Sphere","floor":20,"turns":5},{"damage":0,"enemies":"3 Cultists","floor":22,"turns":5},{"damage":10,"enemies":"Slavers","floor":23,"turns":5},{"damage":0,"enemies":"Snake Plant","floor":27,"turns":4},{"damage":1,"enemies":"Gremlin Leader","floor":28,"turns":5},{"damage":0,"enemies":"Shelled Parasite and Fungi","floor":31,"turns":4},{"damage":34,"enemies":"Automaton","floor":33,"turns":9},{"damage":15,"enemies":"3 Darklings","floor":35,"turns":4},{"damage":1,"enemies":"Orb Walker","floor":36,"turns":3},{"damage":10,"enemies":"Maw","floor":38,"turns":7},{"damage":0,"enemies":"Mysterious Sphere","floor":39,"turns":5},{"damage":50,"enemies":"2 Orb Walkers","floor":40,"turns":6},{"damage":20,"enemies":"Reptomancer","floor":42,"turns":6},{"damage":0,"enemies":"3 Darklings","floor":47,"turns":4},{"damage":21,"enemies":"Donu and Deca","floor":50,"turns":10}],"seed_played":"8130672887925148136","potions_obtained":[{"floor":1.0,"key":"Explosive Potion"},{"floor":5.0,"key":"EssenceOfSteel"},{"floor":10.0,"key":"Explosive Potion"},{"floor":16.0,"key":"GhostInAJar"},{"floor":23,"key":"Dexterity Potion"},{"floor":28,"key":"Weak Potion"},{"floor":31,"key":"Strength Potion"},{"floor":33,"key":"FearPotion"},{"floor":36,"key":"FearPotion"},{"floor":38,"key":"FairyPotion"},{"floor":47,"key":"Block Potion"}],"is_trial":false,"path_per_floor":["M","$","?","M","M","E","$","R","T","E","M","R","M","?","R","B",null,"M","M","M","$","M","E","?","R","T","M","E","R","?","M","R","B",null,"M","M","?","M","?","E","R","M","T","?","T","$","M","$","R","B"],"character_chosen":"THE_SILENT","items_purchased":["Noxious Fumes","Noxious Fumes","Well Laid Plans","Footwork"],"campfire_rested":3,"item_purchase_floors":[2,7,46,48],"current_hp_per_floor":[69,69,74,74,73,51,51,51,61,52,50,50,47,47,72,54,85,85,85,77,77,77,67,67,67,67,67,66,66,66,66,66,32,82,67,66,66,56,56,6,30,10,10,10,10,10,16,16,40,29],"gold":181,"neow_bonus":"ONE_RARE_RELIC","is_prod":false,"is_daily":false,"chose_seed":false,"campfire_upgraded":5,"win_rate":0,"timestamp":1536100462,"path_taken":["M","$","?","M","M","E","?","R","T","E","M","R","M","?","R","BOSS","M","M","M","$","M","E","?","R","T","M","E","R","?","M","R","BOSS","M","M","?","M","?","E","R","M","T","?","?","$","M","?","R","BOSS"],"build_version":"2018-08-30","purchased_purges":3,"victory":true,"max_hp_per_floor":[70,70,75,75,75,75,75,75,85,85,85,85,85,85,85,85,85,85,85,85,82,82,82,82,82,82,82,82,82,82,82,82,82,82,82,82,82,82,82,82,82,82,82,82,82,82,82,82,82,82],"card_choices":[{"not_picked":["Quick Slash","Terror"],"picked":"Dagger Throw","floor":1.0},{"not_picked":["Bane","Skewer"],"picked":"Deadly Poison","floor":4.0},{"not_picked":["Finisher","Setup","Sucker Punch"],"picked":"SKIP","floor":5.0},{"not_picked":["Sucker Punch","Flying Knee","A Thousand Cuts"],"picked":"SKIP","floor":6.0},{"not_picked":["Concentrate","Flechettes"],"picked":"Deadly Poison","floor":10.0},{"not_picked":["Underhanded Strike","Outmaneuver"],"picked":"Backflip","floor":11.0},{"not_picked":["Skewer","Calculated Gamble","Masterful Stab"],"picked":"SKIP","floor":13.0},{"not_picked":["Expertise","Finisher","Deadly Poison"],"picked":"SKIP","floor":18},{"not_picked":["Terror+1","Expertise"],"picked":"PiercingWail","floor":19},{"not_picked":["Bouncing Flask+1","Dodge and Roll"],"picked":"Cloak And Dagger+1","floor":20},{"not_picked":["Predator+1","Prepared+1"],"picked":"Backflip+1","floor":22},{"not_picked":["Quick Slash","Riddle With Holes","Flechettes"],"picked":"SKIP","floor":23},{"not_picked":["Sucker Punch+1","Choke+1","Bouncing Flask+1"],"picked":"SKIP","floor":27},{"not_picked":["Prepared+1","Calculated Gamble+1","All Out Attack"],"picked":"SKIP","floor":28},{"not_picked":["Cloak And Dagger+1","Bullet Time+1","Backstab"],"picked":"SKIP","floor":31},{"not_picked":["Bullet Time+1","Phantasmal Killer+1"],"picked":"Tools of the Trade","floor":33},{"not_picked":["Slice","Expertise+1","Setup+1"],"picked":"SKIP","floor":35},{"not_picked":["Dash+1","Cloak And Dagger+1","Prepared+1"],"picked":"SKIP","floor":36},{"not_picked":["Night Terror+1","Deflect+1","Poisoned Stab"],"picked":"SKIP","floor":38},{"not_picked":["Backstab+1","Flying Knee+1"],"picked":"PiercingWail+1","floor":39},{"not_picked":["Quick Slash+1","Unload","PiercingWail+1"],"picked":"SKIP","floor":40},{"not_picked":["Outmaneuver+1","Quick Slash+1","Prepared+1"],"picked":"SKIP","floor":42},{"not_picked":["Deep Breath+1","Madness+1"],"picked":"Flash of Steel","floor":44},{"not_picked":["Deadly Poison+1","Riddle With Holes"],"picked":"Leg Sweep+1","floor":47}],"player_experience":807579,"relics_obtained":[{"floor":6.0,"key":"Paper Crane"},{"floor":9.0,"key":"Pear"},{"floor":10.0,"key":"Dodecahedron"},{"floor":23,"key":"The Specimen"},{"floor":26,"key":"Toxic Egg 2"},{"floor":28,"key":"Juzu Bracelet"},{"floor":39,"key":"Nunchaku"},{"floor":40,"key":"Bag of Preparation"},{"floor":43,"key":"MawBank"},{"floor":45,"key":"Bird Faced Urn"}],"event_choices":[{"event_name":"Big Fish","player_choice":"Donut","floor":3.0,"damage_taken":0.0},{"event_name":"Accursed Blacksmith","player_choice":"Forge","floor":14.0,"damage_taken":0.0},{"event_name":"Back to Basics","player_choice":"Elegance","floor":24,"damage_taken":0},{"event_name":"N\u0027loth","player_choice":"Traded a Dodecahedron","floor":30,"damage_taken":0},{"event_name":"Tomb of Lord Red Mask","player_choice":"Ignored","floor":37,"damage_taken":0},{"event_name":"Mysterious Sphere","player_choice":"Fight","floor":39,"damage_taken":0},{"event_name":"SensoryStone","player_choice":"Memory 1","floor":44,"damage_taken":0}],"is_beta":false,"boss_relics":[{"not_picked":["Calling Bell","Runic Dome"],"picked":"Astrolabe"},{"not_picked":["Empty Cage","Coffee Dripper"],"picked":"Fusion Hammer"}],"items_purged_floors":[21,46,48],"is_endless":false,"potions_floor_spawned":[1,5,10,16,20,23,28,31,33,36,38,42,47],"ascension_level":0}