{"gold_per_floor":[212,229,22,37,37,70,70,103,103,131,149,149,163,163,163,266,266,280,32,32,32,42,67,67,83,83,83,93,93],"floor_reached":29,"playtime":1541,"items_purged":["Strike_R"],"score":389,"play_id":"d1142ac0-9b53-49ac-b6bc-ce05991671a6","local_time":"20190215221429","is_ascension_mode":true,"campfire_choices":[{"data":"Iron Wave","floor":7.0,"key":"SMITH"},{"floor":15.0,"key":"REST"},{"floor":27.0,"key":"REST"}],"neow_cost":"NONE","seed_source_timestamp":0,"circlet_count":0,"master_deck":["Strike_R","Strike_R","Strike_R","Strike_R","Defend_R","Defend_R","Defend_R+1","Defend_R","Bash","Anger+1","Pommel Strike","Iron Wave+1","Anger","Combust","Evolve","Fiend Fire","Fire Breathing","True Grit","True Grit+1","Anger"],"special_seed":0,"relics":["Burning Blood","Brimstone","Mummified Hand","Gremlin Horn","Kunai","Singing Bowl","The Courier","Self Forming Clay","Philosopher\u0027s Stone","Lantern","Shuriken","Omamori"],"potions_floor_usage":[],"damage_taken":[{"damage":1.0,"enemies":"Cultist","floor":1.0,"turns":4.0},{"damage":12.0,"enemies":"Jaw Worm","floor":2.0,"turns":5.0},{"damage":0.0,"enemies":"Small Slimes","floor":4.0,"turns":2.0},{"damage":27.0,"enemies":"3 Sentries","floor":6.0,"turns":6.0},{"damage":10.0,"enemies":"Gremlin Nob","floor":8.0,"turns":3.0},{"damage":0.0,"enemies":"Lagavulin","floor":10.0,"turns":4.0},{"damage":6.0,"enemies":"Looter","floor":11.0,"turns":2.0},{"damage":18.0,"enemies":"Exordium Thugs","floor":13.0,"turns":3.0},{"damage":56.0,"enemies":"Hexaghost","floor":16.0,"turns":5.0},{"damage":17.0,"enemies":"Chosen","floor":18.0,"turns":3.0},{"damage":16.0,"enemies":"2 Thieves","floor":22.0,"turns":3.0},{"damage":38.0,"enemies":"Slavers","floor":23.0,"turns":4.0},{"damage":12.0,"enemies":"Cultist and Chosen","floor":25.0,"turns":4.0},{"damage":0.0,"enemies":"3 Cultists","floor":28.0,"turns":3.0},{"damage":53,"enemies":"Gremlin Leader","floor":29,"turns":3}],"seed_played":"5136899040602659817","potions_obtained":[{"floor":2.0,"key":"Strength Potion"},{"floor":8.0,"key":"Explosive Potion"},{"floor":13.0,"key":"BloodPotion"},{"floor":16.0,"key":"Weak Potion"},{"floor":18.0,"key":"SpeedPotion"},{"floor":23.0,"key":"SpeedPotion"},{"floor":25.0,"key":"Fruit Juice"}],"is_trial":false,"path_per_floor":["M","M","$","M","T","E","R","E","T","E","M","T","M","?","R","B",null,"M","$","?","$","M","E","?","M","T","R","M","E"],"character_chosen":"IRONCLAD","items_purchased":["Brimstone","Fire Breathing","True Grit","Lantern"],"campfire_rested":2,"item_purchase_floors":[3,19,19,19],"current_hp_per_floor":[77,71,71,77,77,56,56,52,52,60,60,60,48,32,56,14,65,56,56,56,56,46,14,14,15,15,42,50,0],"gold":93,"neow_bonus":"HUNDRED_GOLD","is_prod":false,"is_daily":false,"chose_seed":false,"campfire_upgraded":1,"win_rate":0,"timestamp":1550286869,"path_taken":["M","M","$","M","?","E","R","E","T","E","M","?","M","?","R","BOSS","M","$","?","?","M","E","?","M","T","R","M","E"],"build_version":"2019-01-23","purchased_purges":1,"victory":false,"max_hp_per_floor":[80,80,80,80,80,80,80,80,80,82,82,82,82,82,82,82,82,84,84,84,84,84,84,84,91,91,91,93,93],"card_choices":[{"not_picked":["Havoc","Twin Strike"],"picked":"Anger","floor":1.0},{"not_picked":["Uppercut","Armaments"],"picked":"Pommel Strike","floor":2.0},{"not_picked":["Second Wind","Havoc","Flex"],"picked":"SKIP","floor":4.0},{"not_picked":["Second Wind","Havoc","Flex"],"picked":"SKIP","floor":4.0},{"not_picked":["Armaments","Demon Form"],"picked":"Iron Wave","floor":6.0},{"not_picked":["Warcry","Dropkick"],"picked":"Anger","floor":8.0},{"not_picked":["Heavy Blade","Flex","Evolve"],"picked":"Singing Bowl","floor":10.0},{"not_picked":["Havoc","Perfected Strike"],"picked":"Combust","floor":11.0},{"not_picked":["Whirlwind","Cleave"],"picked":"Evolve","floor":13.0},{"not_picked":["Double Tap","Impervious"],"picked":"Fiend Fire","floor":16.0},{"not_picked":["Clash","Combust","Armaments+1"],"picked":"Singing Bowl","floor":18.0},{"not_picked":["Anger","Headbutt"],"picked":"True Grit+1","floor":22.0},{"not_picked":["Clash","Twin Strike+1"],"picked":"Anger","floor":23.0},{"not_picked":["Clash","Warcry","Wild Strike"],"picked":"Singing Bowl","floor":25.0},{"not_picked":["Brutality","Burning Pact","Sentinel"],"picked":"Singing Bowl","floor":28.0}],"player_experience":1566775,"relics_obtained":[{"floor":5.0,"key":"Mummified Hand"},{"floor":6.0,"key":"Gremlin Horn"},{"floor":8.0,"key":"Kunai"},{"floor":9.0,"key":"Singing Bowl"},{"floor":10.0,"key":"The Courier"},{"floor":12.0,"key":"Self Forming Clay"},{"floor":23.0,"key":"Omamori"}],"event_choices":[{"damage_healed":0.0,"max_hp_gain":0.0,"max_hp_loss":0.0,"gold_gain":0.0,"event_name":"Shining Light","player_choice":"Entered Light","floor":14.0,"gold_loss":0.0,"damage_taken":16.0,"cards_upgraded":["Defend_R","Anger"]},{"damage_healed":0.0,"max_hp_gain":0.0,"max_hp_loss":0.0,"gold_gain":0.0,"event_name":"WeMeetAgain","player_choice":"Gave Potion","floor":20.0,"gold_loss":0.0,"damage_taken":0.0,"relics_obtained":["Shuriken"]},{"damage_healed":0.0,"max_hp_gain":0.0,"max_hp_loss":0.0,"gold_gain":0.0,"event_name":"FaceTrader","player_choice":"Leave","floor":24.0,"gold_loss":0.0,"damage_taken":0.0}],"is_beta":false,"boss_relics":[{"not_picked":["Runic Dome","Cursed Key"],"picked":"Philosopher\u0027s Stone"}],"items_purged_floors":[19],"is_endless":false,"potions_floor_spawned":[2,8,13,16,18,23,25],"killed_by":"Gremlin Leader","ascension_level":7}