{"path_per_floor":["M","?","?","M","?","E","R","M","T","R","$","E","R","M","R","B",null,"M","?","M","M","$","R","$","M","T","M","?","M","R","M","R","B",null,"M","M","?"],"character_chosen":"DEFECT","items_purchased":["Capacitor","Panache","Ball Lightning"],"gold_per_floor":[19,19,19,38,38,67,67,78,157,157,59,93,93,113,113,213,213,227,255,275,289,92,92,40,53,53,63,63,80,80,92,92,193,193,210,227,227,227],"floor_reached":38,"campfire_rested":0,"playtime":2221,"current_hp_per_floor":[75,72,72,70,55,42,42,42,42,42,42,36,36,43,43,75,75,75,75,75,60,60,60,60,45,45,33,33,40,40,47,47,24,75,67,27,27,0],"items_purged":["Strike_B"],"gold":227,"score":458,"play_id":"ceed423e-8643-4c22-81e2-f5672ec91417","local_time":"20180515181446","is_prod":false,"is_daily":false,"chose_seed":false,"is_ascension_mode":true,"campfire_upgraded":7,"timestamp":1526422486,"path_taken":["M","?","?","M","?","E","R","M","T","R","$","E","R","M","R","BOSS","M","?","M","M","$","R","$","M","T","?","?","M","R","M","R","BOSS","M","M","?","M"],"build_version":"2018-05-14v2","seed_source_timestamp":563538664011194,"purchased_purges":1,"victory":false,"master_deck":["Defend_B+1","Defend_B","Defend_B","Defend_B","Zap+1","Dualcast+1","Ball Lightning","Leap","Electrodynamics+1","Glacier","Capacitor+1","Self Repair","Cold Snap+1","Biased Cognition+1","Leap","Tempest","Rebound+1","Double Energy+1","Panache+1","Ball Lightning","BootSequence","Self Repair","Stack","Amplify","Auto Shields","White Noise+1"],"max_hp_per_floor":[75,75,75,75,75,75,75,75,75,75,75,75,75,75,75,75,75,75,75,75,75,75,75,75,75,75,75,75,75,75,75,75,75,75,75,75,75,75],"relics":["Cracked Core","Happy Flower","Dream Catcher","Dodecahedron","Pantograph","Runic Dome","Red Mask","Cables","Runic Pyramid"],"card_choices":[{"not_picked":["Barrage","Rebound"],"picked":"Ball Lightning","floor":1},{"not_picked":["Redo","Hologram"],"picked":"Leap","floor":4},{"not_picked":["Go for the Eyes","Scrape"],"picked":"Electrodynamics","floor":6},{"not_picked":["Turbo","Force Field"],"picked":"Glacier","floor":8},{"not_picked":["Tempest","Axe Kick"],"picked":"Self Repair","floor":12},{"not_picked":["Capacitor","Turbo"],"picked":"Cold Snap","floor":14},{"not_picked":["Thunder Strike","Electrodynamics"],"picked":"Biased Cognition","floor":16},{"not_picked":["Axe Kick","Reprogram"],"picked":"Leap","floor":18},{"not_picked":["Rebound+1","Turbo"],"picked":"Tempest","floor":19},{"not_picked":["Beam Cell+1","Go for the Eyes"],"picked":"Rebound+1","floor":20},{"not_picked":["Turbo","Beam Cell"],"picked":"Double Energy","floor":21},{"not_picked":["Auto Shields","Capacitor+1"],"picked":"BootSequence","floor":25},{"not_picked":["Chaos","Scrape"],"picked":"Self Repair","floor":27},{"not_picked":["Cold Snap","Go for the Eyes+1"],"picked":"Stack","floor":29},{"not_picked":["Axe Kick","Capacitor","Streamline"],"picked":"SKIP","floor":31},{"not_picked":["Meteor Strike","Biased Cognition"],"picked":"Amplify","floor":33},{"not_picked":["Tempest+1","Static Discharge+1"],"picked":"Auto Shields","floor":35},{"not_picked":["Sunder","Gash+1"],"picked":"White Noise+1","floor":36}],"player_experience":153076,"potions_floor_usage":[12,19,19,20],"damage_taken":[{"damage":0,"enemies":"Cultist","floor":1,"turns":4},{"damage":2,"enemies":"2 Louse","floor":4,"turns":2},{"damage":13,"enemies":"3 Sentries","floor":6,"turns":6},{"damage":0,"enemies":"Jaw Worm","floor":8,"turns":3},{"damage":6,"enemies":"Gremlin Nob","floor":12,"turns":3},{"damage":0,"enemies":"2 Fungi Beasts","floor":14,"turns":3},{"damage":0,"enemies":"Slime Boss","floor":16,"turns":6},{"damage":5,"enemies":"Spheric Guardian","floor":18,"turns":4},{"damage":1,"enemies":"Masked Bandits","floor":19,"turns":4},{"damage":0,"enemies":"3 Byrds","floor":20,"turns":3},{"damage":22,"enemies":"Snecko","floor":21,"turns":4},{"damage":15,"enemies":"Snake Plant","floor":25,"turns":3},{"damage":19,"enemies":"Cultist and Chosen","floor":27,"turns":5},{"damage":0,"enemies":"Centurion and Healer","floor":29,"turns":4},{"damage":0,"enemies":"Snecko","floor":31,"turns":2},{"damage":62,"enemies":"Collector","floor":33,"turns":7},{"damage":8,"enemies":"Orb Walker","floor":35,"turns":3},{"damage":40,"enemies":"3 Darklings","floor":36,"turns":4},{"damage":31,"enemies":"Sphere and 2 Shapes","floor":38,"turns":3}],"relics_obtained":[{"floor":6,"key":"Dream Catcher"},{"floor":9,"key":"Dodecahedron"},{"floor":12,"key":"Pantograph"},{"floor":19,"key":"Red Mask"},{"floor":26,"key":"Cables"}],"event_choices":[{"event_name":"Scrap Ooze","player_choice":"success","floor":2,"damage_taken":3},{"event_name":"Purifier","player_choice":"One Purge","floor":3,"damage_taken":0},{"event_name":"Shining Light","player_choice":"Entered Light","floor":5,"damage_taken":0},{"event_name":"Masked Bandits","player_choice":"Fought over 227 gold","floor":19,"damage_taken":0},{"event_name":"N\u0027loth","player_choice":"Ignored","floor":28,"damage_taken":0},{"event_name":"SensoryStone","player_choice":"Memory 1","floor":37,"damage_taken":0}],"boss_relics":[{"not_picked":["Pandora\u0027s Box","Ectoplasm"],"picked":"Runic Dome"},{"not_picked":["Velvet Choker","Snecko Eye"],"picked":"Runic Pyramid"}],"potions_floor_spawned":[8,12,16,18,21,25,33],"seed_played":"-5829975001229775628","killed_by":"Sphere and 2 Shapes","ascension_level":1,"potions_obtained":[{"floor":8,"key":"FocusPotion"},{"floor":12,"key":"EssenceOfSteel"},{"floor":16,"key":"AttackPotion"},{"floor":18,"key":"EssenceOfSteel"},{"floor":21,"key":"Energy Potion"},{"floor":25,"key":"Fire Potion"},{"floor":33,"key":"Regen Potion"}],"is_trial":false}