{"path_per_floor":["M","?","M","M","M","R","E","R","T","E","$","M","M","M","R","B",null,"M","?","M","M","$","E","R","?","T","$"],"character_chosen":"THE_SILENT","items_purchased":["Footwork","Kunai"],"gold_per_floor":[113,113,133,148,162,162,195,195,221,249,121,133,146,157,157,254,254,265,265,279,298,10,41,41,41,41,41,41],"floor_reached":28,"campfire_rested":0,"playtime":2014,"current_hp_per_floor":[63,51,51,51,46,46,28,28,28,28,28,28,28,28,28,23,53,53,53,53,48,48,33,33,22,22,22,0],"items_purged":["Strike_G","Strike_G"],"gold":41,"score":385,"play_id":"04dfff33-88aa-4e2f-83bb-37237a805076","local_time":"20180414220435","is_prod":false,"is_daily":false,"chose_seed":false,"is_ascension_mode":true,"campfire_upgraded":4,"timestamp":1523736275,"path_taken":["M","?","?","M","M","R","E","R","T","E","$","M","M","M","R","BOSS","M","?","M","M","$","E","R","?","T","$","E"],"build_version":"2018-04-12","seed_source_timestamp":222964574816004,"purchased_purges":2,"victory":false,"master_deck":["Defend_G","Defend_G","Defend_G","Defend_G","Defend_G","Strike_G","Strike_G","Strike_G","Survivor","Neutralize+1","Dagger Throw","Blur+1","Dagger Spray+1","Adrenaline","Backflip","Deflect","Footwork+1","Slice","Sucker Punch","Deadly Poison","Leg Sweep+1","Poisoned Stab+1","PiercingWail"],"max_hp_per_floor":[63,63,63,63,63,63,63,63,63,63,63,63,63,63,63,63,63,63,63,63,63,63,63,63,68,68,68,68],"relics":["Ring of the Snake","Unceasing Top","Gambling Chip","Smiling Mask","Lantern","Ancient Tea Set","Philosopher\u0027s Stone","Kunai","Happy Flower","Toolbox"],"card_choices":[{"not_picked":["Reflex","PiercingWail"],"picked":"Dagger Throw","floor":1},{"not_picked":["Poisoned Stab","Concentrate"],"picked":"Blur","floor":3},{"not_picked":["Deadly Poison","Concentrate"],"picked":"Dagger Spray","floor":4},{"not_picked":["Blur","Accuracy"],"picked":"Adrenaline","floor":5},{"not_picked":["Eviscerate","Acrobatics"],"picked":"Backflip","floor":7},{"not_picked":["Bane","Acrobatics"],"picked":"Deflect","floor":10},{"not_picked":["Deadly Poison","Poisoned Stab"],"picked":"Slice","floor":12},{"not_picked":["Bane","Crippling Poison"],"picked":"Sucker Punch","floor":13},{"not_picked":["Poisoned Stab","Reflex"],"picked":"Deadly Poison","floor":14},{"not_picked":["Outmaneuver","Slice"],"picked":"Leg Sweep","floor":18},{"not_picked":["Quick Slash","Backstab"],"picked":"Poisoned Stab","floor":20},{"not_picked":["Concentrate","Well Laid Plans"],"picked":"PiercingWail","floor":21}],"player_experience":288812,"potions_floor_usage":[7,7,16,23,28],"damage_taken":[{"damage":0,"enemies":"Cultist","floor":1,"turns":4},{"damage":0,"enemies":"Jaw Worm","floor":3,"turns":6},{"damage":0,"enemies":"2 Louse","floor":4,"turns":4},{"damage":5,"enemies":"2 Fungi Beasts","floor":5,"turns":3},{"damage":18,"enemies":"Lagavulin","floor":7,"turns":6},{"damage":0,"enemies":"3 Sentries","floor":10,"turns":7},{"damage":0,"enemies":"Looter","floor":12,"turns":4},{"damage":0,"enemies":"3 Louse","floor":13,"turns":2},{"damage":0,"enemies":"Blue Slaver","floor":14,"turns":3},{"damage":5,"enemies":"Hexaghost","floor":16,"turns":10},{"damage":0,"enemies":"3 Byrds","floor":18,"turns":4},{"damage":0,"enemies":"Chosen","floor":20,"turns":6},{"damage":5,"enemies":"3 Cultists","floor":21,"turns":5},{"damage":15,"enemies":"Slavers","floor":23,"turns":6},{"damage":26,"enemies":"Gremlin Leader","floor":28,"turns":6}],"event_choices":[{"event_name":"Scrap Ooze","player_choice":"success","floor":2,"damage_taken":12},{"event_name":"Ghosts","player_choice":"Ignored","floor":19,"damage_taken":0},{"event_name":"Forgotten Altar","player_choice":"Shed Blood","floor":25,"damage_taken":0}],"boss_relics":[{"not_picked":["Tiny House","Eternal Feather"],"picked":"Philosopher\u0027s Stone"}],"potions_floor_spawned":[1,5,10,12,20],"seed_played":"2450406005924747686","killed_by":"Gremlin Leader","ascension_level":8,"is_trial":false}