{"path_per_floor":["M","$","M","?","M","R","E","R","T","E","?","M","?","E","R","B",null,"M","M","$","T","$","E","R","E","T","R","?","E","M","M","R","B",null,"M","M","M","?","$","E","$"],"character_chosen":"THE_SILENT","items_purchased":["Footwork","Sucker Punch","Footwork","Bronze Scales","Bandage Up","Toolbox","Heel Hook","Strength Potion","Panache","Strength Potion"],"gold_per_floor":[111,24,37,37,57,57,83,83,83,114,114,131,151,177,177,275,275,288,305,86,112,21,53,53,379,379,379,379,407,418,429,429,530,530,548,559,579,679,242,274,45,45],"floor_reached":42,"campfire_rested":1,"playtime":4006,"current_hp_per_floor":[63,63,63,63,63,63,48,48,48,26,26,26,26,36,36,34,61,51,44,44,44,44,34,34,21,21,57,57,44,50,44,44,23,58,60,51,41,41,41,2,2,0],"items_purged":["Strike_G"],"gold":45,"score":828,"play_id":"bea76e78-0d6f-480f-ab91-2afbb8ea7864","local_time":"20180418225845","is_prod":false,"is_daily":false,"chose_seed":false,"is_ascension_mode":true,"campfire_upgraded":5,"timestamp":1524085125,"path_taken":["M","$","M","?","M","R","E","R","T","E","?","M","?","E","R","BOSS","M","M","$","?","?","E","R","E","T","R","?","E","M","M","R","BOSS","M","M","M","?","$","E","?","M"],"build_version":"2018-04-12","seed_source_timestamp":100392038530559,"purchased_purges":2,"victory":false,"master_deck":["Defend_G","Defend_G","Defend_G","Defend_G","Defend_G+1","Strike_G","Survivor","Neutralize+1","AscendersBane","All Out Attack","Backstab","Footwork","Sucker Punch+1","Well Laid Plans","Dash","Quick Slash","Heel Hook","Endless Agony","Setup","Malaise+1","Sucker Punch","Footwork","Glass Knife","Dodge and Roll+1","Footwork","Bandage Up","Heel Hook","Cloak And Dagger+1","Slice+1","Burst","Leg Sweep","Outmaneuver+1","Heel Hook","Panache"],"max_hp_per_floor":[70,70,70,70,70,70,70,70,70,70,70,70,70,70,70,70,70,70,70,70,70,70,70,70,70,70,70,70,70,70,70,70,70,70,70,70,70,70,70,70,70,70],"relics":["Ring of the Snake","Bottled Lightning","Shuriken","Blue Candle","Odd Mushroom","Gambling Chip","Velvet Choker","Bronze Scales","Juzu Bracelet","Oddly Smooth Stone","Old Coin","Regal Pillow","Blood Vial","Runic Dome","Toolbox","Unceasing Top"],"card_choices":[{"not_picked":["Dagger Spray","Infinite Blades"],"picked":"Backstab","floor":1},{"not_picked":["Poisoned Stab","Deflect"],"picked":"Well Laid Plans","floor":3},{"not_picked":["Bane","All Out Attack"],"picked":"Quick Slash","floor":5},{"not_picked":["Poisoned Stab","Night Terror"],"picked":"Heel Hook","floor":7},{"not_picked":["Outmaneuver","Terror"],"picked":"Endless Agony","floor":10},{"not_picked":["All Out Attack","Backflip"],"picked":"Malaise","floor":12},{"not_picked":["Finisher","Deflect"],"picked":"Sucker Punch","floor":13},{"not_picked":["Bouncing Flask","Prepared"],"picked":"Footwork","floor":14},{"not_picked":["Night Terror","Tactician"],"picked":"Glass Knife","floor":16},{"not_picked":["Dagger Spray","Deflect"],"picked":"Dodge and Roll","floor":18},{"not_picked":["Deflect","Flying Knee"],"picked":"Heel Hook","floor":25},{"not_picked":["Sucker Punch","Outmaneuver"],"picked":"Cloak And Dagger","floor":29},{"not_picked":["Prepared","Burst"],"picked":"Slice","floor":31},{"not_picked":["After Image","Unload"],"picked":"Burst","floor":33},{"not_picked":["Accuracy","Escape Plan"],"picked":"Leg Sweep","floor":36},{"not_picked":["Deflect","Prepared"],"picked":"Outmaneuver","floor":37}],"player_experience":356599,"potions_floor_usage":[14,25,25,25,33,33,40],"damage_taken":[{"damage":0,"enemies":"2 Louse","floor":1,"turns":2},{"damage":0,"enemies":"Small Slimes","floor":3,"turns":3},{"damage":0,"enemies":"Cultist","floor":5,"turns":3},{"damage":15,"enemies":"Gremlin Nob","floor":7,"turns":5},{"damage":22,"enemies":"Lagavulin","floor":10,"turns":6},{"damage":0,"enemies":"Blue Slaver","floor":12,"turns":3},{"damage":0,"enemies":"The Mushroom Lair","floor":13,"turns":3},{"damage":2,"enemies":"3 Sentries","floor":14,"turns":6},{"damage":2,"enemies":"Hexaghost","floor":16,"turns":13},{"damage":10,"enemies":"2 Thieves","floor":18,"turns":4},{"damage":7,"enemies":"Spheric Guardian","floor":19,"turns":4},{"damage":14,"enemies":"Book of Stabbing","floor":23,"turns":6},{"damage":17,"enemies":"Slavers","floor":25,"turns":8},{"damage":17,"enemies":"Gremlin Leader","floor":29,"turns":10},{"damage":0,"enemies":"Centurion and Healer","floor":30,"turns":7},{"damage":12,"enemies":"Slaver and Parasite","floor":31,"turns":7},{"damage":27,"enemies":"Collector","floor":33,"turns":14},{"damage":4,"enemies":"3 Shapes","floor":35,"turns":6},{"damage":15,"enemies":"3 Darklings","floor":36,"turns":6},{"damage":16,"enemies":"Maw","floor":37,"turns":9},{"damage":57,"enemies":"Giant Head","floor":40,"turns":14},{"damage":11,"enemies":"Sphere and 2 Shapes","floor":42,"turns":2}],"event_choices":[{"event_name":"Living Wall","player_choice":"Change","floor":4,"damage_taken":0},{"event_name":"Transmorgrifier","player_choice":"Transform","floor":11,"damage_taken":0},{"event_name":"Mushrooms","player_choice":"Fought Mushrooms","floor":13,"damage_taken":0},{"event_name":"Ghosts","player_choice":"Ignored","floor":28,"damage_taken":0},{"event_name":"Golden Shrine","player_choice":"Pray","floor":38,"damage_taken":0}],"boss_relics":[{"not_picked":["Black Star","Orrery"],"picked":"Velvet Choker"},{"not_picked":["Pandora\u0027s Box","Philosopher\u0027s Stone"],"picked":"Runic Dome"}],"potions_floor_spawned":[3,10,12,19,29,31,37],"seed_played":"-8094936408062140352","killed_by":"Sphere and 2 Shapes","ascension_level":12,"is_trial":false}