{"gold_per_floor":[110,71,88,102,121,121,121,150,198,198,226,226,226,259,259,259],"floor_reached":16,"playtime":749,"items_purged":[],"score":218,"play_id":"85290f4c-c377-42df-a6a0-414362ebcf18","local_time":"20190309040708","is_ascension_mode":true,"campfire_choices":[{"floor":6,"key":"REST"},{"data":"Cloak And Dagger","floor":10,"key":"SMITH"},{"floor":12,"key":"REST"},{"data":"Dash","floor":15,"key":"SMITH"}],"neow_cost":"NONE","seed_source_timestamp":447097548040296,"circlet_count":0,"master_deck":["AscendersBane","Defend_G","Defend_G","Defend_G","Defend_G","Defend_G","Strike_G","Strike_G","Strike_G","Strike_G","Survivor","Neutralize+1","Slice","Dagger Throw","Slice","Cloak And Dagger+1","Finisher","Endless Agony","Dash+1"],"relics":["Ring of the Snake","Toxic Egg 2","Ancient Tea Set","Blood Vial","Pantograph"],"potions_floor_usage":[11,14],"damage_taken":[{"damage":11,"enemies":"Jaw Worm","floor":1,"turns":7},{"damage":1,"enemies":"Small Slimes","floor":3,"turns":4},{"damage":5,"enemies":"2 Louse","floor":4,"turns":2},{"damage":30,"enemies":"Gremlin Gang","floor":5,"turns":8},{"damage":16,"enemies":"3 Sentries","floor":8,"turns":10},{"damage":20,"enemies":"Lagavulin","floor":11,"turns":4},{"damage":6,"enemies":"Gremlin Nob","floor":14,"turns":3},{"damage":60,"enemies":"The Guardian","floor":16,"turns":16}],"seed_played":"-8946880300060606742","potions_obtained":[{"floor":8,"key":"FearPotion"},{"floor":11,"key":"Poison Potion"}],"is_trial":false,"path_per_floor":["M","?","M","M","M","R","?","E","T","R","E","R","?","E","R","B"],"character_chosen":"THE_SILENT","items_purchased":[],"campfire_rested":2,"item_purchase_floors":[],"current_hp_per_floor":[48,48,47,42,12,31,53,37,37,37,17,36,36,32,32,0],"gold":259,"neow_bonus":"UPGRADE_CARD","is_prod":false,"is_daily":false,"chose_seed":false,"campfire_upgraded":2,"win_rate":0,"timestamp":1552122428,"path_taken":["M","?","M","M","M","R","?","E","T","R","E","R","?","E","R","BOSS"],"build_version":"2019-01-23","purchased_purges":0,"victory":false,"max_hp_per_floor":[66,66,66,66,66,66,66,66,66,66,66,66,66,66,66,66],"card_choices":[{"not_picked":["Flying Knee","Deadly Poison"],"picked":"Slice","floor":1},{"not_picked":["Backflip","Sucker Punch"],"picked":"Dagger Throw","floor":3},{"not_picked":["Riddle With Holes","Underhanded Strike"],"picked":"Slice","floor":4},{"not_picked":["Skewer","Caltrops"],"picked":"Cloak And Dagger","floor":5},{"not_picked":["All Out Attack","Bouncing Flask"],"picked":"Finisher","floor":8},{"not_picked":["Riddle With Holes","Dagger Spray"],"picked":"Endless Agony","floor":11},{"not_picked":["Poisoned Stab","Prepared+1"],"picked":"Dash","floor":14}],"player_experience":899061,"relics_obtained":[{"floor":8,"key":"Toxic Egg 2"},{"floor":9,"key":"Ancient Tea Set"},{"floor":11,"key":"Blood Vial"},{"floor":14,"key":"Pantograph"}],"event_choices":[{"damage_healed":0,"gold_gain":0,"player_choice":"Left Gold","damage_taken":0,"max_hp_gain":0,"max_hp_loss":0,"event_name":"World of Goop","floor":2,"gold_loss":39},{"damage_healed":22,"gold_gain":0,"player_choice":"Banana","damage_taken":0,"max_hp_gain":0,"max_hp_loss":0,"event_name":"Big Fish","floor":7,"gold_loss":0},{"cards_removed":["Strike_G"],"damage_healed":0,"gold_gain":0,"player_choice":"Purged","damage_taken":0,"max_hp_gain":0,"max_hp_loss":0,"event_name":"Purifier","floor":13,"gold_loss":0}],"is_beta":false,"boss_relics":[],"items_purged_floors":[],"is_endless":false,"potions_floor_spawned":[8,11],"killed_by":"The Guardian","ascension_level":17}