{"path_per_floor":["M","$","M","?","?","E","R","?","T","M","R","?","R","M","R","B",null,"M","?","M","M","M","R","E","R","T","M","$","E","M","M","R","B",null,"M","M","M","?","M","R","$","?","T","R","?","M","M","M","R"],"character_chosen":"THE_SILENT","items_purchased":[],"gold_per_floor":[117,42,53,3,3,38,38,38,38,51,51,51,51,68,68,172,172,127,127,127,127,127,127,127,127,127,127,27,27,27,27,27,27,27,27,27,27,27,27,27,27,27,27,27,27,27,27,27,27],"floor_reached":50,"campfire_rested":2,"playtime":6798,"current_hp_per_floor":[66,66,66,66,66,30,30,30,30,32,32,25,25,42,42,12,70,70,70,70,62,64,64,64,64,64,66,66,59,59,49,49,43,70,56,35,35,35,32,53,53,53,53,70,70,70,70,70,70],"items_purged":["Strike_G","Strike_G"],"gold":27,"play_id":"3e567786-0ffb-483b-a9c8-f090ba1a72e0","is_prod":false,"is_daily":false,"campfire_rituals":0,"campfire_upgraded":8,"is_hardmode":false,"path_taken":["M","$","M","?","?","E","R","?","T","M","R","?","R","?","R","BOSS","M","?","M","M","M","R","E","R","T","M","$","E","M","M","R","BOSS","M","M","?","?","M","R","$","?","T","R","?","M","M","M","R","BOSS"],"build_version":"2018-01-11-PROD2","purchased_purges":2,"victory":false,"master_deck":["Defend_G","Defend_G","Defend_G","Defend_G","Defend_G","Survivor","Neutralize","Dash","Dagger Spray","Dagger Throw","Flying Knee","Adrenaline","Acrobatics","Acrobatics","Sucker Punch","Phantasmal Killer","Flechettes","Dagger Spray","Calculated Gamble","Backflip","Slice","Infinite Blades","Finisher","Reflex","Well Laid Plans","Parasite","Panacea","Footwork","Backflip","Prepared"],"max_hp_per_floor":[70,70,70,70,70,70,70,70,70,70,70,70,70,70,70,70,70,70,70,70,70,70,70,70,70,70,70,70,70,70,70,70,70,70,70,70,70,70,70,70,70,70,70,70,70,70,70,70,70],"relics":["Ring of the Snake","Blood Vial","Sundial","Ectoplasm","Kunai","Toxic Egg","Pen Nib","Smiling Mask","Runic Pyramid","Orichalcum"],"campfire_meditates":0,"card_choices":[{"not_picked":["Slice","Finisher"],"picked":"Dash"},{"not_picked":["Deadly Poison","Masterful Stab"],"picked":"Dagger Spray"},{"not_picked":["Finisher","Deadly Poison"],"picked":"Dagger Throw"},{"not_picked":["Deadly Poison","Dagger Spray"],"picked":"Dagger Throw"},{"not_picked":["Masterful Stab","Slice"],"picked":"Flying Knee"},{"not_picked":["Tactician","Unload"],"picked":"Adrenaline"},{"not_picked":["Dash","Sucker Punch"],"picked":"Acrobatics"},{"not_picked":["Endless Agony","Underhanded Strike"],"picked":"Acrobatics"},{"not_picked":["Bane","Riddle With Holes"],"picked":"Sucker Punch"},{"not_picked":["Poisoned Stab","Flying Knee"],"picked":"Phantasmal Killer"},{"not_picked":["Quick Slash","Underhanded Strike"],"picked":"Flechettes"},{"not_picked":["Poisoned Stab","Deadly Poison"],"picked":"Dagger Spray"},{"not_picked":["Outmaneuver","Deadly Poison"],"picked":"Calculated Gamble"},{"not_picked":["PiercingWail","Flying Knee"],"picked":"Backflip"},{"not_picked":["Choke","Deflect"],"picked":"Slice"},{"not_picked":["Dodge and Roll","Poisoned Stab"],"picked":"Infinite Blades"},{"not_picked":["Dodge and Roll","Dagger Spray"],"picked":"Finisher"},{"not_picked":["Riddle With Holes","Flechettes"],"picked":"Reflex"},{"not_picked":["Dagger Throw","Terror"],"picked":"Well Laid Plans"},{"not_picked":["Caltrops","Backstab"],"picked":"Footwork"},{"not_picked":["Outmaneuver","Sucker Punch"],"picked":"Backflip"},{"not_picked":["Envenom","Terror"],"picked":"Prepared"}],"player_experience":135586,"potions_floor_usage":[6,14,22,24,33,35,35,36,39,48,50],"damage_taken":[{"damage":4,"enemies":"Cultist","floor":1,"turns":4},{"damage":0,"enemies":"2 Louse","floor":3,"turns":3},{"damage":36,"enemies":"Lagavulin","floor":6,"turns":11},{"damage":0,"enemies":"Small Slimes","floor":10,"turns":4},{"damage":0,"enemies":"3 Louse","floor":14,"turns":6},{"damage":32,"enemies":"Hexaghost","floor":16,"turns":12},{"damage":0,"enemies":"2 Thieves","floor":18,"turns":3},{"damage":0,"enemies":"Chosen","floor":20,"turns":4},{"damage":8,"enemies":"Snake Plant","floor":21,"turns":4},{"damage":0,"enemies":"Centurion and Healer","floor":22,"turns":6},{"damage":2,"enemies":"Book of Stabbing","floor":24,"turns":5},{"damage":0,"enemies":"3 Cultists","floor":27,"turns":3},{"damage":9,"enemies":"Slavers","floor":29,"turns":3},{"damage":2,"enemies":"Snake Plant","floor":30,"turns":2},{"damage":12,"enemies":"Centurion and Healer","floor":31,"turns":2},{"damage":8,"enemies":"Collector","floor":33,"turns":11},{"damage":14,"enemies":"3 Darklings","floor":35,"turns":3},{"damage":23,"enemies":"3 Shapes","floor":36,"turns":3},{"damage":2,"enemies":"Maw","floor":37,"turns":6},{"damage":5,"enemies":"4 Shapes","floor":39,"turns":7},{"damage":0,"enemies":"3 Darklings","floor":46,"turns":3},{"damage":0,"enemies":"Maw","floor":47,"turns":7},{"damage":0,"enemies":"Sphere and 2 Shapes","floor":48,"turns":5},{"damage":74,"enemies":"Donu and Deca","floor":50,"turns":8}],"event_choices":[{"event_name":"The Cleric","player_choice":"Card Removal","floor":4,"damage_taken":0},{"event_name":"Living Wall","player_choice":"Forget","floor":5,"damage_taken":0},{"event_name":"Liars Game","player_choice":"disagreed","floor":8,"damage_taken":0},{"event_name":"Golden Wing","player_choice":"Card Removal","floor":12,"damage_taken":0},{"event_name":"The Mausoleum","player_choice":"Yes","floor":19,"damage_taken":0},{"event_name":"Mysterious Sphere","player_choice":"Ignore","floor":42,"damage_taken":0},{"event_name":"Match and Keep!","player_choice":"2 cards matched","floor":45,"damage_taken":0}],"boss_relics":[{"not_picked":["Philosopher\u0027s Stone","Astrolabe"],"picked":"Ectoplasm"},{"not_picked":["Lizard Tail","Black Star"],"picked":"Runic Pyramid"}],"potions_floor_spawned":[1,6,10,14,21,24,30,33,36,39,46],"seed_played":"3871810859163205048","killed_by":"Donu and Deca","is_trial":false}