{"gold_per_floor":[209,37,57,57,68,68,79,79,150,150,210,210,210,227,227,300,300,314,332,32,32,32,32,32,49,72,72],"floor_reached":27,"playtime":1000,"items_purged":["Concentrate+1"],"score":390,"play_id":"0121f439-b02f-4a0c-935f-d8ccfc1fd4fe","local_time":"20190214162117","is_ascension_mode":true,"campfire_choices":[{"data":"Dagger Spray","floor":6,"key":"SMITH"},{"data":"Neutralize","floor":8,"key":"SMITH"},{"data":"Catalyst","floor":15,"key":"SMITH"},{"data":"Deadly Poison","floor":23,"key":"SMITH"}],"neow_cost":"NONE","seed_source_timestamp":1924259855353367,"circlet_count":0,"master_deck":["AscendersBane","Defend_G","Defend_G","Defend_G","Defend_G","Strike_G+1","Strike_G","Strike_G","Survivor+1","Neutralize+1","Dagger Spray+1","Escape Plan","Calculated Gamble","Corpse Explosion","Catalyst+1","Bullet Time","Concentrate+1","Blade Dance+1","Footwork","Deadly Poison+1","Bouncing Flask"],"relics":["Ring of the Snake","Oddly Smooth Stone","Meat on the Bone","Tiny Chest","Happy Flower","Nloth\u0027s Gift","Pen Nib"],"potions_floor_usage":[14,16],"damage_taken":[{"damage":7,"enemies":"Cultist","floor":1,"turns":4},{"damage":1,"enemies":"Small Slimes","floor":3,"turns":4},{"damage":0,"enemies":"Jaw Worm","floor":5,"turns":5},{"damage":10,"enemies":"Large Slime","floor":7,"turns":6},{"damage":25,"enemies":"3 Sentries","floor":11,"turns":8},{"damage":0,"enemies":"2 Fungi Beasts","floor":14,"turns":2},{"damage":16,"enemies":"Hexaghost","floor":16,"turns":8},{"damage":0,"enemies":"3 Byrds","floor":18,"turns":3},{"damage":19,"enemies":"Shell Parasite","floor":19,"turns":10},{"damage":30,"enemies":"Shelled Parasite and Fungi","floor":25,"turns":9},{"damage":20,"enemies":"Snake Plant","floor":27,"turns":1}],"seed_played":"4781238802530091492","potions_obtained":[{"floor":11,"key":"Strength Potion"},{"floor":14,"key":"Strength Potion"},{"floor":25,"key":"Explosive Potion"}],"is_trial":false,"path_per_floor":["M","$","M","?","M","R","M","R","T","?","E","?","?","M","R","B",null,"M","M","$","?","$","R","?","M","T","M"],"character_chosen":"THE_SILENT","items_purchased":["Oddly Smooth Stone","Happy Flower","Strength Potion"],"campfire_rested":0,"item_purchase_floors":[2,20,20],"current_hp_per_floor":[52,52,51,51,51,51,41,41,41,41,28,8,8,20,20,16,54,54,35,35,35,35,35,35,17,17,0],"gold":72,"neow_bonus":"HUNDRED_GOLD","is_prod":false,"is_daily":false,"chose_seed":false,"campfire_upgraded":4,"win_rate":0,"timestamp":1550128877,"path_taken":["M","$","?","?","M","R","M","R","T","?","E","?","?","M","R","BOSS","M","M","$","?","?","R","?","M","T","M"],"build_version":"2019-01-23","purchased_purges":1,"victory":false,"max_hp_per_floor":[66,66,66,66,66,66,66,66,66,66,66,66,66,66,66,66,66,66,66,66,66,66,66,66,66,66,66],"card_choices":[{"not_picked":["Deflect","Backstab"],"picked":"Dagger Spray","floor":1},{"not_picked":["Distraction","Slice"],"picked":"Escape Plan","floor":3},{"not_picked":["Tactician","Concentrate"],"picked":"Calculated Gamble","floor":5},{"not_picked":["Bane","Dodge and Roll","Blade Dance"],"picked":"SKIP","floor":7},{"not_picked":["Cloak And Dagger","Deadly Poison"],"picked":"Corpse Explosion","floor":11},{"not_picked":["Skewer","Deadly Poison"],"picked":"Catalyst","floor":14},{"not_picked":["Venomology","Envenom"],"picked":"Bullet Time","floor":16},{"not_picked":["Masterful Stab","Accuracy"],"picked":"Footwork","floor":18},{"not_picked":["Flechettes","Expertise"],"picked":"Deadly Poison","floor":19},{"not_picked":["Expertise","Dagger Spray"],"picked":"Bouncing Flask","floor":25}],"player_experience":534254,"relics_obtained":[{"floor":9,"key":"Meat on the Bone"},{"floor":11,"key":"Tiny Chest"},{"floor":26,"key":"Pen Nib"}],"event_choices":[{"damage_healed":0,"gold_gain":0,"player_choice":"Ignored","damage_taken":0,"max_hp_gain":0,"max_hp_loss":0,"event_name":"Liars Game","floor":4,"gold_loss":0},{"damage_healed":0,"gold_gain":0,"player_choice":"Fled","damage_taken":0,"max_hp_gain":0,"max_hp_loss":0,"event_name":"Scrap Ooze","floor":10,"gold_loss":0},{"damage_healed":0,"gold_gain":0,"player_choice":"Entered Light","damage_taken":20,"max_hp_gain":0,"max_hp_loss":0,"event_name":"Shining Light","floor":12,"gold_loss":0,"cards_upgraded":["Strike_G","Survivor"]},{"damage_healed":0,"gold_gain":0,"player_choice":"Ignored","damage_taken":0,"max_hp_gain":0,"max_hp_loss":0,"event_name":"Golden Wing","floor":13,"gold_loss":0},{"damage_healed":0,"gold_gain":0,"player_choice":"Traded Relic","damage_taken":0,"relics_obtained":["Nloth\u0027s Gift"],"max_hp_gain":0,"max_hp_loss":0,"event_name":"N\u0027loth","floor":21,"relics_lost":["Astrolabe"],"gold_loss":0},{"damage_healed":0,"gold_gain":0,"player_choice":"Ignored","damage_taken":0,"max_hp_gain":0,"max_hp_loss":0,"event_name":"The Mausoleum","floor":24,"gold_loss":0}],"is_beta":false,"boss_relics":[{"not_picked":["Black Star","White Beast Statue"],"picked":"Astrolabe"}],"items_purged_floors":[20],"is_endless":false,"potions_floor_spawned":[11,14,25],"killed_by":"Snake Plant","ascension_level":17}