{"gold_per_floor":[110,110,120,140,155,155,230,230,230,242,261,261,291,304,304,304],"floor_reached":16,"playtime":730,"items_purged":[],"score":118,"play_id":"187ecefd-a951-4336-97bc-d828d9aaaf1e","local_time":"20190224143618","is_ascension_mode":true,"campfire_choices":[{"data":"Armaments","floor":6,"key":"SMITH"},{"data":"Shrug It Off","floor":8,"key":"SMITH"},{"floor":15,"key":"REST"}],"neow_cost":"NONE","seed_source_timestamp":136352902742200,"circlet_count":0,"master_deck":["Strike_R","Strike_R","Strike_R","Strike_R","Strike_R","Defend_R","Defend_R","Defend_R","Defend_R","Bash","Armaments+1","Havoc","Perfected Strike","Shrug It Off+1","Clothesline","Rupture","Seeing Red","Battle Trance"],"relics":["Burning Blood","Ornamental Fan","Odd Mushroom"],"potions_floor_usage":[10,13,16],"damage_taken":[{"damage":1,"enemies":"2 Louse","floor":1,"turns":4},{"damage":11,"enemies":"Cultist","floor":3,"turns":4},{"damage":0,"enemies":"Small Slimes","floor":4,"turns":2},{"damage":7,"enemies":"3 Louse","floor":5,"turns":4},{"damage":9,"enemies":"Large Slime","floor":10,"turns":8},{"damage":21,"enemies":"Lots of Slimes","floor":11,"turns":6},{"damage":15,"enemies":"The Mushroom Lair","floor":13,"turns":5},{"damage":6,"enemies":"Looter","floor":14,"turns":3},{"damage":77,"enemies":"Hexaghost","floor":16,"turns":14}],"seed_played":"-8014066794790260078","potions_obtained":[{"floor":1,"key":"Strength Potion"},{"floor":2,"key":"PowerPotion"},{"floor":2,"key":"FairyPotion"},{"floor":13,"key":"Energy Potion"}],"is_trial":false,"path_per_floor":["M","?","M","M","M","R","?","R","T","M","M","?","?","M","R","B"],"character_chosen":"IRONCLAD","items_purchased":[],"campfire_rested":1,"item_purchase_floors":[],"current_hp_per_floor":[80,80,75,80,79,79,68,68,68,65,50,50,41,41,65,0],"gold":304,"neow_bonus":"THREE_CARDS","is_prod":false,"is_daily":false,"chose_seed":false,"campfire_upgraded":2,"win_rate":0,"timestamp":1551015378,"path_taken":["M","?","M","?","M","R","?","R","T","M","M","?","?","M","R","BOSS"],"build_version":"2019-01-23","purchased_purges":0,"victory":false,"max_hp_per_floor":[80,80,80,80,80,80,80,80,80,80,80,80,80,80,80,80],"card_choices":[{"not_picked":["Body Slam","Headbutt"],"picked":"Armaments","floor":0},{"not_picked":["Body Slam","Shockwave"],"picked":"Havoc","floor":1},{"not_picked":["Dropkick","Twin Strike"],"picked":"Perfected Strike","floor":3},{"not_picked":["Rage","Sword Boomerang"],"picked":"Shrug It Off","floor":4},{"not_picked":["Evolve","Entrench"],"picked":"Clothesline","floor":5},{"not_picked":["Thunderclap","Iron Wave"],"picked":"Rupture","floor":10},{"not_picked":["Fire Breathing","Wild Strike","Cleave"],"picked":"SKIP","floor":11},{"not_picked":["Entrench","Cleave"],"picked":"Seeing Red","floor":13},{"not_picked":["Clash","Rampage"],"picked":"Battle Trance","floor":14}],"player_experience":361734,"relics_obtained":[{"floor":9,"key":"Ornamental Fan"},{"floor":13,"key":"Odd Mushroom"}],"event_choices":[{"damage_healed":0,"gold_gain":0,"player_choice":"Got Potions","damage_taken":0,"max_hp_gain":0,"max_hp_loss":0,"event_name":"Lab","floor":2,"gold_loss":0},{"damage_healed":0,"gold_gain":75,"player_choice":"Gather Gold","damage_taken":11,"max_hp_gain":0,"max_hp_loss":0,"event_name":"World of Goop","floor":7,"gold_loss":0},{"damage_healed":0,"gold_gain":0,"player_choice":"Ignored","damage_taken":0,"max_hp_gain":0,"max_hp_loss":0,"event_name":"Liars Game","floor":12,"gold_loss":0},{"damage_healed":0,"gold_gain":0,"player_choice":"Fought Mushrooms","damage_taken":0,"max_hp_gain":0,"max_hp_loss":0,"event_name":"Mushrooms","floor":13,"gold_loss":0}],"is_beta":false,"boss_relics":[],"items_purged_floors":[],"is_endless":false,"potions_floor_spawned":[1,3,5,13],"killed_by":"Hexaghost","ascension_level":5}