{"gold_per_floor":[11,11,11,21,32,32,65,65,90,90,104,168,179,192,192,287,287,304,304,318,318,318,352,352,386,386,386],"floor_reached":27,"playtime":3029,"items_purged":[],"score":276,"play_id":"1858d32a-ed60-454b-827e-ae57ac9be8bf","local_time":"20181016203101","is_ascension_mode":true,"campfire_choices":[{"data":"Demon Form","floor":6.0,"key":"SMITH"},{"data":"Armaments","floor":8.0,"key":"SMITH"},{"data":"Metallicize","floor":10.0,"key":"SMITH"},{"data":"Pommel Strike","floor":15.0,"key":"SMITH"},{"data":"Limit Break","floor":24,"key":"SMITH"}],"neow_cost":"NO_GOLD","seed_source_timestamp":0,"circlet_count":0,"master_deck":["Strike_R+1","Defend_R","Defend_R","Defend_R","Bash+1","Metallicize+1","Armaments+1","Rampage","Demon Form+1","Cleave","Pommel Strike+1","Limit Break+1","Inflame+1","Disarm+1","Cleave+1","Uppercut+1"],"special_seed":0,"relics":["Burning Blood","Bag of Preparation","Anchor","Whetstone","Astrolabe","MutagenicStrength","Potion Belt","Smiling Mask","Pear","Self Forming Clay"],"potions_floor_usage":[23,23],"damage_taken":[{"damage":1.0,"enemies":"2 Louse","floor":1.0,"turns":4.0},{"damage":12.0,"enemies":"Jaw Worm","floor":4.0,"turns":2.0},{"damage":0.0,"enemies":"Cultist","floor":5.0,"turns":3.0},{"damage":15.0,"enemies":"Lagavulin","floor":7.0,"turns":5.0},{"damage":0.0,"enemies":"Large Slime","floor":11.0,"turns":4.0},{"damage":9.0,"enemies":"3 Sentries","floor":12.0,"turns":8.0},{"damage":6.0,"enemies":"Gremlin Gang","floor":13.0,"turns":7.0},{"damage":1.0,"enemies":"Looter","floor":14.0,"turns":4.0},{"damage":11.0,"enemies":"Hexaghost","floor":16.0,"turns":6.0},{"damage":33,"enemies":"Spheric Guardian","floor":18,"turns":5},{"damage":5,"enemies":"Chosen","floor":20,"turns":4},{"damage":32,"enemies":"Gremlin Leader","floor":23,"turns":6},{"damage":23,"enemies":"Book of Stabbing","floor":25,"turns":6},{"damage":22,"enemies":"Slavers","floor":27,"turns":2}],"seed_played":"5496335792960752443","potions_obtained":[{"floor":7.0,"key":"SkillPotion"},{"floor":11.0,"key":"SkillPotion"},{"floor":12.0,"key":"Regen Potion"},{"floor":13.0,"key":"SpeedPotion"},{"floor":18,"key":"SmokeBomb"},{"floor":20,"key":"LiquidBronze"}],"is_trial":false,"path_per_floor":["M","?","?","M","M","R","E","R","T","R","M","?","M","M","R","B",null,"M","?","M","?","?","E","R","E","T"],"character_chosen":"IRONCLAD","items_purchased":[],"campfire_rested":0,"item_purchase_floors":[],"current_hp_per_floor":[80,64,57,51,57,57,48,48,48,48,54,51,66,71,71,66,80,53,53,54,54,54,28,28,21,21,0],"gold":386,"neow_bonus":"TRANSFORM_TWO_CARDS","is_prod":false,"is_daily":false,"chose_seed":false,"campfire_upgraded":5,"win_rate":0,"timestamp":1539739861,"path_taken":["M","?","?","M","M","R","E","R","T","R","M","?","M","?","R","BOSS","M","?","?","?","?","E","R","E","T","E"],"build_version":"2018-10-11","purchased_purges":0,"victory":false,"max_hp_per_floor":[80,80,80,80,80,80,80,80,80,80,80,80,80,80,80,80,80,80,80,80,80,80,80,80,90,90,90],"card_choices":[{"not_picked":["Perfected Strike","Second Wind"],"picked":"Armaments","floor":1.0},{"not_picked":["Clash","Corruption"],"picked":"Rampage","floor":4.0},{"not_picked":["Cleave","Spot Weakness"],"picked":"Demon Form","floor":5.0},{"not_picked":["Havoc","Rampage","Searing Blow"],"picked":"SKIP","floor":7.0},{"not_picked":["Twin Strike","Inflame","Warcry"],"picked":"SKIP","floor":11.0},{"not_picked":["Twin Strike","Inflame","Warcry"],"picked":"SKIP","floor":11.0},{"not_picked":["Reckless Charge","Perfected Strike"],"picked":"Cleave","floor":13.0},{"not_picked":["Twin Strike","Perfected Strike"],"picked":"Pommel Strike","floor":14.0},{"not_picked":["Offering","Barricade"],"picked":"Limit Break","floor":16.0},{"not_picked":["Blood for Blood+1","Body Slam+1","Reckless Charge"],"picked":"SKIP","floor":18},{"not_picked":["Bloodletting+1","Reckless Charge","Spot Weakness"],"picked":"SKIP","floor":20},{"not_picked":["Thunderclap","Sword Boomerang","Clash"],"picked":"SKIP","floor":23},{"not_picked":["Spot Weakness+1","Juggernaut"],"picked":"Uppercut+1","floor":25}],"player_experience":115983,"relics_obtained":[{"floor":7.0,"key":"Bag of Preparation"},{"floor":9.0,"key":"Anchor"},{"floor":12.0,"key":"Whetstone"},{"floor":23,"key":"Smiling Mask"},{"floor":25,"key":"Pear"},{"floor":26,"key":"Self Forming Clay"}],"event_choices":[{"event_name":"Shining Light","player_choice":"Entered Light","floor":2.0,"damage_taken":0.0},{"event_name":"Golden Wing","player_choice":"Card Removal","floor":3.0,"damage_taken":0.0},{"event_name":"Dead Adventurer","player_choice":"Searched \u00271\u0027 times","floor":12.0,"damage_taken":0.0},{"event_name":"Ghosts","player_choice":"Ignored","floor":19,"damage_taken":0},{"event_name":"Drug Dealer","player_choice":"Inject Mutagens","floor":21,"damage_taken":0},{"event_name":"The Mausoleum","player_choice":"Yes","floor":22,"damage_taken":0}],"is_beta":false,"boss_relics":[{"not_picked":["Runic Dome","Lizard Tail"],"picked":"Astrolabe"}],"items_purged_floors":[],"is_endless":false,"potions_floor_spawned":[7,11,12,13,18,20],"killed_by":"Slavers","ascension_level":2}