{"path_per_floor":["M","?","?","$","?","E","M","T","T","M","R","E","$","M","R","B",null,"M","M","?","M","M","R","?","E","T","R","M","E","R","M","R","B",null,"M","$","M","?","?","E","R","M","T","M","R","?","?","M","R","B"],"character_chosen":"IRONCLAD","items_purchased":["Block Potion","Medical Kit","Anger","Metallicize"],"gold_per_floor":[110,110,110,58,38,65,80,380,380,391,391,424,56,70,70,173,173,173,173,173,173,173,173,173,173,173,173,173,173,173,173,173,173,173,173,73,73,73,73,73,73,73,73,73,73,73,0,0,0,0],"floor_reached":51,"campfire_rested":1,"playtime":5906,"current_hp_per_floor":[80,80,85,85,85,49,53,53,53,62,62,57,57,63,63,29,85,85,85,85,85,65,65,65,55,55,80,85,85,85,85,85,33,85,55,55,83,83,73,67,67,51,51,83,83,83,83,85,85,25],"items_purged":["Strike_R","Anger"],"gold":0,"play_id":"63f6c2f9-3fe1-493d-b3de-7d0e44d37adf","is_prod":false,"is_daily":false,"campfire_rituals":0,"campfire_upgraded":8,"is_hardmode":false,"path_taken":["M","?","?","?","?","E","M","?","T","M","R","E","$","M","R","BOSS","M","M","?","M","M","R","?","E","T","R","M","E","R","M","R","BOSS","M","$","M","?","?","E","R","M","T","M","R","?","?","?","R","BOSS"],"build_version":"2018-01-18-PROD4","purchased_purges":2,"victory":true,"master_deck":["Defend_R","Defend_R","Defend_R","Bash","Sever Soul","Dual Wield","Armaments","Power Through","Warcry","Metallicize","Offering","Heavy Blade","Hemokinesis","Intimidate","True Grit","Rage","Battle Trance","Uppercut","Reaper","Rampage","Battle Trance","Sentinel","Double Tap","Seeing Red","Spot Weakness","Anger","Sentinel","Cleave","Madness","Madness","Corruption","Pummel","Sentinel","Flex"],"max_hp_per_floor":[80,80,85,85,85,85,85,85,85,85,85,85,85,85,85,85,85,85,85,85,85,85,85,85,85,85,85,85,85,85,85,85,85,85,85,85,85,85,85,85,85,85,85,85,85,85,85,85,85,85],"relics":["Burning Blood","Magic Flower","Old Coin","Unceasing Top","Ginger","Medical Kit","Ectoplasm","Prayer Wheel","Sundial","Lantern","Astrolabe","Omamori","Matryoshka","Red Mask"],"campfire_meditates":0,"card_choices":[{"not_picked":["Body Slam","Thunderclap"],"picked":"Sever Soul"},{"not_picked":["Impervious","Bludgeon"],"picked":"Armaments"},{"not_picked":["Shrug It Off","Havoc"],"picked":"Power Through"},{"not_picked":["Twin Strike","Shrug It Off"],"picked":"Warcry"},{"not_picked":["Ghostly Armor","Havoc"],"picked":"Anger"},{"not_picked":["Dark Embrace","Limit Break"],"picked":"Offering"},{"not_picked":["Pommel Strike","Sword Boomerang"],"picked":"Heavy Blade"},{"not_picked":["Armaments","Twin Strike"],"picked":"Hemokinesis"},{"not_picked":["Evolve","Sever Soul"],"picked":"True Grit"},{"not_picked":["Infernal Blade","Clothesline"],"picked":"Rage"},{"not_picked":["Wild Strike","Body Slam"],"picked":"Uppercut"},{"not_picked":["Havoc","Sword Boomerang"],"picked":"Reaper"},{"not_picked":["Bloodletting","Entrench"],"picked":"Rampage"},{"not_picked":["Entrench","Wild Strike"],"picked":"Battle Trance"},{"not_picked":["Heavy Blade","Iron Wave"],"picked":"Sentinel"},{"not_picked":["Reaper","Immolate"],"picked":"Double Tap"},{"not_picked":["Flex","Combust"],"picked":"Sentinel"},{"not_picked":["Thunderclap","Pommel Strike"],"picked":"Cleave"},{"not_picked":["Body Slam","Clothesline"],"picked":"Corruption"},{"not_picked":["Armaments","Infernal Blade"],"picked":"Pummel"},{"not_picked":["Headbutt","Seeing Red"],"picked":"Sentinel"},{"not_picked":["Heavy Blade","Ghostly Armor"],"picked":"Flex"}],"player_experience":288795,"potions_floor_usage":[6,22,25,25,29,42,50,50,50],"damage_taken":[{"damage":0,"enemies":"2 Louse","floor":1,"turns":3},{"damage":42,"enemies":"Lagavulin","floor":6,"turns":6},{"damage":5,"enemies":"Cultist","floor":7,"turns":4},{"damage":0,"enemies":"Jaw Worm","floor":10,"turns":6},{"damage":14,"enemies":"Gremlin Nob","floor":12,"turns":5},{"damage":3,"enemies":"Large Slime","floor":14,"turns":4},{"damage":43,"enemies":"Slime Boss","floor":16,"turns":12},{"damage":4,"enemies":"Shell Parasite","floor":18,"turns":5},{"damage":5,"enemies":"3 Byrds","floor":19,"turns":5},{"damage":9,"enemies":"Snecko","floor":21,"turns":5},{"damage":29,"enemies":"Chosen and Byrds","floor":22,"turns":9},{"damage":19,"enemies":"Slavers","floor":25,"turns":6},{"damage":7,"enemies":"Centurion and Healer","floor":28,"turns":8},{"damage":10,"enemies":"Gremlin Leader","floor":29,"turns":8},{"damage":22,"enemies":"3 Cultists","floor":31,"turns":7},{"damage":67,"enemies":"Champ","floor":33,"turns":16},{"damage":39,"enemies":"3 Darklings","floor":35,"turns":6},{"damage":14,"enemies":"3 Shapes","floor":37,"turns":5},{"damage":15,"enemies":"Giant Head","floor":40,"turns":7},{"damage":43,"enemies":"Sphere and 2 Shapes","floor":42,"turns":7},{"damage":4,"enemies":"3 Darklings","floor":44,"turns":5},{"damage":7,"enemies":"Maw","floor":48,"turns":6},{"damage":94,"enemies":"Time Eater","floor":50,"turns":10}],"event_choices":[{"event_name":"Transmorgrifier","player_choice":"Transform","floor":2,"damage_taken":0},{"event_name":"Big Fish","player_choice":"Donut","floor":3,"damage_taken":0},{"event_name":"The Woman in Blue","player_choice":"Bought 1 Potion","floor":5,"damage_taken":0},{"event_name":"Transmorgrifier","player_choice":"Transform","floor":20,"damage_taken":0},{"event_name":"The Library","player_choice":"Read","floor":24,"damage_taken":0},{"event_name":"Winding Halls","player_choice":"Embrace Madness","floor":39,"damage_taken":0},{"event_name":"Upgrade Shrine","player_choice":"Upgraded","floor":46,"damage_taken":0},{"event_name":"Tomb of Lord Red Mask","player_choice":"Paid","floor":47,"damage_taken":0}],"boss_relics":[{"not_picked":["Eternal Feather","Philosopher\u0027s Stone"],"picked":"Ectoplasm"},{"not_picked":["Snecko Eye","White Beast Statue"],"picked":"Astrolabe"}],"potions_floor_spawned":[1,7,14,18,22,28,29,37,44],"seed_played":"1501856415196944257","is_trial":false}