{"gold_per_floor":[109,109,109,109,125,155,173,200,200,200,211,176,29,45,45,144,144,164,164,164,164,149,149,149,168,195,220,233,43,56,68,68,68],"floor_reached":33,"playtime":2435,"items_purged":["Strike_G"],"score":302,"play_id":"4cd6f258-26d5-4697-a89c-ba9f52a6beef","local_time":"20180905223632","is_ascension_mode":false,"campfire_choices":[{"floor":10.0,"key":"REST"},{"data":"Deadly Poison","floor":15.0,"key":"SMITH"},{"data":"Burst","floor":23,"key":"SMITH"},{"floor":32,"key":"REST"}],"neow_cost":"NONE","seed_source_timestamp":174960735981193,"circlet_count":0,"master_deck":["Defend_G","Defend_G","Defend_G","Defend_G","Defend_G","Strike_G","Strike_G","Strike_G","Strike_G","Survivor","Neutralize+1","Dagger Spray","Caltrops","Deadly Poison+1","Escape Plan","Leg Sweep","PiercingWail","Burst+1","Deflect","Writhe","Blur+1","Shame","Slice","Blur","Concentrate"],"special_seed":0,"relics":["Ring of the Snake","Pen Nib","Blue Candle","Unceasing Top","Blood Vial","Mummified Hand","Runic Pyramid","Snake Skull","Pear","Bag of Preparation","Juzu Bracelet","TwistedFunnel"],"potions_floor_usage":[16,25,31,31,33],"damage_taken":[{"damage":0.0,"enemies":"2 Louse","floor":1.0,"turns":3.0},{"damage":0.0,"enemies":"Cultist","floor":5.0,"turns":3.0},{"damage":23.0,"enemies":"Lagavulin","floor":6.0,"turns":10.0},{"damage":0.0,"enemies":"Small Slimes","floor":7.0,"turns":2.0},{"damage":43.0,"enemies":"Gremlin Nob","floor":8.0,"turns":5.0},{"damage":1.0,"enemies":"Exordium Wildlife","floor":11.0,"turns":3.0},{"damage":0.0,"enemies":"Large Slime","floor":14.0,"turns":5.0},{"damage":28,"enemies":"Hexaghost","floor":16,"turns":10},{"damage":7,"enemies":"Chosen","floor":18,"turns":7},{"damage":2,"enemies":"2 Thieves","floor":22,"turns":4},{"damage":29,"enemies":"3 Cultists","floor":25,"turns":8},{"damage":5,"enemies":"Book of Stabbing","floor":27,"turns":8},{"damage":8,"enemies":"Snake Plant","floor":28,"turns":4},{"damage":13,"enemies":"Chosen and Byrds","floor":30,"turns":7},{"damage":14,"enemies":"Sentry and Sphere","floor":31,"turns":5},{"damage":48,"enemies":"Collector","floor":33,"turns":5}],"seed_played":"2533056815125722853","potions_obtained":[{"floor":1.0,"key":"AttackPotion"},{"floor":8.0,"key":"Fire Potion"},{"floor":11.0,"key":"Dexterity Potion"},{"floor":14.0,"key":"Explosive Potion"},{"floor":18,"key":"Dexterity Potion"},{"floor":30,"key":"Poison Potion"},{"floor":31,"key":"Dexterity Potion"}],"is_trial":false,"path_per_floor":["M","?","?","?","M","E","M","E","T","R","M","?","$","M","R","B",null,"M","?","?","?","M","R","?","M","T","E","M","$","M","M","R"],"character_chosen":"THE_SILENT","items_purchased":["Leg Sweep","TwistedFunnel"],"campfire_rested":2,"item_purchase_floors":[13,29],"current_hp_per_floor":[70,70,67,67,67,44,44,1,1,22,23,40,40,42,42,16,70,63,50,50,50,50,50,60,33,33,30,24,24,13,1,26,0],"gold":68,"neow_bonus":"RANDOM_COMMON_RELIC","is_prod":false,"is_daily":false,"chose_seed":false,"campfire_upgraded":2,"win_rate":0,"timestamp":1536201392,"path_taken":["M","?","?","?","?","E","M","E","T","R","M","?","$","M","R","BOSS","M","?","?","?","?","R","?","M","T","E","M","$","M","M","R","BOSS"],"build_version":"2018-08-30","purchased_purges":1,"victory":false,"max_hp_per_floor":[70,70,70,70,70,70,70,70,70,70,70,70,70,70,70,70,70,70,75,75,75,75,75,85,85,85,85,85,85,85,85,85,85],"card_choices":[{"not_picked":["Heel Hook","Slice"],"picked":"Dagger Spray","floor":1.0},{"not_picked":["Dagger Throw","Infinite Blades"],"picked":"Caltrops","floor":5.0},{"not_picked":["Grand Finale","Backflip"],"picked":"Deadly Poison","floor":6.0},{"not_picked":["Skewer","Deadly Poison"],"picked":"Escape Plan","floor":7.0},{"not_picked":["Slice","Flying Knee","Sucker Punch"],"picked":"SKIP","floor":8.0},{"not_picked":["Accuracy","Outmaneuver","Dagger Spray"],"picked":"SKIP","floor":11.0},{"not_picked":["Bane","All Out Attack"],"picked":"PiercingWail","floor":14.0},{"not_picked":["Tools of the Trade","Glass Knife"],"picked":"Burst","floor":16},{"not_picked":["Dodge and Roll","Cloak And Dagger"],"picked":"Deflect","floor":18},{"not_picked":["Cloak And Dagger","Masterful Stab"],"picked":"Blur+1","floor":22},{"not_picked":["Corpse Explosion","Dodge and Roll+1","Skewer"],"picked":"SKIP","floor":25},{"not_picked":["Blur+1","Backflip"],"picked":"Slice","floor":27},{"not_picked":["Acrobatics","Outmaneuver","Riddle With Holes"],"picked":"SKIP","floor":28},{"not_picked":["Sucker Punch+1","Accuracy+1"],"picked":"Blur","floor":30},{"not_picked":["Riddle With Holes","Bane"],"picked":"Concentrate","floor":31}],"player_experience":814912,"relics_obtained":[{"floor":6.0,"key":"Unceasing Top"},{"floor":8.0,"key":"Blood Vial"},{"floor":9.0,"key":"Mummified Hand"},{"floor":26,"key":"Bag of Preparation"},{"floor":27,"key":"Juzu Bracelet"}],"event_choices":[{"event_name":"Accursed Blacksmith","player_choice":"Forge","floor":2.0,"damage_taken":0.0},{"event_name":"Scrap Ooze","player_choice":"success","floor":3.0,"damage_taken":3.0},{"event_name":"Shining Light","player_choice":"Ignored","floor":4.0,"damage_taken":0.0},{"event_name":"The Cleric","player_choice":"Healed","floor":12.0,"damage_taken":0.0},{"event_name":"Forgotten Altar","player_choice":"Shed Blood","floor":19,"damage_taken":0},{"event_name":"Ghosts","player_choice":"Ignored","floor":20,"damage_taken":0},{"event_name":"The Mausoleum","player_choice":"Yes","floor":21,"damage_taken":0},{"event_name":"Addict","player_choice":"Stole Relic","floor":24,"damage_taken":0}],"is_beta":false,"boss_relics":[{"not_picked":["Tiny House","HoveringKite"],"picked":"Runic Pyramid"}],"items_purged_floors":[13],"is_endless":false,"potions_floor_spawned":[1,8,11,14,18,30,31],"killed_by":"Collector","ascension_level":0}