{"path_per_floor":["M","M","?","T","M","R","E","M","T","M","?","M","R","?","R","B",null,"M","M","?","$","?","E","R","E","T","E","R","M","?","$","R"],"character_chosen":"THE_SILENT","items_purchased":["Catalyst","Lantern","Snake Skull"],"gold_per_floor":[116,130,130,155,173,173,203,216,239,259,259,279,279,279,279,384,384,371,389,389,121,121,149,149,181,204,238,238,257,257,5,5,5],"floor_reached":33,"campfire_rested":0,"playtime":2048,"current_hp_per_floor":[70,68,61,61,61,61,35,35,35,35,35,35,35,35,35,35,70,66,62,62,62,70,70,70,50,50,31,31,25,25,25,25,0],"items_purged":["Defend_G","Writhe"],"gold":5,"score":454,"play_id":"3ee538e1-fffa-498c-a8fe-d97d0b3916c2","local_time":"20180411234406","is_prod":false,"is_daily":false,"is_ascension_mode":true,"campfire_upgraded":6,"timestamp":1523483046,"path_taken":["M","M","?","?","M","R","E","M","T","M","?","M","R","?","R","BOSS","M","M","?","$","?","E","R","E","T","E","R","M","?","$","R","BOSS"],"build_version":"2018-04-05v2","purchased_purges":2,"victory":false,"master_deck":["Defend_G","Defend_G","Defend_G+1","Defend_G","Strike_G+1","Strike_G","Survivor","Neutralize","Malaise+1","Backstab","Terror","Backflip","Bouncing Flask+1","Backflip+1","Cloak And Dagger","Dash","Acrobatics","Burst+1","Flying Knee","Footwork+1","Noxious Fumes+1","Catalyst","Backstab","Malaise","Dagger Throw"],"max_hp_per_floor":[70,70,70,70,70,70,70,70,70,70,70,70,70,70,70,70,70,70,70,70,70,70,70,70,70,70,72,72,74,74,74,74,74],"relics":["Ring of the Snake","Prayer Wheel","Art of War","Oddly Smooth Stone","War Paint","Runic Dome","Lantern","Ice Cream","Anchor","Pen Nib","Singing Bowl","Juzu Bracelet","Snake Skull"],"card_choices":[{"not_picked":["Reflex","Infinite Blades"],"picked":"Malaise","floor":1},{"not_picked":["Sucker Punch","Dodge and Roll"],"picked":"Backstab","floor":2},{"not_picked":["Poisoned Stab","Flying Knee"],"picked":"Terror","floor":4},{"not_picked":["Escape Plan","Crippling Poison"],"picked":"Backflip","floor":5},{"not_picked":["Backflip","Bane"],"picked":"Bouncing Flask","floor":7},{"not_picked":["Prepared","Concentrate"],"picked":"Backflip","floor":8},{"not_picked":["Dagger Throw","Quick Slash"],"picked":"Cloak And Dagger","floor":9},{"not_picked":["Dagger Throw","Deadly Poison"],"picked":"Dash","floor":10},{"not_picked":["Blade Dance","Deflect"],"picked":"Acrobatics","floor":12},{"not_picked":["Unload","Doppelganger"],"picked":"Burst","floor":16},{"not_picked":["Finisher","PiercingWail"],"picked":"Flying Knee","floor":18},{"not_picked":["Cloak And Dagger","Escape Plan"],"picked":"Footwork","floor":19},{"not_picked":["Acrobatics","Malaise"],"picked":"Backstab","floor":23},{"not_picked":["Deflect","Slice"],"picked":"Malaise","floor":25},{"not_picked":["Bane","Sucker Punch"],"picked":"Dagger Throw","floor":26}],"player_experience":208854,"potions_floor_usage":[33,33,33],"damage_taken":[{"damage":0,"enemies":"Cultist","floor":1,"turns":4},{"damage":2,"enemies":"Small Slimes","floor":2,"turns":5},{"damage":0,"enemies":"Jaw Worm","floor":5,"turns":5},{"damage":26,"enemies":"Gremlin Nob","floor":7,"turns":5},{"damage":0,"enemies":"3 Louse","floor":8,"turns":3},{"damage":0,"enemies":"Blue Slaver","floor":10,"turns":3},{"damage":0,"enemies":"Exordium Wildlife","floor":12,"turns":4},{"damage":0,"enemies":"The Guardian","floor":16,"turns":10},{"damage":4,"enemies":"2 Thieves","floor":18,"turns":4},{"damage":4,"enemies":"Spheric Guardian","floor":19,"turns":5},{"damage":0,"enemies":"Book of Stabbing","floor":23,"turns":5},{"damage":20,"enemies":"Slavers","floor":25,"turns":9},{"damage":21,"enemies":"Gremlin Leader","floor":27,"turns":8},{"damage":8,"enemies":"Centurion and Healer","floor":29,"turns":6},{"damage":42,"enemies":"Champ","floor":33,"turns":8}],"event_choices":[{"event_name":"Golden Wing","player_choice":"Card Removal","floor":3,"damage_taken":0},{"event_name":"Living Wall","player_choice":"Forget","floor":11,"damage_taken":0},{"event_name":"Transmorgrifier","player_choice":"Transform","floor":14,"damage_taken":0},{"event_name":"The Library","player_choice":"Read","floor":20,"damage_taken":0},{"event_name":"Bonfire Elementals","player_choice":"UNCOMMON","floor":22,"damage_taken":0},{"event_name":"The Mausoleum","player_choice":"Yes","floor":30,"damage_taken":0}],"boss_relics":[{"not_picked":["Orrery","Tiny House"],"picked":"Runic Dome"}],"potions_floor_spawned":[1,2,5,8,16,19,25],"seed_played":"7270218714446409770","killed_by":"Champ","ascension_level":4,"is_trial":false}