{"gold_per_floor":[115,115,135,151,162,191,221,221,221,235,253,253,270,370,370,468,468,483,483,483,496,371,371,391,425,425,452,452,452,467,495,495,495],"floor_reached":33,"playtime":4029,"items_purged":["Strike_R"],"score":332,"play_id":"23af60f6-e395-4072-bfb6-e3059e7f28ca","local_time":"20190221071708","is_ascension_mode":false,"campfire_choices":[{"data":"Armaments","floor":8,"key":"SMITH"},{"data":"Warcry","floor":12,"key":"SMITH"},{"data":"Rampage","floor":15,"key":"SMITH"},{"data":"Immolate","floor":23,"key":"SMITH"},{"data":"Flame Barrier","floor":28,"key":"SMITH"},{"data":"Flame Barrier","floor":32,"key":"SMITH"}],"neow_cost":"TEN_PERCENT_HP_LOSS","seed_source_timestamp":58585178729594,"circlet_count":0,"master_deck":["Strike_R","Strike_R","Defend_R","Defend_R","Defend_R","Defend_R","Bash","Rampage+1","Battle Trance","Seeing Red","Headbutt","Flame Barrier+1","Spot Weakness","Warcry+1","Armaments+1","Inflame","Intimidate","Flame Barrier+1","Immolate+1","Carnage","Clothesline","Shrug It Off","Brutality","Shrug It Off"],"relics":["Burning Blood","Prayer Wheel","Bag of Preparation","Tiny Chest","Letter Opener","Snecko Eye","Singing Bowl","The Courier","Mummified Hand","Orichalcum","MutagenicStrength","Bottled Flame"],"potions_floor_usage":[],"damage_taken":[{"damage":0,"enemies":"2 Louse","floor":1,"turns":2},{"damage":1,"enemies":"Cultist","floor":3,"turns":3},{"damage":5,"enemies":"Small Slimes","floor":4,"turns":4},{"damage":5,"enemies":"Looter","floor":5,"turns":3},{"damage":32,"enemies":"3 Sentries","floor":6,"turns":7},{"damage":0,"enemies":"3 Louse","floor":10,"turns":3},{"damage":2,"enemies":"Blue Slaver","floor":11,"turns":5},{"damage":0,"enemies":"Red Slaver","floor":13,"turns":4},{"damage":41,"enemies":"The Guardian","floor":16,"turns":8},{"damage":17,"enemies":"Spheric Guardian","floor":18,"turns":4},{"damage":0,"enemies":"Chosen","floor":21,"turns":4},{"damage":5,"enemies":"Snake Plant","floor":24,"turns":4},{"damage":22,"enemies":"Book of Stabbing","floor":25,"turns":4},{"damage":11,"enemies":"Slavers","floor":27,"turns":5},{"damage":0,"enemies":"Sentry and Sphere","floor":30,"turns":2},{"damage":0,"enemies":"Gremlin Leader","floor":31,"turns":3},{"damage":69,"enemies":"Champ","floor":33,"turns":12}],"seed_played":"-8576686416168839356","potions_obtained":[{"floor":1,"key":"Ancient Potion"},{"floor":4,"key":"EntropicBrew"},{"floor":6,"key":"Block Potion"},{"floor":13,"key":"Weak Potion"},{"floor":31,"key":"Dexterity Potion"}],"is_trial":false,"path_per_floor":["M","?","M","M","M","E","T","R","T","M","M","R","M","?","R","B",null,"M","T","?","M","$","R","M","E","T","E","R","?","M","E","R","B"],"character_chosen":"IRONCLAD","items_purchased":["Shrug It Off"],"campfire_rested":0,"item_purchase_floors":[22],"current_hp_per_floor":[72,72,72,72,72,46,46,46,46,52,56,56,62,62,62,27,72,61,61,61,67,67,67,70,56,56,53,53,53,61,69,69,0],"gold":495,"neow_bonus":"ONE_RARE_RELIC","is_prod":false,"is_daily":false,"chose_seed":false,"campfire_upgraded":6,"win_rate":0,"timestamp":1550726228,"path_taken":["M","?","M","M","?","E","?","R","T","M","M","R","M","?","R","BOSS","M","?","?","M","$","R","?","E","T","E","R","?","M","E","R","BOSS"],"build_version":"2019-01-23","purchased_purges":1,"victory":false,"max_hp_per_floor":[72,72,72,72,72,72,72,72,72,72,72,72,72,72,72,72,72,72,72,72,72,72,72,74,76,76,78,78,78,80,82,82,82],"card_choices":[{"not_picked":["Infernal Blade","Twin Strike"],"picked":"Rampage","floor":1},{"not_picked":["Infernal Blade","Shockwave"],"picked":"Battle Trance","floor":1},{"not_picked":["Perfected Strike","Sword Boomerang"],"picked":"Headbutt","floor":3},{"not_picked":["Perfected Strike","Sword Boomerang"],"picked":"Flame Barrier","floor":3},{"not_picked":["Searing Blow","Anger"],"picked":"Spot Weakness","floor":4},{"not_picked":["Twin Strike","Perfected Strike","Pommel Strike"],"picked":"SKIP","floor":4},{"not_picked":["Evolve","Heavy Blade"],"picked":"Warcry","floor":5},{"not_picked":["Clash","Twin Strike","Dark Embrace"],"picked":"SKIP","floor":5},{"not_picked":["Hemokinesis","Searing Blow"],"picked":"Armaments","floor":6},{"not_picked":["Wild Strike","Sword Boomerang"],"picked":"Inflame","floor":10},{"not_picked":["Headbutt","Havoc","Sever Soul"],"picked":"SKIP","floor":10},{"not_picked":["Armaments","Searing Blow"],"picked":"Intimidate","floor":11},{"not_picked":["Bludgeon","Pommel Strike","Perfected Strike"],"picked":"SKIP","floor":11},{"not_picked":["Inflame","Perfected Strike"],"picked":"Flame Barrier","floor":13},{"not_picked":["Sword Boomerang","Clash","Second Wind"],"picked":"SKIP","floor":13},{"not_picked":["Berserk","Brutality"],"picked":"Immolate","floor":16},{"not_picked":["Twin Strike+1","Perfected Strike","Fire Breathing+1"],"picked":"SKIP","floor":18},{"not_picked":["Twin Strike","Sword Boomerang","Entrench+1"],"picked":"SKIP","floor":18},{"not_picked":["Thunderclap","Body Slam"],"picked":"Clothesline","floor":21},{"not_picked":["True Grit","Armaments","Body Slam"],"picked":"SKIP","floor":21},{"not_picked":["Thunderclap+1","Perfected Strike+1"],"picked":"Brutality","floor":24},{"not_picked":["Anger+1","Body Slam","Sever Soul"],"picked":"Singing Bowl","floor":24},{"not_picked":["Rampage","Corruption+1","Cleave"],"picked":"Singing Bowl","floor":25},{"not_picked":["Warcry+1","Double Tap","Clothesline"],"picked":"Singing Bowl","floor":27},{"not_picked":["Flex","Clothesline"],"picked":"Shrug It Off","floor":30},{"not_picked":["Anger+1","Iron Wave","Seeing Red+1"],"picked":"Singing Bowl","floor":30},{"not_picked":["Reckless Charge+1","Second Wind","Fire Breathing"],"picked":"Singing Bowl","floor":31}],"player_experience":477703,"relics_obtained":[{"floor":6,"key":"Bag of Preparation"},{"floor":7,"key":"Tiny Chest"},{"floor":9,"key":"Letter Opener"},{"floor":19,"key":"Singing Bowl"},{"floor":25,"key":"The Courier"},{"floor":26,"key":"Mummified Hand"},{"floor":27,"key":"Orichalcum"},{"floor":31,"key":"Bottled Flame"}],"event_choices":[{"damage_healed":0,"gold_gain":0,"cards_transformed":["Strike_R"],"player_choice":"Transformed","damage_taken":0,"max_hp_gain":0,"max_hp_loss":0,"event_name":"Transmorgrifier","floor":2,"gold_loss":0,"cards_obtained":["Seeing Red"]},{"damage_healed":0,"gold_gain":100,"player_choice":"Pray","damage_taken":0,"max_hp_gain":0,"max_hp_loss":0,"event_name":"Golden Shrine","floor":14,"gold_loss":0},{"damage_healed":0,"gold_gain":0,"cards_transformed":["Strike_R"],"player_choice":"Transformed","damage_taken":0,"max_hp_gain":0,"max_hp_loss":0,"event_name":"Transmorgrifier","floor":20,"gold_loss":0,"cards_obtained":["Carnage"]},{"damage_healed":0,"gold_gain":0,"player_choice":"Inject Mutagens","damage_taken":0,"relics_obtained":["MutagenicStrength"],"max_hp_gain":0,"max_hp_loss":0,"event_name":"Drug Dealer","floor":29,"gold_loss":0}],"is_beta":false,"boss_relics":[{"not_picked":["Empty Cage","Astrolabe"],"picked":"Snecko Eye"}],"items_purged_floors":[22],"is_endless":false,"potions_floor_spawned":[1,4,6,13,24,30,31],"killed_by":"Champ","ascension_level":0}