{"gold_per_floor":[114,128,128,53,53,85,101,101,149,149,49,67,67,67,67,67],"floor_reached":16,"playtime":483,"items_purged":["Defend_R","Entrench"],"score":123,"play_id":"6a64d047-68d8-4d54-8662-8466fcdc5622","local_time":"20180805034115","is_ascension_mode":true,"campfire_choices":[{"data":"Whirlwind","floor":8,"key":"SMITH"},{"floor":10,"key":"REST"},{"data":"Shrug It Off","floor":13,"key":"SMITH"},{"data":"Bash","floor":15,"key":"SMITH"}],"neow_cost":"","seed_source_timestamp":43338518586931,"circlet_count":0,"master_deck":["Strike_R","Strike_R","Strike_R","Defend_R","Defend_R","Defend_R","Bash+1","Combust","Whirlwind+1","Shrug It Off+1"],"relics":["Burning Blood","Bronze Scales","Juzu Bracelet"],"potions_floor_usage":[12,16,16],"damage_taken":[{"damage":10,"enemies":"Cultist","floor":1,"turns":5},{"damage":8,"enemies":"Jaw Worm","floor":2,"turns":5},{"damage":42,"enemies":"Gremlin Nob","floor":6,"turns":5},{"damage":0,"enemies":"Small Slimes","floor":7,"turns":2},{"damage":0,"enemies":"3 Louse","floor":12,"turns":2},{"damage":69,"enemies":"Hexaghost","floor":16,"turns":9}],"seed_played":"4681815440399628502","potions_obtained":[{"floor":2,"key":"SkillPotion"},{"floor":7,"key":"FearPotion"},{"floor":12,"key":"Block Potion"}],"is_trial":false,"path_per_floor":["M","M","?","$","?","E","M","R","T","R","$","M","R","$","R"],"character_chosen":"IRONCLAD","items_purchased":[],"campfire_rested":1,"item_purchase_floors":[],"current_hp_per_floor":[76,74,67,67,67,31,37,37,37,61,61,67,67,67,67,0],"gold":67,"neow_bonus":"","is_prod":false,"is_daily":false,"chose_seed":false,"campfire_upgraded":3,"win_rate":0,"timestamp":1533429675,"path_taken":["M","M","?","$","?","E","?","R","T","R","$","M","R","?","R","BOSS"],"build_version":"2018-08-02","purchased_purges":2,"victory":false,"max_hp_per_floor":[80,80,80,80,80,80,80,80,80,80,80,80,80,80,80,80],"card_choices":[{"not_picked":["Havoc","Flex","Perfected Strike"],"picked":"SKIP","floor":1},{"not_picked":["Clothesline","Bloodletting"],"picked":"Combust","floor":2},{"not_picked":["Impervious","True Grit"],"picked":"Whirlwind","floor":6},{"not_picked":["Flame Barrier","Sentinel","Carnage"],"picked":"SKIP","floor":7},{"not_picked":["Twin Strike","Iron Wave"],"picked":"Shrug It Off","floor":12}],"player_experience":182200,"relics_obtained":[{"floor":6,"key":"Bronze Scales"},{"floor":9,"key":"Juzu Bracelet"}],"event_choices":[{"event_name":"Golden Wing","player_choice":"Card Removal","floor":3,"damage_taken":0},{"event_name":"Transmorgrifier","player_choice":"Transform","floor":5,"damage_taken":0}],"is_beta":false,"boss_relics":[],"items_purged_floors":[4,11],"is_endless":false,"potions_floor_spawned":[2,7,12],"killed_by":"Hexaghost","ascension_level":5}