{"gold_per_floor":[209,225,236,253,24,24,57,57,130,130,155,169,202,217,217,315,315,333,315,165,178,34,34,34],"floor_reached":24,"playtime":2664,"items_purged":["Strike_G"],"score":294,"play_id":"6bd57ef0-4ac5-4d9b-903d-d6c2b9cbe766","local_time":"20190216172147","is_ascension_mode":true,"campfire_choices":[{"data":"Deadly Poison","floor":6,"key":"SMITH"},{"floor":15,"key":"REST"},{"floor":23,"key":"REST"}],"neow_cost":"NONE","seed_source_timestamp":102279611575358,"circlet_count":0,"master_deck":["Defend_G","Defend_G","Defend_G","Defend_G+1","Strike_G","Strike_G","Strike_G","Strike_G","Survivor","Neutralize+1","Deadly Poison+1","Poisoned Stab","Deadly Poison","Dodge and Roll","Dodge and Roll","Malaise+1","Deflect","PiercingWail+1","Backflip"],"relics":["Ring of the Snake","Snake Skull","Shovel","Pear","Art of War","Happy Flower","Sozu","War Paint","Anchor"],"potions_floor_usage":[11,11,16,16,16,16,16],"damage_taken":[{"damage":1,"enemies":"Cultist","floor":1,"turns":5},{"damage":0,"enemies":"Jaw Worm","floor":2,"turns":4},{"damage":1,"enemies":"2 Louse","floor":3,"turns":4},{"damage":4,"enemies":"Looter","floor":4,"turns":3},{"damage":10,"enemies":"Lagavulin","floor":7,"turns":5},{"damage":4,"enemies":"3 Sentries","floor":11,"turns":6},{"damage":10,"enemies":"Large Slime","floor":12,"turns":5},{"damage":5,"enemies":"Gremlin Nob","floor":13,"turns":3},{"damage":0,"enemies":"3 Louse","floor":14,"turns":3},{"damage":19,"enemies":"Slime Boss","floor":16,"turns":12},{"damage":17,"enemies":"Chosen","floor":18,"turns":5},{"damage":17,"enemies":"2 Thieves","floor":19,"turns":4},{"damage":6,"enemies":"Cultist and Chosen","floor":21,"turns":9},{"damage":64,"enemies":"Gremlin Leader","floor":24,"turns":10}],"seed_played":"-6097409706055948689","potions_obtained":[{"floor":1,"key":"Explosive Potion"},{"floor":3,"key":"Explosive Potion"},{"floor":12,"key":"Dexterity Potion"},{"floor":13,"key":"EntropicBrew"},{"floor":14,"key":"FearPotion"},{"floor":16,"key":"FairyPotion"}],"is_trial":false,"path_per_floor":["M","M","M","M","$","R","E","?","T","?","E","M","E","M","R","B",null,"M","M","$","M","$","R","E"],"character_chosen":"THE_SILENT","items_purchased":["Snake Skull","War Paint","Anchor"],"campfire_rested":2,"item_purchase_floors":[5,20,22],"current_hp_per_floor":[62,62,61,57,57,57,47,47,57,50,46,36,31,31,55,36,69,52,35,35,29,29,53,0],"gold":34,"neow_bonus":"HUNDRED_GOLD","is_prod":false,"is_daily":false,"chose_seed":false,"campfire_upgraded":1,"win_rate":0,"timestamp":1550355707,"path_taken":["M","M","?","M","$","R","E","?","T","?","E","M","E","M","R","BOSS","M","M","$","M","$","R","E"],"build_version":"2019-01-23","purchased_purges":1,"victory":false,"max_hp_per_floor":[70,70,70,70,70,70,70,70,80,80,80,80,80,80,80,80,80,80,80,80,80,80,80,80],"card_choices":[{"not_picked":["Caltrops","Cloak And Dagger"],"picked":"Deadly Poison","floor":1},{"not_picked":["Quick Slash","Finisher"],"picked":"Poisoned Stab","floor":2},{"not_picked":["Flying Knee","Bane"],"picked":"Deadly Poison","floor":3},{"not_picked":["Outmaneuver","Slice","Storm of Steel"],"picked":"SKIP","floor":4},{"not_picked":["Bane","Blade Dance","Prepared"],"picked":"SKIP","floor":7},{"not_picked":["Tactician","Setup","Dodge and Roll"],"picked":"SKIP","floor":11},{"not_picked":["Outmaneuver","Finisher"],"picked":"Dodge and Roll","floor":12},{"not_picked":["Finisher","Bane"],"picked":"Dodge and Roll","floor":13},{"not_picked":["Prepared","Endless Agony","Infinite Blades"],"picked":"SKIP","floor":14},{"not_picked":["Doppelganger","Venomology"],"picked":"Malaise","floor":16},{"not_picked":["Sucker Punch","Bane"],"picked":"Deflect","floor":18},{"not_picked":["Calculated Gamble+1","Slice"],"picked":"PiercingWail+1","floor":19},{"not_picked":["All Out Attack+1","PiercingWail+1"],"picked":"Backflip","floor":21}],"player_experience":1573368,"relics_obtained":[{"floor":7,"key":"Shovel"},{"floor":9,"key":"Pear"},{"floor":11,"key":"Art of War"},{"floor":13,"key":"Happy Flower"}],"event_choices":[{"damage_healed":0,"gold_gain":0,"player_choice":"Grow","damage_taken":0,"max_hp_gain":0,"max_hp_loss":0,"event_name":"Living Wall","floor":8,"gold_loss":0,"cards_upgraded":["Neutralize"]},{"cards_removed":["Defend_G"],"damage_healed":0,"gold_gain":0,"player_choice":"Card Removal","damage_taken":7,"max_hp_gain":0,"max_hp_loss":0,"event_name":"Golden Wing","floor":10,"gold_loss":0}],"is_beta":false,"boss_relics":[{"not_picked":["WristBlade","Black Star"],"picked":"Sozu"}],"items_purged_floors":[5],"is_endless":false,"potions_floor_spawned":[1,3,12,13,14,16,18],"killed_by":"Gremlin Leader","ascension_level":7}