{"gold_per_floor":[17,29,29,29,44,72,83,83,83,108,183,27,42,59,59,163,163,181,196,121,121,21,21],"floor_reached":23,"playtime":1730,"items_purged":["Strike_B","Strike_B"],"score":211,"play_id":"6288260d-cb0a-4f16-bad8-ce78941adf01","local_time":"20180712210727","is_ascension_mode":true,"campfire_choices":[{"floor":8.0,"key":"REST"},{"floor":15.0,"key":"REST"}],"neow_cost":"NO_GOLD","seed_source_timestamp":0,"circlet_count":0,"master_deck":["Defend_B","Defend_B","Zap","Dualcast","Barrage","Ball Lightning","Genetic Algorithm","Streamline","Reinforced Body","Biased Cognition","Defragment","Rip and Tear+1"],"special_seed":0,"relics":["Cracked Core","Blood Vial","Regal Pillow","Meat on the Bone","Bag of Preparation","Busted Crown","Nilry\u0027s Codex"],"potions_floor_usage":[],"damage_taken":[{"damage":1.0,"enemies":"Jaw Worm","floor":1.0,"turns":4.0},{"damage":1.0,"enemies":"Cultist","floor":2.0,"turns":4.0},{"damage":5.0,"enemies":"2 Louse","floor":5.0,"turns":2.0},{"damage":32.0,"enemies":"3 Sentries","floor":6.0,"turns":6.0},{"damage":0.0,"enemies":"Large Slime","floor":7.0,"turns":3.0},{"damage":18.0,"enemies":"Gremlin Nob","floor":10.0,"turns":3.0},{"damage":8.0,"enemies":"Exordium Thugs","floor":13.0,"turns":4.0},{"damage":0.0,"enemies":"2 Fungi Beasts","floor":14.0,"turns":3.0},{"damage":44.0,"enemies":"Hexaghost","floor":16.0,"turns":9.0},{"damage":17,"enemies":"3 Byrds","floor":18,"turns":4},{"damage":17,"enemies":"Shell Parasite","floor":19,"turns":4},{"damage":38,"enemies":"Book of Stabbing","floor":23,"turns":6}],"seed_played":"-6693844829295196122","potions_obtained":[{"floor":6.0,"key":"Poison Potion"},{"floor":10.0,"key":"Ancient Potion"},{"floor":14.0,"key":"SkillPotion"}],"is_trial":false,"path_per_floor":["M","M","?","?","M","E","M","R","T","E","?","$","M","M","R","B",null,"M","M","$","?","$"],"character_chosen":"DEFECT","items_purchased":["Bag of Preparation"],"campfire_rested":2,"item_purchase_floors":[12],"current_hp_per_floor":[74,73,73,73,68,36,38,60,60,44,33,33,39,41,75,43,75,58,43,43,27,27,0],"gold":21,"neow_bonus":"REMOVE_TWO","is_prod":false,"is_daily":false,"chose_seed":false,"campfire_upgraded":0,"win_rate":0,"timestamp":1531454847,"path_taken":["M","M","?","?","M","E","M","R","T","E","?","$","M","M","R","BOSS","M","M","$","?","?","E"],"build_version":"2018-07-12","purchased_purges":2,"victory":false,"max_hp_per_floor":[75,75,75,75,75,75,75,75,75,75,75,75,75,75,75,75,75,75,75,75,75,75,75],"card_choices":[{"not_picked":["Hologram","Self Repair"],"picked":"Barrage","floor":1.0},{"not_picked":["Coolheaded","Steam"],"picked":"Ball Lightning","floor":2.0},{"not_picked":["Heatsinks","Chaos"],"picked":"Genetic Algorithm","floor":5.0},{"not_picked":["Hello World","Glacier","Rebound"],"picked":"SKIP","floor":6.0},{"not_picked":["Reprogram","Conserve Battery","Gash"],"picked":"SKIP","floor":7.0},{"not_picked":["Rebound","Conserve Battery"],"picked":"Streamline","floor":10.0},{"not_picked":["Compile Driver","Rebound"],"picked":"Reinforced Body","floor":13.0},{"not_picked":["Go for the Eyes","Leap","Compile Driver"],"picked":"SKIP","floor":14.0},{"not_picked":["Amplify","Thunder Strike"],"picked":"Biased Cognition","floor":16.0},{"not_picked":[],"picked":"Defragment","floor":18},{"not_picked":[],"picked":"Rip and Tear+1","floor":19}],"player_experience":27855,"relics_obtained":[{"floor":6.0,"key":"Blood Vial"},{"floor":9.0,"key":"Regal Pillow"},{"floor":10.0,"key":"Meat on the Bone"},{"floor":21,"key":"Nilry\u0027s Codex"}],"event_choices":[{"event_name":"Bonfire Elementals","player_choice":"BASIC","floor":3.0,"damage_taken":0.0},{"event_name":"Purifier","player_choice":"One Purge","floor":4.0,"damage_taken":0.0},{"event_name":"World of Goop","player_choice":"Gather Gold","floor":11.0,"damage_taken":0.0},{"event_name":"Cursed Tome","player_choice":"Obtained Book","floor":21,"damage_taken":0}],"boss_relics":[{"not_picked":["Coffee Dripper","Eternal Feather"],"picked":"Busted Crown"}],"items_purged_floors":[20,22],"is_endless":false,"potions_floor_spawned":[6,10,14],"killed_by":"Book of Stabbing","ascension_level":1}