{"gold_per_floor":[119,119,119,137,2,2,32,60,121,153,180,192,221,250,262,345,357,379,408,420],"floor_reached":20,"playtime":1280,"items_purged":[],"score":356,"play_id":"e3d60245-b0fa-4bd6-a5dc-6134bdf253fe","local_time":"20190308004144","is_ascension_mode":true,"campfire_choices":[{"data":"Noxious Fumes","floor":6.0,"key":"SMITH"},{"floor":12.0,"key":"REST"},{"floor":15.0,"key":"REST"}],"neow_cost":"NONE","seed_source_timestamp":8592294994399,"circlet_count":0,"master_deck":["AscendersBane","Defend_G","Defend_G","Defend_G","Defend_G","Defend_G","Strike_G","Strike_G","Strike_G","Strike_G","Strike_G","Survivor","Neutralize","Underhanded Strike","Noxious Fumes+1","Footwork","Dagger Spray","Infinite Blades","Poisoned Stab","Dagger Throw","Cloak And Dagger","Envenom","Adrenaline","Leg Sweep","PiercingWail","Glass Knife","PiercingWail"],"special_seed":0,"relics":["Ring of the Snake","MawBank","Orichalcum","Orrery"],"potions_floor_usage":[],"damage_taken":[{"damage":4.0,"enemies":"2 Louse","floor":1.0,"turns":5.0},{"damage":1.0,"enemies":"Small Slimes","floor":4.0,"turns":6.0},{"damage":14.0,"enemies":"3 Sentries","floor":7.0,"turns":6.0},{"damage":17.0,"enemies":"Jaw Worm","floor":8.0,"turns":4.0},{"damage":2.0,"enemies":"Red Slaver","floor":10.0,"turns":4.0},{"damage":6.0,"enemies":"Exordium Thugs","floor":11.0,"turns":4.0},{"damage":20.0,"enemies":"Large Slime","floor":13.0,"turns":7.0},{"damage":16.0,"enemies":"Exordium Wildlife","floor":14.0,"turns":5.0},{"damage":24.0,"enemies":"Hexaghost","floor":16.0,"turns":8.0},{"damage":23,"enemies":"Chosen","floor":18,"turns":6},{"damage":11,"enemies":"Shell Parasite","floor":19,"turns":10},{"damage":30,"enemies":"Snecko","floor":20,"turns":6}],"seed_played":"-5348906776539175696","potions_obtained":[{"floor":1.0,"key":"Strength Potion"},{"floor":7.0,"key":"Poison Potion"},{"floor":14.0,"key":"Strength Potion"},{"floor":19,"key":"PowerPotion"}],"is_trial":false,"path_per_floor":["M","?","?","M","$","R","E","M","T","M","M","R","M","M","R","B",null,"M","M","M"],"character_chosen":"THE_SILENT","items_purchased":["Footwork","Dagger Spray"],"campfire_rested":2,"item_purchase_floors":[5,5],"current_hp_per_floor":[61,66,66,65,65,65,51,34,34,32,26,49,29,13,36,12,61,38,27,0],"gold":420,"neow_bonus":"TEN_PERCENT_HP_BONUS","is_prod":false,"is_daily":false,"chose_seed":false,"campfire_upgraded":1,"win_rate":0,"timestamp":1552023704,"path_taken":["M","?","?","M","?","R","E","M","T","?","M","R","M","M","R","BOSS","M","M","M"],"build_version":"2019-01-23","purchased_purges":0,"victory":false,"max_hp_per_floor":[72,77,77,77,77,77,77,77,77,77,77,77,77,77,77,77,77,77,77,77],"card_choices":[{"not_picked":["Setup","Prepared"],"picked":"Underhanded Strike","floor":1.0},{"not_picked":["Poisoned Stab","Infinite Blades"],"picked":"Noxious Fumes","floor":4.0},{"not_picked":["Doppelganger","Bouncing Flask"],"picked":"Infinite Blades","floor":7.0},{"not_picked":["Blade Dance","Deadly Poison"],"picked":"Poisoned Stab","floor":8.0},{"not_picked":["Outmaneuver","Flying Knee"],"picked":"Dagger Throw","floor":10.0},{"not_picked":["Outmaneuver","Bane"],"picked":"Cloak And Dagger","floor":11.0},{"not_picked":["Blade Dance","Sucker Punch"],"picked":"Envenom","floor":13.0},{"not_picked":["Catalyst","Deadly Poison","Outmaneuver"],"picked":"SKIP","floor":14.0},{"not_picked":["Night Terror","Die Die Die"],"picked":"Adrenaline","floor":16.0},{"not_picked":["Finisher","Sucker Punch"],"picked":"Leg Sweep","floor":17.0},{"not_picked":["Heel Hook","Dash"],"picked":"PiercingWail","floor":17.0},{"not_picked":["Prepared","Masterful Stab"],"picked":"Glass Knife","floor":17.0},{"not_picked":["Masterful Stab","Finisher","Tactician+1"],"picked":"SKIP","floor":18},{"not_picked":["Underhanded Strike","Flying Knee"],"picked":"PiercingWail","floor":19}],"player_experience":1299339,"relics_obtained":[{"floor":7.0,"key":"MawBank"},{"floor":9.0,"key":"Orichalcum"}],"event_choices":[{"damage_healed":0.0,"max_hp_gain":5.0,"max_hp_loss":0.0,"gold_gain":0.0,"event_name":"Big Fish","player_choice":"Donut","floor":2.0,"gold_loss":0.0,"damage_taken":0.0},{"damage_healed":0.0,"max_hp_gain":0.0,"max_hp_loss":0.0,"gold_gain":0.0,"event_name":"Liars Game","player_choice":"Ignored","floor":3.0,"gold_loss":0.0,"damage_taken":0.0}],"is_beta":false,"boss_relics":[{"not_picked":["Philosopher\u0027s Stone","Fusion Hammer"],"picked":"Orrery"}],"items_purged_floors":[],"is_endless":false,"potions_floor_spawned":[1,7,14,19],"killed_by":"Snecko","ascension_level":20}