{"gold_per_floor":[111,127,202,218,293,326,337,356,356,356,376,376,391,405,405,502,502,513,537,517],"floor_reached":20,"playtime":1892,"items_purged":[],"score":180,"play_id":"9c3bb6f8-e6ea-4793-b80d-eecfe6ac2778","local_time":"20190304142019","is_ascension_mode":false,"campfire_choices":[{"data":"Zap","floor":10,"key":"SMITH"},{"data":"Scrape","floor":12,"key":"SMITH"},{"floor":15,"key":"REST"}],"neow_cost":"NONE","seed_source_timestamp":15256002759002,"circlet_count":0,"master_deck":["Strike_B","Strike_B","Strike_B","Strike_B","Defend_B+1","Defend_B","Defend_B","Defend_B+1","Zap+1","Dualcast","Beam Cell","Scrape+1","Cold Snap","Hologram","Steam","Cold Snap","Consume","Go for the Eyes","Compile Driver","Fission","Glacier+1"],"relics":["Cracked Core","War Paint","Question Card","Singing Bowl","Busted Crown","Oddly Smooth Stone"],"potions_floor_usage":[7,7,20,20],"damage_taken":[{"damage":0,"enemies":"2 Louse","floor":1,"turns":3},{"damage":0,"enemies":"Cultist","floor":2,"turns":3},{"damage":0,"enemies":"Jaw Worm","floor":4,"turns":3},{"damage":32,"enemies":"3 Sentries","floor":6,"turns":7},{"damage":8,"enemies":"Exordium Thugs","floor":7,"turns":5},{"damage":0,"enemies":"Large Slime","floor":8,"turns":5},{"damage":5,"enemies":"Lots of Slimes","floor":11,"turns":5},{"damage":0,"enemies":"Exordium Wildlife","floor":13,"turns":3},{"damage":0,"enemies":"Exordium Thugs","floor":14,"turns":4},{"damage":12,"enemies":"Slime Boss","floor":16,"turns":9},{"damage":2,"enemies":"Chosen","floor":18,"turns":4},{"damage":10,"enemies":"2 Thieves","floor":20,"turns":4}],"seed_played":"2717342852941427865","potions_obtained":[{"floor":1,"key":"Poison Potion"},{"floor":6,"key":"EssenceOfSteel"},{"floor":11,"key":"EntropicBrew"},{"floor":14,"key":"Swift Potion"},{"floor":16,"key":"FocusPotion"}],"is_trial":false,"path_per_floor":["M","M","?","M","?","E","M","M","T","R","M","R","M","M","R","B",null,"M","T","M"],"character_chosen":"DEFECT","items_purchased":[],"campfire_rested":1,"item_purchase_floors":[],"current_hp_per_floor":[75,75,64,64,57,25,17,17,17,17,12,12,12,12,34,22,75,73,73,63],"gold":517,"neow_bonus":"RANDOM_COMMON_RELIC","is_prod":false,"is_daily":false,"chose_seed":false,"campfire_upgraded":2,"win_rate":0,"timestamp":1551702019,"path_taken":["M","M","?","M","?","E","M","M","T","R","M","R","M","?","R","BOSS","M","?","M"],"build_version":"2019-01-23","purchased_purges":0,"victory":false,"max_hp_per_floor":[75,75,75,75,75,75,75,75,75,75,75,75,75,75,75,75,75,75,75,75],"card_choices":[{"not_picked":["Skim","Conserve Battery"],"picked":"Beam Cell","floor":1},{"not_picked":["Conserve Battery","Capacitor"],"picked":"Scrape","floor":2},{"not_picked":["Barrage","Rebound"],"picked":"Cold Snap","floor":4},{"not_picked":["Streamline","Static Discharge"],"picked":"Hologram","floor":6},{"not_picked":["Beam Cell","Force Field","Conserve Battery"],"picked":"Steam","floor":7},{"not_picked":["Streamline","Echo Form","Steam"],"picked":"Cold Snap","floor":8},{"not_picked":["Steam","Aggregate","Conserve Battery"],"picked":"Consume","floor":11},{"not_picked":["Leap","Steam","Gash"],"picked":"Go for the Eyes","floor":13},{"not_picked":["Turbo","Static Discharge","Doom and Gloom"],"picked":"Compile Driver","floor":14},{"not_picked":["Machine Learning","Echo Form","Multi-Cast"],"picked":"Fission","floor":16},{"not_picked":["Conserve Battery+1"],"picked":"Glacier+1","floor":18}],"player_experience":631149,"relics_obtained":[{"floor":6,"key":"Question Card"},{"floor":9,"key":"Singing Bowl"},{"floor":19,"key":"Oddly Smooth Stone"}],"event_choices":[{"damage_healed":0,"gold_gain":75,"player_choice":"Gather Gold","damage_taken":11,"max_hp_gain":0,"max_hp_loss":0,"event_name":"World of Goop","floor":3,"gold_loss":0},{"damage_healed":0,"gold_gain":75,"player_choice":"Touch","damage_taken":7,"max_hp_gain":0,"max_hp_loss":0,"event_name":"FaceTrader","floor":5,"gold_loss":0}],"is_beta":false,"boss_relics":[{"not_picked":["Tiny House","Philosopher\u0027s Stone"],"picked":"Busted Crown"}],"items_purged_floors":[],"is_endless":false,"potions_floor_spawned":[1,6,11,14,16],"killed_by":"2 Thieves","ascension_level":0}