{"gold_per_floor":[109,129,129,144,144,144,177,197,197,197,197,278,278,318,318,443,443,458,39,58,8,33,54,54,72,97,12,26,26,26,40,40,169,169,188,188,188,263,277,277,291,216,272,322,340,356,429,447,447,447],"floor_reached":51,"playtime":6576,"items_purged":["Strike_G+1"],"score":705,"play_id":"43f1d842-8cc6-4169-ad3a-e2e6d0890714","local_time":"20181102225425","is_ascension_mode":true,"campfire_choices":[{"data":"Footwork","floor":6.0,"key":"SMITH"},{"floor":10.0,"key":"REST"},{"floor":15.0,"key":"REST"},{"data":"Die Die Die","floor":24.0,"key":"SMITH"},{"floor":29.0,"key":"REST"},{"data":"Dagger Spray","floor":32.0,"key":"SMITH"},{"data":"Bouncing Flask","floor":49,"key":"SMITH"}],"neow_cost":"NONE","seed_source_timestamp":0,"circlet_count":0,"master_deck":["Defend_G+1","Defend_G+1","Defend_G+1","Defend_G+1","Defend_G+1","Strike_G+1","Strike_G+1","Survivor+1","Neutralize+1","Deflect+1","Footwork+1","Dodge and Roll+1","Backflip+1","Die Die Die+1","Crippling Poison+1","Adrenaline+1","Dagger Throw+1","Master of Strategy+1","Dagger Spray+1","PiercingWail+1","Predator+1","Cloak And Dagger+1","Dagger Throw+1","Glass Knife+1","Well Laid Plans+1","Bouncing Flask+1","Parasite","Dash+1"],"special_seed":0,"relics":["Ring of the Serpent","Strawberry","Kunai","Golden Idol","Thread and Needle","Unceasing Top","Ornamental Fan","Centennial Puzzle","Blue Candle","Coffee Dripper","Mark of the Bloom","SsserpentHead","Tiny Chest","Anchor"],"potions_floor_usage":[45,46,50],"damage_taken":[{"damage":4.0,"enemies":"2 Louse","floor":1.0,"turns":3.0},{"damage":0.0,"enemies":"Small Slimes","floor":2.0,"turns":3.0},{"damage":7.0,"enemies":"Cultist","floor":4.0,"turns":4.0},{"damage":38.0,"enemies":"3 Sentries","floor":7.0,"turns":18.0},{"damage":6.0,"enemies":"Large Slime","floor":8.0,"turns":16.0},{"damage":0.0,"enemies":"3 Sentries","floor":12.0,"turns":19.0},{"damage":26.0,"enemies":"Gremlin Nob","floor":14.0,"turns":9.0},{"damage":22.0,"enemies":"The Guardian","floor":16.0,"turns":29.0},{"damage":1.0,"enemies":"Chosen","floor":18.0,"turns":12.0},{"damage":0.0,"enemies":"3 Byrds","floor":20.0,"turns":7.0},{"damage":15.0,"enemies":"Snecko","floor":22.0,"turns":10.0},{"damage":18.0,"enemies":"Cultist and Chosen","floor":23.0,"turns":12.0},{"damage":21.0,"enemies":"Centurion and Healer","floor":25.0,"turns":17.0},{"damage":1.0,"enemies":"Snake Plant","floor":28.0,"turns":8.0},{"damage":0.0,"enemies":"Snecko","floor":31.0,"turns":7.0},{"damage":33.0,"enemies":"Collector","floor":33.0,"turns":28.0},{"damage":0.0,"enemies":"3 Darklings","floor":35.0,"turns":6.0},{"damage":1.0,"enemies":"3 Shapes","floor":38.0,"turns":4.0},{"damage":0.0,"enemies":"Maw","floor":39.0,"turns":10.0},{"damage":0.0,"enemies":"3 Darklings","floor":41.0,"turns":4.0},{"damage":0,"enemies":"Transient","floor":45,"turns":5},{"damage":27,"enemies":"Writhing Mass","floor":46,"turns":7},{"damage":1,"enemies":"Sphere and 2 Shapes","floor":47,"turns":4},{"damage":0,"enemies":"Maw","floor":48,"turns":8},{"damage":10,"enemies":"Awakened One","floor":50,"turns":20}],"seed_played":"437575840904703525","potions_obtained":[{"floor":1.0,"key":"Weak Potion"},{"floor":7.0,"key":"EssenceOfSteel"},{"floor":8.0,"key":"Block Potion"},{"floor":16.0,"key":"SteroidPotion"},{"floor":18.0,"key":"GhostInAJar"},{"floor":22.0,"key":"AttackPotion"},{"floor":33.0,"key":"SteroidPotion"},{"floor":35.0,"key":"Regen Potion"},{"floor":39.0,"key":"Fire Potion"},{"floor":48,"key":"GhostInAJar"}],"is_trial":false,"path_per_floor":["M","M","?","M","?","R","E","M","T","R","?","?","?","E","R","B",null,"M","$","M","?","M","M","R","M","T","?","M","R","?","M","R","B",null,"M","?","?","M","M","R","M","$","T","T","M","M","M","M","R","B",null],"character_chosen":"THE_SILENT","items_purchased":["Master of Strategy","Ornamental Fan"],"campfire_rested":3,"item_purchase_floors":[19,19],"current_hp_per_floor":[73,73,58,51,51,51,20,14,14,39,39,39,32,6,29,7,78,77,77,77,77,62,44,44,23,23,23,22,45,45,45,45,12,78,78,78,78,77,77,77,77,77,77,77,77,50,49,49,49,39],"gold":447,"neow_bonus":"TEN_PERCENT_HP_BONUS","is_prod":false,"is_daily":false,"chose_seed":false,"campfire_upgraded":4,"win_rate":0,"timestamp":1541217265,"path_taken":["M","M","?","M","?","R","E","M","T","R","?","?","?","E","R","BOSS","M","$","M","?","?","M","R","M","T","?","M","R","?","M","R","BOSS","M","?","?","?","M","R","M","$","T","?","M","M","?","M","R","BOSS"],"build_version":"2018-11-01","purchased_purges":1,"victory":true,"max_hp_per_floor":[77,77,77,77,77,77,84,84,84,84,78,78,78,78,78,78,78,78,78,78,78,78,78,78,78,78,78,78,78,78,78,78,78,78,78,78,78,78,78,78,78,78,78,78,78,78,78,78,78,78],"card_choices":[{"not_picked":["Expertise","Underhanded Strike","Sucker Punch"],"picked":"SKIP","floor":1.0},{"not_picked":["Outmaneuver","Slice"],"picked":"Deflect","floor":2.0},{"not_picked":["Catalyst","Outmaneuver"],"picked":"Footwork","floor":4.0},{"not_picked":["All Out Attack","Slice"],"picked":"Dodge and Roll","floor":7.0},{"not_picked":["Slice","Quick Slash"],"picked":"Backflip","floor":8.0},{"not_picked":["Caltrops","Backflip"],"picked":"Die Die Die","floor":12.0},{"not_picked":["Skewer","All Out Attack"],"picked":"Crippling Poison","floor":14.0},{"not_picked":["Malaise","Wraith Form v2"],"picked":"Adrenaline","floor":16.0},{"not_picked":["Flying Knee","Quick Slash"],"picked":"Dagger Throw","floor":18.0},{"not_picked":["Dagger Throw","Finisher"],"picked":"Dagger Spray","floor":20.0},{"not_picked":["Blade Dance","Acrobatics"],"picked":"PiercingWail+1","floor":22.0},{"not_picked":["Riddle With Holes","Dodge and Roll"],"picked":"Predator","floor":23.0},{"not_picked":["Deadly Poison+1","Venomology"],"picked":"Cloak And Dagger","floor":25.0},{"not_picked":["Finisher","Riddle With Holes","Poisoned Stab"],"picked":"SKIP","floor":28.0},{"not_picked":["Outmaneuver","Crippling Poison"],"picked":"Dagger Throw","floor":31.0},{"not_picked":["Doppelganger","Unload"],"picked":"Glass Knife","floor":33.0},{"not_picked":["Outmaneuver+1","Prepared+1","Bane+1"],"picked":"SKIP","floor":35.0},{"not_picked":["Calculated Gamble","Backflip"],"picked":"Well Laid Plans+1","floor":38.0},{"not_picked":["Prepared","Backflip+1","Underhanded Strike+1"],"picked":"SKIP","floor":39.0},{"not_picked":["PiercingWail+1","Dagger Spray+1"],"picked":"Bouncing Flask","floor":41.0},{"not_picked":["Distraction+1","Flying Knee","Endless Agony"],"picked":"SKIP","floor":45},{"not_picked":["Prepared+1","Bane"],"picked":"Dash+1","floor":46},{"not_picked":["Dagger Throw","Expertise","Outmaneuver"],"picked":"SKIP","floor":47},{"not_picked":["Acrobatics","Slice+1","Terror+1"],"picked":"SKIP","floor":48}],"player_experience":155871,"relics_obtained":[{"floor":7.0,"key":"Strawberry"},{"floor":9.0,"key":"Kunai"},{"floor":14.0,"key":"Unceasing Top"},{"floor":26.0,"key":"Centennial Puzzle"},{"floor":43,"key":"Tiny Chest"},{"floor":44,"key":"Anchor"}],"event_choices":[{"damage_healed":0.0,"max_hp_gain":0.0,"max_hp_loss":0.0,"gold_gain":0.0,"event_name":"Shining Light","player_choice":"Entered Light","floor":3.0,"gold_loss":0.0,"damage_taken":15.0,"cards_upgraded":["Defend_G","Neutralize"]},{"cards_removed":["Strike_G"],"damage_healed":0.0,"max_hp_gain":0.0,"max_hp_loss":0.0,"gold_gain":0.0,"event_name":"Living Wall","player_choice":"Forget","floor":5.0,"gold_loss":0.0,"damage_taken":0.0},{"damage_healed":0.0,"max_hp_gain":0.0,"max_hp_loss":6.0,"gold_gain":0.0,"event_name":"Golden Idol","player_choice":"Lose Max HP","floor":11.0,"gold_loss":0.0,"damage_taken":0.0,"relics_obtained":["Golden Idol"]},{"damage_healed":0.0,"max_hp_gain":0.0,"max_hp_loss":0.0,"gold_gain":0.0,"event_name":"Dead Adventurer","player_choice":"Searched \u00272\u0027 times","floor":12.0,"gold_loss":0.0,"damage_taken":0.0,"relics_obtained":["Thread and Needle"]},{"cards_removed":["Strike_G"],"damage_healed":0.0,"max_hp_gain":0.0,"max_hp_loss":0.0,"gold_gain":0.0,"event_name":"Golden Wing","player_choice":"Card Removal","floor":13.0,"gold_loss":0.0,"damage_taken":7.0},{"damage_healed":0.0,"max_hp_gain":0.0,"max_hp_loss":0.0,"gold_gain":0.0,"event_name":"The Joust","player_choice":"Bet on Murderer","floor":21.0,"gold_loss":50.0,"damage_taken":0.0},{"damage_healed":0.0,"max_hp_gain":0.0,"max_hp_loss":0.0,"gold_gain":0.0,"event_name":"Addict","player_choice":"Obtained Relic","floor":27.0,"gold_loss":85.0,"damage_taken":0.0,"relics_obtained":["Blue Candle"]},{"damage_healed":0.0,"max_hp_gain":0.0,"max_hp_loss":0.0,"gold_gain":0.0,"event_name":"Beggar","player_choice":"Ignored","floor":30.0,"gold_loss":0.0,"damage_taken":0.0},{"damage_healed":0.0,"max_hp_gain":0.0,"max_hp_loss":0.0,"gold_gain":0.0,"event_name":"MindBloom","player_choice":"Upgrade","floor":36.0,"gold_loss":0.0,"damage_taken":0.0,"cards_upgraded":["Defend_G","Defend_G","Defend_G","Defend_G","Strike_G","Strike_G","Strike_G","Survivor","Deflect","Dodge and Roll","Backflip","Crippling Poison","Adrenaline","Dagger Throw","Master of Strategy","Predator","Cloak And Dagger","Dagger Throw","Glass Knife"],"relics_obtained":["Mark of the Bloom"]},{"damage_healed":0.0,"max_hp_gain":0.0,"max_hp_loss":0.0,"gold_gain":0.0,"event_name":"FaceTrader","player_choice":"Trade","floor":37.0,"gold_loss":0.0,"damage_taken":0.0,"relics_obtained":["SsserpentHead"]}],"is_beta":false,"boss_relics":[{"not_picked":["Lizard Tail","Runic Pyramid"],"picked":"Ring of the Serpent"},{"not_picked":["Black Star","Snecko Eye"],"picked":"Coffee Dripper"}],"items_purged_floors":[42],"is_endless":false,"potions_floor_spawned":[1,7,8,16,18,22,33,35,39,48],"ascension_level":3}