{"path_per_floor":["M","M","M","?","M","R","E","M","T","E","R","M","E","$","R","B",null,"M","?","M","M","M","R","M","E","T","$","?","M","?","M","R","B",null,"M","M","?","M","M","E","?","M","T","E","$","R","?","M","R","B"],"character_chosen":"THE_SILENT","items_purchased":["Infinite Blades","Snake Skull"],"gold_per_floor":[116,133,153,103,115,115,146,163,218,243,243,257,287,138,138,239,239,254,179,194,205,215,215,235,265,265,21,21,32,32,45,45,140,140,159,169,169,180,198,224,224,239,239,270,145,145,145,160,160,160],"floor_reached":51,"campfire_rested":4,"playtime":4486,"current_hp_per_floor":[70,70,70,70,70,70,45,41,41,38,38,38,14,14,35,35,70,70,70,69,63,55,55,55,24,24,24,24,24,11,11,33,18,75,75,75,75,75,75,33,33,28,28,28,28,50,41,41,63,27],"items_purged":["Defend_G","Strike_G","Strike_G"],"gold":160,"score":778,"play_id":"e14b0ef6-7526-4df4-8b71-c4d747d6702a","local_time":"20180412190636","is_prod":false,"is_daily":false,"is_ascension_mode":false,"campfire_upgraded":3,"timestamp":1523552796,"path_taken":["M","M","M","?","M","R","E","M","T","E","R","M","E","$","R","BOSS","M","?","M","M","M","R","M","E","T","$","?","?","?","M","R","BOSS","M","M","?","M","M","E","?","M","T","E","$","R","?","M","R","BOSS"],"build_version":"2018-04-05v2","purchased_purges":3,"victory":true,"master_deck":["Defend_G","Defend_G","Survivor","Neutralize+1","Cloak And Dagger","Prepared","Cloak And Dagger","Backflip","Noxious Fumes+1","Dagger Throw","Slice","After Image+1","Infinite Blades","Unload+1","Finisher+1","Slice+1","Quick Slash+1","Deflect","PiercingWail","Bouncing Flask+1","Acrobatics","Noxious Fumes","Cloak And Dagger+1","Malaise+1","Madness","Madness","Prepared+1"],"max_hp_per_floor":[70,70,70,70,70,70,70,70,70,70,70,70,70,70,70,70,70,70,70,70,70,70,70,70,70,70,70,70,70,75,75,75,75,75,75,75,75,75,75,75,75,75,75,75,75,75,75,75,75,75],"relics":["Ring of the Snake","Bottled Flame","Happy Flower","Gremlin Horn","Ninja Scroll","Astrolabe","Thread and Needle","Tingsha","Snake Skull","Sozu","Dead Branch","Omamori","Orichalcum"],"card_choices":[{"not_picked":["Bane","Outmaneuver"],"picked":"Cloak And Dagger","floor":1.0},{"not_picked":["Acrobatics","Underhanded Strike"],"picked":"Prepared","floor":2.0},{"not_picked":["Prepared","Masterful Stab"],"picked":"Cloak And Dagger","floor":3.0},{"not_picked":["Noxious Fumes","Dagger Spray"],"picked":"Backflip","floor":5.0},{"not_picked":["Glass Knife","Acrobatics"],"picked":"Noxious Fumes","floor":7.0},{"not_picked":["Expertise","Calculated Gamble"],"picked":"Dagger Throw","floor":8.0},{"not_picked":["Bane","Concentrate"],"picked":"Slice","floor":10.0},{"not_picked":["Finisher","Choke"],"picked":"After Image","floor":13.0},{"not_picked":["Cloak And Dagger","Dagger Throw"],"picked":"Slice","floor":18.0},{"not_picked":["Dagger Throw","Well Laid Plans"],"picked":"Quick Slash","floor":21.0},{"not_picked":["Riddle With Holes","Flying Knee"],"picked":"Accuracy","floor":22.0},{"not_picked":["Poisoned Stab","Backflip"],"picked":"Deflect","floor":24.0},{"not_picked":["Outmaneuver","Sucker Punch"],"picked":"PiercingWail","floor":25.0},{"not_picked":["Cloak And Dagger","Crippling Poison"],"picked":"Bouncing Flask","floor":29.0},{"not_picked":["Quick Slash","Flying Knee"],"picked":"Acrobatics","floor":35.0},{"not_picked":["Deflect","Accuracy"],"picked":"Noxious Fumes","floor":38},{"not_picked":["Acrobatics","Reflex"],"picked":"Cloak And Dagger","floor":39},{"not_picked":["Backflip","Concentrate"],"picked":"Malaise","floor":44},{"not_picked":["Deflect","Deadly Poison"],"picked":"Prepared","floor":48}],"player_experience":215104,"potions_floor_usage":[],"damage_taken":[{"damage":0.0,"enemies":"Small Slimes","floor":1.0,"turns":4.0},{"damage":0.0,"enemies":"Cultist","floor":2.0,"turns":4.0},{"damage":0.0,"enemies":"Jaw Worm","floor":3.0,"turns":6.0},{"damage":0.0,"enemies":"Blue Slaver","floor":5.0,"turns":5.0},{"damage":25.0,"enemies":"Gremlin Nob","floor":7.0,"turns":6.0},{"damage":4.0,"enemies":"Exordium Wildlife","floor":8.0,"turns":5.0},{"damage":3.0,"enemies":"Lagavulin","floor":10.0,"turns":7.0},{"damage":0.0,"enemies":"2 Fungi Beasts","floor":12.0,"turns":3.0},{"damage":24.0,"enemies":"Gremlin Nob","floor":13.0,"turns":5.0},{"damage":0.0,"enemies":"Slime Boss","floor":16.0,"turns":9.0},{"damage":0.0,"enemies":"3 Byrds","floor":18.0,"turns":4.0},{"damage":1.0,"enemies":"2 Thieves","floor":20.0,"turns":2.0},{"damage":6.0,"enemies":"Snecko","floor":21.0,"turns":6.0},{"damage":8.0,"enemies":"3 Cultists","floor":22.0,"turns":5.0},{"damage":0.0,"enemies":"Chosen and Byrds","floor":24.0,"turns":4.0},{"damage":31.0,"enemies":"Gremlin Leader","floor":25.0,"turns":5.0},{"damage":0.0,"enemies":"Centurion and Healer","floor":29.0,"turns":5.0},{"damage":0.0,"enemies":"Snake Plant","floor":31.0,"turns":4.0},{"damage":15.0,"enemies":"Champ","floor":33.0,"turns":8.0},{"damage":0.0,"enemies":"Orb Walker","floor":35.0,"turns":3.0},{"damage":0.0,"enemies":"3 Shapes","floor":36.0,"turns":4.0},{"damage":0.0,"enemies":"3 Darklings","floor":38.0,"turns":4.0},{"damage":0,"enemies":"Maw","floor":39,"turns":6},{"damage":42,"enemies":"2 Orb Walkers","floor":40,"turns":6},{"damage":5,"enemies":"4 Shapes","floor":42,"turns":3},{"damage":0,"enemies":"Nemesis","floor":44,"turns":3},{"damage":0,"enemies":"3 Darklings","floor":48,"turns":5},{"damage":36,"enemies":"Awakened One","floor":50,"turns":17}],"event_choices":[{"event_name":"The Cleric","player_choice":"Card Removal","floor":4.0,"damage_taken":0.0},{"event_name":"Beggar","player_choice":"Gave Gold","floor":19.0,"damage_taken":0.0},{"event_name":"Vampires","player_choice":"Ignored","floor":28.0,"damage_taken":0.0},{"event_name":"Forgotten Altar","player_choice":"Shed Blood","floor":30.0,"damage_taken":0.0},{"event_name":"The Lab","player_choice":"Got Potions","floor":37.0,"damage_taken":0.0},{"event_name":"Winding Halls","player_choice":"Embrace Madness","floor":47,"damage_taken":0}],"boss_relics":[],"potions_floor_spawned":[2,5,13,16,18,21,29,35,36,44],"seed_played":"3720182736093124409","ascension_level":0,"is_trial":false}