{"gold_per_floor":[115,128,148,167,167,167,192,192,216,228,254,254,148,168,168,168],"floor_reached":16,"playtime":795,"items_purged":["Strike_B"],"score":213,"play_id":"9dbd73c9-a332-4a84-a2fa-54acf379f6f0","local_time":"20190214211832","is_ascension_mode":true,"campfire_choices":[{"data":"Zap","floor":6,"key":"SMITH"},{"floor":8,"key":"REST"},{"floor":15,"key":"REST"}],"neow_cost":"NONE","seed_source_timestamp":161673314753012,"circlet_count":0,"master_deck":["AscendersBane","Strike_B","Strike_B","Strike_B","Defend_B","Defend_B","Defend_B","Defend_B","Zap+1","Dualcast","Go for the Eyes","Coolheaded","Coolheaded","FTL","Auto Shields","Compile Driver","Cold Snap","Cold Snap","Biased Cognition"],"relics":["Cracked Core","Orichalcum","Blood Vial","Smiling Mask"],"potions_floor_usage":[7,11,16],"damage_taken":[{"damage":2,"enemies":"2 Louse","floor":1,"turns":3},{"damage":4,"enemies":"Cultist","floor":2,"turns":3},{"damage":0,"enemies":"Jaw Worm","floor":3,"turns":5},{"damage":12,"enemies":"Large Slime","floor":4,"turns":8},{"damage":28,"enemies":"Gremlin Nob","floor":7,"turns":4},{"damage":3,"enemies":"2 Fungi Beasts","floor":10,"turns":4},{"damage":19,"enemies":"Lagavulin","floor":11,"turns":10},{"damage":2,"enemies":"3 Louse","floor":14,"turns":3},{"damage":63,"enemies":"Hexaghost","floor":16,"turns":17}],"seed_played":"-8967180399546024385","potions_obtained":[{"floor":4,"key":"FocusPotion"},{"floor":7,"key":"Block Potion"},{"floor":14,"key":"SpeedPotion"}],"is_trial":false,"path_per_floor":["M","M","M","M","?","R","E","R","T","M","E","?","$","M","R","B"],"character_chosen":"DEFECT","items_purchased":["Cold Snap"],"campfire_rested":2,"item_purchase_floors":[13],"current_hp_per_floor":[69,65,65,53,53,53,25,48,48,47,30,35,35,35,59,0],"gold":168,"neow_bonus":"TEN_PERCENT_HP_BONUS","is_prod":false,"is_daily":false,"chose_seed":false,"campfire_upgraded":1,"win_rate":0,"timestamp":1550200712,"path_taken":["M","M","M","M","?","R","E","R","T","?","E","?","?","M","R","BOSS"],"build_version":"2019-01-23","purchased_purges":1,"victory":false,"max_hp_per_floor":[78,78,78,78,78,78,78,78,78,78,78,83,83,83,83,83],"card_choices":[{"not_picked":["Turbo","Steam"],"picked":"Go for the Eyes","floor":1},{"not_picked":["Ball Lightning","White Noise"],"picked":"Coolheaded","floor":2},{"not_picked":["Compile Driver","Go for the Eyes"],"picked":"Coolheaded","floor":3},{"not_picked":["Gash","Recycle"],"picked":"FTL","floor":4},{"not_picked":["Hello World","Turbo"],"picked":"Auto Shields","floor":7},{"not_picked":["Gash","Force Field"],"picked":"Compile Driver","floor":10},{"not_picked":["Hologram","Steam"],"picked":"Cold Snap","floor":11},{"not_picked":["Steam","Barrage"],"picked":"Biased Cognition","floor":14}],"player_experience":499282,"relics_obtained":[{"floor":7,"key":"Orichalcum"},{"floor":9,"key":"Blood Vial"},{"floor":11,"key":"Smiling Mask"}],"event_choices":[{"damage_healed":0,"gold_gain":0,"player_choice":"0 cards matched","damage_taken":0,"max_hp_gain":0,"max_hp_loss":0,"event_name":"Match and Keep!","floor":5,"gold_loss":0,"cards_obtained":[]},{"damage_healed":0,"gold_gain":0,"player_choice":"Donut","damage_taken":0,"max_hp_gain":5,"max_hp_loss":0,"event_name":"Big Fish","floor":12,"gold_loss":0}],"is_beta":false,"boss_relics":[],"items_purged_floors":[13],"is_endless":false,"potions_floor_spawned":[4,7,14],"killed_by":"Hexaghost","ascension_level":18}