{"gold_per_floor":[115,65,65,65,83,116,134,134,215,240,253,273,273,316,328,464,476,513,525,561,114,128,169,169,169,169,208,208,241,258,289,289,387,387,400,416,430,440,460,460,493,510,559,588,133,152,203,203,203,203,203,203,2,32,32],"floor_reached":56,"playtime":5916,"items_purged":["Strike_B","Strike_B"],"score":1387,"play_id":"cf90bbe1-5d1b-4edb-8c04-66896f894f80","local_time":"20181206232430","is_ascension_mode":false,"campfire_choices":[{"data":"Genetic Algorithm","floor":8,"key":"SMITH"},{"data":"Sunder","floor":15,"key":"SMITH"},{"data":"Echo Form","floor":25,"key":"SMITH"},{"floor":32,"key":"REST"},{"floor":40,"key":"RECALL"},{"data":"Creative AI","floor":49,"key":"SMITH"},{"data":"Glacier","floor":52,"key":"SMITH"}],"neow_cost":"NONE","seed_source_timestamp":880216929849871,"circlet_count":0,"master_deck":["Defend_B","Defend_B","Defend_B+1","Defend_B","Zap","Dualcast","Genetic Algorithm+1","Coolheaded","Sunder+1","BootSequence","Glacier+1","Leap","Self Repair","Echo Form+1","Capacitor+1","Defragment","Coolheaded+1","Enlightenment","Barrage+1","Ball Lightning","Ball Lightning+1","Creative AI+1","Barrage+1","Ball Lightning+1","White Noise+1","Sweeping Beam+1","Cold Snap+1","Defragment","Coolheaded+1","Core Surge+1","Glacier+1","Core Surge+1"],"relics":["Cracked Core","NeowsBlessing","Juzu Bracelet","Mercury Hourglass","Shuriken","Bloody Idol","MawBank","Black Star","Art of War","Kunai","Regal Pillow","Ice Cream","Pantograph","Bag of Marbles","Bottled Tornado","Toxic Egg 2","Molten Egg 2","Turnip","Coffee Dripper","Sundial","Gambling Chip","Oddly Smooth Stone","Ancient Tea Set","Gremlin Horn","Anchor","OrangePellets","Incense Burner","War Paint","Bird Faced Urn","Letter Opener"],"potions_floor_usage":[10,10,16,20,30,31,41,47,50,55,55],"damage_taken":[{"damage":0,"enemies":"Small Slimes","floor":1,"turns":1},{"damage":0,"enemies":"Jaw Worm","floor":5,"turns":1},{"damage":0,"enemies":"3 Sentries","floor":6,"turns":1},{"damage":0,"enemies":"2 Louse","floor":7,"turns":1},{"damage":10,"enemies":"Gremlin Nob","floor":10,"turns":4},{"damage":0,"enemies":"2 Fungi Beasts","floor":11,"turns":2},{"damage":0,"enemies":"3 Louse","floor":12,"turns":2},{"damage":19,"enemies":"Lagavulin","floor":14,"turns":9},{"damage":4,"enemies":"The Guardian","floor":16,"turns":17},{"damage":8,"enemies":"Spheric Guardian","floor":18,"turns":3},{"damage":27,"enemies":"3 Byrds","floor":20,"turns":6},{"damage":0,"enemies":"Sentry and Sphere","floor":22,"turns":5},{"damage":22,"enemies":"Slavers","floor":23,"turns":7},{"damage":22,"enemies":"Book of Stabbing","floor":27,"turns":6},{"damage":28,"enemies":"Gremlin Leader","floor":29,"turns":7},{"damage":13,"enemies":"Cultist and Chosen","floor":30,"turns":6},{"damage":10,"enemies":"Book of Stabbing","floor":31,"turns":5},{"damage":6,"enemies":"Champ","floor":33,"turns":11},{"damage":3,"enemies":"Orb Walker","floor":35,"turns":5},{"damage":0,"enemies":"3 Shapes","floor":36,"turns":5},{"damage":0,"enemies":"Maw","floor":37,"turns":7},{"damage":15,"enemies":"4 Shapes","floor":38,"turns":4},{"damage":13,"enemies":"3 Darklings","floor":39,"turns":4},{"damage":28,"enemies":"Reptomancer","floor":41,"turns":6},{"damage":0,"enemies":"Jaw Worm Horde","floor":42,"turns":4},{"damage":0,"enemies":"Nemesis","floor":44,"turns":7},{"damage":12,"enemies":"Maw","floor":46,"turns":6},{"damage":31,"enemies":"2 Orb Walkers","floor":47,"turns":5},{"damage":33,"enemies":"Awakened One","floor":50,"turns":9},{"damage":39,"enemies":"Shield and Spear","floor":54,"turns":6},{"damage":46,"enemies":"The Heart","floor":55,"turns":10}],"seed_played":"-2297298019305903552","potions_obtained":[{"floor":1,"key":"Block Potion"},{"floor":6,"key":"EssenceOfSteel"},{"floor":11,"key":"SkillPotion"},{"floor":16,"key":"Energy Potion"},{"floor":29,"key":"GamblersBrew"},{"floor":30,"key":"FearPotion"},{"floor":33,"key":"GamblersBrew"},{"floor":37,"key":"SteroidPotion"},{"floor":38,"key":"FearPotion"},{"floor":42,"key":"AttackPotion"}],"is_trial":false,"path_per_floor":["M","?","?","?","M","E","M","R","T","E","M","M","?","E","R","B",null,"M","$","M","$","M","E","?","R","T","E","?","E","M","E","R","B",null,"M","M","M","M","M","R","E","M","T","E","$","M","?","?","R","B",null,"R","$","E","B",null],"character_chosen":"DEFECT","items_purchased":["Defragment","Art of War","Coolheaded","Enlightenment","Anchor","OrangePellets","War Paint","Energy Potion"],"campfire_rested":1,"item_purchase_floors":[21,21,21,21,45,45,53,53],"current_hp_per_floor":[75,75,75,72,72,72,72,72,72,62,62,62,62,50,50,53,75,74,74,54,54,61,46,46,46,46,38,38,22,28,30,67,75,75,75,75,75,72,64,64,41,60,65,75,75,68,49,49,49,41,75,75,75,41,46],"gold":32,"neow_bonus":"THREE_ENEMY_KILL","is_prod":false,"is_daily":false,"chose_seed":false,"campfire_upgraded":5,"win_rate":0,"timestamp":1544160270,"path_taken":["M","?","?","?","M","E","M","R","T","E","M","M","?","E","R","BOSS","M","$","M","$","M","E","?","R","T","E","?","E","M","E","R","BOSS","M","M","M","M","M","R","E","M","T","E","$","M","?","?","R","BOSS","R","$","E","BOSS"],"build_version":"2018-12-06","purchased_purges":2,"victory":true,"max_hp_per_floor":[75,75,75,75,75,75,75,75,75,75,75,75,75,75,75,75,75,75,75,75,75,75,75,75,75,75,75,75,75,75,75,75,75,75,75,75,75,75,75,75,75,75,75,75,75,75,75,75,75,75,75,75,75,75,75],"card_choices":[{"not_picked":["Steam","Stack"],"picked":"Genetic Algorithm","floor":1},{"not_picked":["Beam Cell","Redo"],"picked":"Coolheaded","floor":5},{"not_picked":["Stack","Streamline"],"picked":"Sunder","floor":6},{"not_picked":["Conserve Battery","Tempest"],"picked":"BootSequence","floor":7},{"not_picked":["Steam","Multi-Cast"],"picked":"Glacier","floor":10},{"not_picked":["Barrage","Doom and Gloom"],"picked":"Leap","floor":11},{"not_picked":["Consume","Redo"],"picked":"Self Repair","floor":12},{"not_picked":["Steam","Skim","BootSequence"],"picked":"SKIP","floor":14},{"not_picked":["All For One","Electrodynamics"],"picked":"Echo Form","floor":16},{"not_picked":["Gash+1","Rebound","Melter+1"],"picked":"SKIP","floor":18},{"not_picked":["Leap+1","Doom and Gloom"],"picked":"Capacitor+1","floor":20},{"not_picked":["Conserve Battery","Capacitor"],"picked":"Barrage+1","floor":22},{"not_picked":["Hello World+1","Barrage"],"picked":"Ball Lightning","floor":23},{"not_picked":["Blizzard","Gash","Recycle"],"picked":"SKIP","floor":27},{"not_picked":["Redo+1","White Noise","Static Discharge"],"picked":"SKIP","floor":29},{"not_picked":["Redo+1","White Noise","Static Discharge"],"picked":"SKIP","floor":29},{"not_picked":["Compile Driver","Hologram+1"],"picked":"Ball Lightning+1","floor":30},{"not_picked":["Storm","Rebound","Force Field+1"],"picked":"SKIP","floor":31},{"not_picked":["Amplify+1","Rainbow+1"],"picked":"Creative AI","floor":33},{"not_picked":["Redo+1","Rip and Tear+1"],"picked":"Barrage+1","floor":35},{"not_picked":["Gash+1","Redo+1"],"picked":"Ball Lightning+1","floor":36},{"not_picked":["Stack+1","Redo+1"],"picked":"White Noise+1","floor":37},{"not_picked":["Chill+1","Amplify+1"],"picked":"Sweeping Beam+1","floor":38},{"not_picked":["Beam Cell+1","Compile Driver+1"],"picked":"Cold Snap+1","floor":39},{"not_picked":["FTL+1","Creative AI"],"picked":"Defragment","floor":41},{"not_picked":["Beam Cell+1","Gash+1"],"picked":"Coolheaded+1","floor":42},{"not_picked":["Rebound+1","Barrage+1"],"picked":"Core Surge+1","floor":44},{"not_picked":["Rebound+1","Redo+1","Compile Driver+1"],"picked":"SKIP","floor":46},{"not_picked":["Doom and Gloom+1","Go for the Eyes+1"],"picked":"Core Surge+1","floor":54}],"player_experience":254250,"relics_obtained":[{"floor":6,"key":"Mercury Hourglass"},{"floor":10,"key":"Shuriken"},{"floor":14,"key":"MawBank"},{"floor":23,"key":"Kunai"},{"floor":23,"key":"Regal Pillow"},{"floor":26,"key":"Ice Cream"},{"floor":27,"key":"Pantograph"},{"floor":27,"key":"Bag of Marbles"},{"floor":29,"key":"Bottled Tornado"},{"floor":29,"key":"Toxic Egg 2"},{"floor":31,"key":"Molten Egg 2"},{"floor":31,"key":"Turnip"},{"floor":41,"key":"Sundial"},{"floor":41,"key":"Gambling Chip"},{"floor":43,"key":"Oddly Smooth Stone"},{"floor":44,"key":"Ancient Tea Set"},{"floor":44,"key":"Gremlin Horn"},{"floor":47,"key":"Incense Burner"},{"floor":54,"key":"Bird Faced Urn"},{"floor":54,"key":"Letter Opener"}],"event_choices":[{"cards_removed":["Strike_B"],"damage_healed":0,"gold_gain":0,"player_choice":"Card Removal","damage_taken":0,"max_hp_gain":0,"max_hp_loss":0,"event_name":"The Cleric","floor":2,"gold_loss":50},{"cards_removed":["Strike_B"],"damage_healed":0,"gold_gain":0,"player_choice":"Forget","damage_taken":0,"max_hp_gain":0,"max_hp_loss":0,"event_name":"Living Wall","floor":3,"gold_loss":0},{"damage_healed":0,"gold_gain":0,"player_choice":"Success","damage_taken":3,"relics_obtained":["Juzu Bracelet"],"max_hp_gain":0,"max_hp_loss":0,"event_name":"Scrap Ooze","floor":4,"gold_loss":0},{"damage_healed":0,"gold_gain":0,"player_choice":"Take Wound","damage_taken":0,"relics_obtained":["Golden Idol"],"max_hp_gain":0,"max_hp_loss":0,"event_name":"Golden Idol","floor":13,"gold_loss":0,"cards_obtained":["Injury"]},{"cards_removed":["Injury"],"damage_healed":0,"gold_gain":0,"player_choice":"Elegance","damage_taken":0,"max_hp_gain":0,"max_hp_loss":0,"event_name":"Back to Basics","floor":24,"gold_loss":0},{"damage_healed":0,"gold_gain":0,"player_choice":"Gave Idol","damage_taken":0,"relics_obtained":["Bloody Idol"],"max_hp_gain":0,"max_hp_loss":0,"event_name":"Forgotten Altar","floor":28,"relics_lost":["Golden Idol"],"gold_loss":0},{"damage_healed":0,"gold_gain":0,"player_choice":"Fight","damage_taken":0,"max_hp_gain":0,"max_hp_loss":0,"event_name":"Mysterious Sphere","floor":47,"gold_loss":0},{"damage_healed":0,"gold_gain":0,"player_choice":"Copied","damage_taken":0,"max_hp_gain":0,"max_hp_loss":0,"event_name":"Duplicator","floor":48,"gold_loss":0,"cards_obtained":["Glacier"]}],"is_beta":false,"boss_relics":[{"not_picked":["Runic Dome","Calling Bell"],"picked":"Black Star"},{"not_picked":["Eternal Feather","Inserter"],"picked":"Coffee Dripper"}],"items_purged_floors":[21,45],"is_endless":false,"potions_floor_spawned":[1,6,11,16,29,30,33,37,38,42,46],"ascension_level":0}