{"gold_per_floor":[112,287,313,344,356,368,419,431,443,455,467,517,544,569,581,712,724,761,773,798,850,875,918,930,967,1031,1142,1154,1184,261,277,277,402,402,426,426,426,551,571,605,605,605],"floor_reached":42,"playtime":2935,"items_purged":["Defend_G"],"score":592,"play_id":"54a8dac3-6d9f-4ef9-89af-e849f6a31a95","local_time":"20190217115206","is_ascension_mode":true,"campfire_choices":[{"data":"Blur","floor":6.0,"key":"SMITH"},{"floor":8.0,"key":"REST"},{"data":"Deadly Poison","floor":10.0,"key":"SMITH"},{"floor":15.0,"key":"REST"},{"floor":24.0,"key":"REST"},{"floor":28.0,"key":"REST"},{"floor":32.0,"key":"REST"},{"floor":41,"key":"REST"}],"neow_cost":"NONE","seed_source_timestamp":13545191622600,"circlet_count":0,"master_deck":["Defend_G","Defend_G","Defend_G","Strike_G","Strike_G","Strike_G","Strike_G","Survivor","Neutralize+1","Blur+1","Deadly Poison+1","PiercingWail","Noxious Fumes","Catalyst","After Image","Crippling Poison","Blur+1","Flying Knee+1","Backflip","Outmaneuver","Prepared+1","Distraction+1","Escape Plan","Thinking Ahead","Flash of Steel","Deflect+1","Envenom","Outmaneuver+1","Trip","Quick Slash+1","Concentrate+1","Expertise"],"special_seed":0,"relics":["Ring of the Snake","MawBank","Golden Idol","Mummified Hand","Ice Cream","Pantograph","Tough Bandages","Empty Cage","Spirit Poop","Red Mask","Gremlin Horn","Happy Flower","Ginger","Toy Ornithopter","Cursed Key","Calipers","Gambling Chip"],"potions_floor_usage":[40],"damage_taken":[{"damage":2.0,"enemies":"Cultist","floor":1.0,"turns":4.0},{"damage":4.0,"enemies":"Jaw Worm","floor":4.0,"turns":6.0},{"damage":9.0,"enemies":"3 Sentries","floor":7.0,"turns":4.0},{"damage":3.0,"enemies":"Lagavulin","floor":12.0,"turns":10.0},{"damage":0.0,"enemies":"2 Louse","floor":13.0,"turns":2.0},{"damage":0.0,"enemies":"Looter","floor":14.0,"turns":4.0},{"damage":10.0,"enemies":"The Guardian","floor":16.0,"turns":11.0},{"damage":0.0,"enemies":"Shell Parasite","floor":18.0,"turns":6.0},{"damage":22.0,"enemies":"2 Thieves","floor":20.0,"turns":5.0},{"damage":22.0,"enemies":"Masked Bandits","floor":21.0,"turns":6.0},{"damage":8.0,"enemies":"3 Cultists","floor":22.0,"turns":6.0},{"damage":11.0,"enemies":"Slavers","floor":23.0,"turns":9.0},{"damage":2.0,"enemies":"Snecko","floor":25.0,"turns":7.0},{"damage":0.0,"enemies":"Shelled Parasite and Fungi","floor":29.0,"turns":7.0},{"damage":0.0,"enemies":"Snake Plant","floor":31.0,"turns":5.0},{"damage":2.0,"enemies":"Automaton","floor":33.0,"turns":12.0},{"damage":6.0,"enemies":"3 Darklings","floor":35.0,"turns":6.0},{"damage":6.0,"enemies":"Mind Bloom Boss Battle","floor":38.0,"turns":10.0},{"damage":1,"enemies":"3 Shapes","floor":39,"turns":4},{"damage":64,"enemies":"Giant Head","floor":40,"turns":11},{"damage":32,"enemies":"Nemesis","floor":42,"turns":9}],"seed_played":"8977306232361324863","potions_obtained":[{"floor":4.0,"key":"SkillPotion"},{"floor":7.0,"key":"Dexterity Potion"},{"floor":14.0,"key":"GamblersBrew"},{"floor":16.0,"key":"Fire Potion"},{"floor":21.0,"key":"AttackPotion"},{"floor":23.0,"key":"LiquidBronze"},{"floor":29.0,"key":"Block Potion"},{"floor":39,"key":"Poison Potion"}],"is_trial":false,"path_per_floor":["M","?","T","M","?","R","E","R","T","R","?","E","M","M","R","B",null,"M","?","M","?","M","E","R","M","T","?","R","M","$","M","R","B",null,"M","?","?","?","M","E","R","E"],"character_chosen":"THE_SILENT","items_purchased":["Ginger","Toy Ornithopter","Escape Plan","Thinking Ahead","Flash of Steel"],"campfire_rested":6,"item_purchase_floors":[30,30,30,30,30],"current_hp_per_floor":[68,68,68,64,47,47,38,59,59,59,52,49,49,49,70,60,68,68,68,46,24,16,5,26,24,24,24,45,45,45,45,66,68,70,64,64,64,64,63,4,25,0],"gold":605,"neow_bonus":"UPGRADE_CARD","is_prod":false,"is_daily":false,"chose_seed":false,"campfire_upgraded":2,"win_rate":0,"timestamp":1550400726,"path_taken":["M","?","?","M","?","R","E","R","T","R","?","E","M","M","R","BOSS","M","?","?","?","M","E","R","M","T","?","R","M","?","M","R","BOSS","M","?","?","?","M","E","R","E"],"build_version":"2019-01-23","purchased_purges":1,"victory":false,"max_hp_per_floor":[70,70,70,70,70,70,70,70,70,70,70,70,70,70,70,70,70,70,70,70,70,70,70,70,70,70,70,70,70,70,70,70,70,70,70,70,70,70,70,70,70,70],"card_choices":[{"not_picked":["Dagger Throw","Accuracy"],"picked":"Blur","floor":1.0},{"not_picked":["Acrobatics","Cloak And Dagger"],"picked":"Deadly Poison","floor":4.0},{"not_picked":["Doppelganger","Leg Sweep"],"picked":"PiercingWail","floor":7.0},{"not_picked":["Quick Slash","Riddle With Holes"],"picked":"Noxious Fumes","floor":12.0},{"not_picked":["Outmaneuver","Dagger Throw"],"picked":"Catalyst","floor":13.0},{"not_picked":["Dagger Spray","Sucker Punch"],"picked":"Quick Slash","floor":14.0},{"not_picked":["Night Terror","Adrenaline"],"picked":"After Image","floor":16.0},{"not_picked":["Backstab","Blur"],"picked":"Crippling Poison","floor":18.0},{"not_picked":["Outmaneuver","Dagger Spray+1"],"picked":"Blur+1","floor":20.0},{"not_picked":["Acrobatics","Dagger Throw"],"picked":"Flying Knee+1","floor":21.0},{"not_picked":["Choke","Dagger Spray"],"picked":"Backflip","floor":22.0},{"not_picked":["Night Terror","Riddle With Holes"],"picked":"Outmaneuver","floor":23.0},{"not_picked":["Slice","Dagger Spray+1"],"picked":"Prepared+1","floor":25.0},{"not_picked":["Acrobatics","Crippling Poison"],"picked":"Distraction+1","floor":29.0},{"not_picked":["Grand Finale","Backflip"],"picked":"Deflect+1","floor":31.0},{"not_picked":["Bullet Time","Burst"],"picked":"Envenom","floor":33.0},{"not_picked":["Terror","Blade Dance+1"],"picked":"Outmaneuver+1","floor":35.0},{"not_picked":["Jack Of All Trades","Dramatic Entrance"],"picked":"Trip","floor":37.0},{"not_picked":["Sucker Punch","Prepared+1"],"picked":"Quick Slash+1","floor":38.0},{"not_picked":["Heel Hook+1","Footwork+1"],"picked":"Concentrate+1","floor":39},{"not_picked":["Blade Dance","Dodge and Roll+1"],"picked":"Expertise","floor":40}],"player_experience":319969,"relics_obtained":[{"floor":3.0,"key":"MawBank"},{"floor":7.0,"key":"Mummified Hand"},{"floor":9.0,"key":"Ice Cream"},{"floor":12.0,"key":"Tough Bandages"},{"floor":21.0,"key":"Red Mask"},{"floor":23.0,"key":"Gremlin Horn"},{"floor":26.0,"key":"Happy Flower"},{"floor":38.0,"key":"Calipers"},{"floor":40,"key":"Gambling Chip"}],"event_choices":[{"damage_healed":0.0,"max_hp_gain":0.0,"max_hp_loss":0.0,"gold_gain":175.0,"event_name":"Liars Game","player_choice":"AGREE","floor":2.0,"gold_loss":0.0,"damage_taken":0.0,"cards_obtained":["Doubt"]},{"damage_healed":0.0,"max_hp_gain":0.0,"max_hp_loss":0.0,"gold_gain":0.0,"event_name":"Golden Idol","player_choice":"Take Damage","floor":5.0,"gold_loss":0.0,"damage_taken":17.0,"relics_obtained":["Golden Idol"]},{"damage_healed":0.0,"max_hp_gain":0.0,"max_hp_loss":0.0,"gold_gain":0.0,"event_name":"Scrap Ooze","player_choice":"Success","floor":11.0,"gold_loss":0.0,"damage_taken":7.0,"relics_obtained":["Pantograph"]},{"cards_removed":["Doubt"],"damage_healed":0.0,"max_hp_gain":0.0,"max_hp_loss":0.0,"gold_gain":0.0,"event_name":"Bonfire Elementals","player_choice":"Offered Curse","floor":19.0,"gold_loss":0.0,"damage_taken":0.0,"relics_obtained":["Spirit Poop"]},{"damage_healed":0.0,"max_hp_gain":0.0,"max_hp_loss":0.0,"gold_gain":0.0,"event_name":"Masked Bandits","player_choice":"Fought Bandits","floor":21.0,"gold_loss":0.0,"damage_taken":0.0},{"damage_healed":0.0,"max_hp_gain":0.0,"max_hp_loss":0.0,"gold_gain":99.0,"event_name":"Nest","player_choice":"Stole From Cult","floor":27.0,"gold_loss":0.0,"damage_taken":0.0},{"cards_removed":["Quick Slash"],"damage_healed":0.0,"max_hp_gain":0.0,"max_hp_loss":0.0,"gold_gain":0.0,"event_name":"Falling","player_choice":"Removed Attack","floor":36.0,"gold_loss":0.0,"damage_taken":0.0},{"damage_healed":0.0,"max_hp_gain":0.0,"max_hp_loss":0.0,"gold_gain":0.0,"event_name":"SensoryStone","player_choice":"Memory 1","floor":37.0,"gold_loss":0.0,"damage_taken":0.0},{"damage_healed":0.0,"max_hp_gain":0.0,"max_hp_loss":0.0,"gold_gain":0.0,"event_name":"MindBloom","player_choice":"Fight","floor":38.0,"gold_loss":0.0,"damage_taken":0.0}],"is_beta":false,"boss_relics":[{"not_picked":["Tiny House","Pandora\u0027s Box"],"picked":"Empty Cage"},{"not_picked":["Busted Crown","Coffee Dripper"],"picked":"Cursed Key"}],"items_purged_floors":[30],"is_endless":false,"potions_floor_spawned":[4,7,14,16,21,23,29,39],"killed_by":"Nemesis","ascension_level":5}