{"gold_per_floor":[117,42,42,7,7,7,39,39,39,58,58,76,76,92,92,92],"floor_reached":16,"playtime":316,"items_purged":["Defend_G"],"score":240,"play_id":"2cde1c59-6e10-4309-b0ff-16f1f621a122","local_time":"20190305222241","is_ascension_mode":true,"campfire_choices":[{"data":"Dodge and Roll","floor":6,"key":"SMITH"},{"data":"PiercingWail","floor":11,"key":"SMITH"},{"data":"Quick Slash","floor":15,"key":"SMITH"}],"neow_cost":"NONE","seed_source_timestamp":579157648952936,"circlet_count":0,"master_deck":["AscendersBane","Defend_G","Defend_G","Defend_G","Strike_G","Strike_G","Strike_G","Strike_G+1","Strike_G+1","Survivor","Neutralize","Dodge and Roll+1","Cloak And Dagger","PiercingWail+1","Quick Slash+1"],"relics":["Ring of the Snake","NeowsBlessing","Nunchaku","Mummified Hand","Bag of Preparation","Pear"],"potions_floor_usage":[16],"damage_taken":[{"damage":0,"enemies":"Cultist","floor":1,"turns":1},{"damage":0,"enemies":"Lagavulin","floor":7,"turns":1},{"damage":0,"enemies":"Jaw Worm","floor":10,"turns":1},{"damage":0,"enemies":"Small Slimes","floor":12,"turns":4},{"damage":0,"enemies":"3 Louse","floor":14,"turns":3},{"damage":43,"enemies":"Slime Boss","floor":16,"turns":7}],"seed_played":"-8337466022620189094","potions_obtained":[{"floor":10,"key":"Dexterity Potion"},{"floor":12,"key":"Block Potion"}],"is_trial":false,"path_per_floor":["M","$","T","?","?","R","E","?","T","M","R","M","?","M","R","B"],"character_chosen":"THE_SILENT","items_purchased":[],"campfire_rested":0,"item_purchase_floors":[],"current_hp_per_floor":[59,59,59,66,46,46,46,46,46,46,46,46,38,38,38,0],"gold":92,"neow_bonus":"THREE_ENEMY_KILL","is_prod":false,"is_daily":false,"chose_seed":false,"campfire_upgraded":3,"win_rate":0,"timestamp":1551792161,"path_taken":["M","$","?","?","?","R","E","?","T","M","R","?","?","M","R","BOSS"],"build_version":"2019-01-23","purchased_purges":1,"victory":false,"max_hp_per_floor":[66,66,66,66,66,66,66,66,66,66,66,66,76,76,76,76],"card_choices":[{"not_picked":["Deflect","Finisher"],"picked":"Dodge and Roll","floor":1},{"not_picked":["Calculated Gamble","Blade Dance"],"picked":"Cloak And Dagger","floor":7},{"not_picked":["Prepared","Dodge and Roll"],"picked":"PiercingWail","floor":10},{"not_picked":["Escape Plan","Outmaneuver"],"picked":"Quick Slash","floor":12},{"not_picked":["Deflect","Flechettes","Outmaneuver"],"picked":"SKIP","floor":14}],"player_experience":629003,"relics_obtained":[{"floor":3,"key":"Nunchaku"},{"floor":7,"key":"Mummified Hand"},{"floor":9,"key":"Bag of Preparation"}],"event_choices":[{"damage_healed":16,"gold_gain":0,"player_choice":"Healed","damage_taken":0,"max_hp_gain":0,"max_hp_loss":0,"event_name":"The Cleric","floor":4,"gold_loss":35},{"damage_healed":0,"gold_gain":0,"player_choice":"Entered Light","damage_taken":20,"max_hp_gain":0,"max_hp_loss":0,"event_name":"Shining Light","floor":5,"gold_loss":0,"cards_upgraded":["Strike_G","Strike_G"]},{"cards_removed":["Defend_G"],"damage_healed":0,"gold_gain":0,"player_choice":"Purged","damage_taken":0,"max_hp_gain":0,"max_hp_loss":0,"event_name":"Purifier","floor":8,"gold_loss":0},{"damage_healed":0,"gold_gain":0,"player_choice":"Success","damage_taken":18,"relics_obtained":["Pear"],"max_hp_gain":0,"max_hp_loss":0,"event_name":"Scrap Ooze","floor":13,"gold_loss":0}],"is_beta":false,"boss_relics":[],"items_purged_floors":[2],"is_endless":false,"potions_floor_spawned":[10,12],"killed_by":"Slime Boss","ascension_level":19}