{"gold_per_floor":[165,177,188,202,212,212,57,87,87,99,99,49,65,77,77,149,149,161,86,186,141],"floor_reached":21,"playtime":1116,"items_purged":["Strike_G"],"score":311,"play_id":"3f55968d-5f56-49da-af05-ceeabd2a0988","local_time":"20190301221329","is_ascension_mode":true,"campfire_choices":[{"data":"Dagger Spray","floor":6,"key":"SMITH"},{"data":"Footwork","floor":11,"key":"SMITH"},{"data":"Choke","floor":15,"key":"SMITH"}],"neow_cost":"NONE","seed_source_timestamp":779414160702356,"circlet_count":0,"master_deck":["AscendersBane","Defend_G","Defend_G","Defend_G","Defend_G","Defend_G","Strike_G+1","Strike_G","Survivor","Neutralize","Choke+1","Dagger Throw","Quick Slash","Dagger Spray+1","Crippling Poison","Footwork+1","Sucker Punch","Backflip","Leg Sweep","PiercingWail","Cloak And Dagger","Blade Dance","Corpse Explosion","Poisoned Stab","Blade Dance"],"relics":["Tiny House","Regal Pillow","Ice Cream","Runic Dome","The Specimen","Shuriken"],"potions_floor_usage":[4,8,13,16],"damage_taken":[{"damage":3,"enemies":"2 Louse","floor":1,"turns":3},{"damage":1,"enemies":"Small Slimes","floor":2,"turns":3},{"damage":0,"enemies":"Cultist","floor":3,"turns":3},{"damage":13,"enemies":"Blue Slaver","floor":4,"turns":6},{"damage":7,"enemies":"Looter","floor":5,"turns":5},{"damage":17,"enemies":"3 Sentries","floor":8,"turns":6},{"damage":0,"enemies":"2 Fungi Beasts","floor":10,"turns":3},{"damage":9,"enemies":"Gremlin Gang","floor":13,"turns":2},{"damage":2,"enemies":"Large Slime","floor":14,"turns":5},{"damage":13,"enemies":"The Guardian","floor":16,"turns":14},{"damage":12,"enemies":"Shell Parasite","floor":18,"turns":6},{"damage":6,"enemies":"Colosseum Slavers","floor":20,"turns":5},{"damage":31,"enemies":"Colosseum Nobs","floor":20,"turns":4},{"damage":15,"enemies":"2 Thieves","floor":21,"turns":2}],"seed_played":"2020515954483575992","potions_obtained":[{"floor":0,"key":"Regen Potion"},{"floor":1,"key":"Regen Potion"},{"floor":10,"key":"Explosive Potion"},{"floor":14,"key":"SkillPotion"}],"is_trial":false,"path_per_floor":["M","M","M","M","M","R","$","E","T","M","R","?","M","M","R","B",null,"M","?","?","M"],"character_chosen":"THE_SILENT","items_purchased":["Sucker Punch","Backflip"],"campfire_rested":0,"item_purchase_floors":[7,7],"current_hp_per_floor":[61,60,60,62,55,55,55,53,53,53,53,53,44,42,42,29,61,49,49,12,0],"gold":141,"neow_bonus":"BOSS_RELIC","is_prod":false,"is_daily":false,"chose_seed":false,"campfire_upgraded":3,"win_rate":0,"timestamp":1551496409,"path_taken":["M","M","M","M","M","R","$","E","T","M","R","?","M","M","R","BOSS","M","?","?","M"],"build_version":"2019-01-23","purchased_purges":1,"victory":false,"max_hp_per_floor":[71,71,71,71,71,71,71,71,71,71,71,71,71,71,71,71,71,71,71,71,71],"card_choices":[{"not_picked":["Escape Plan","Well Laid Plans"],"picked":"Choke","floor":0},{"not_picked":["PiercingWail","Dodge and Roll"],"picked":"Dagger Throw","floor":1},{"not_picked":["Bane","All Out Attack"],"picked":"Quick Slash","floor":2},{"not_picked":["Outmaneuver","Dodge and Roll"],"picked":"Dagger Spray","floor":3},{"not_picked":["Riddle With Holes","Acrobatics"],"picked":"Crippling Poison","floor":4},{"not_picked":["Escape Plan","Distraction"],"picked":"Footwork","floor":5},{"not_picked":["Envenom","Poisoned Stab"],"picked":"Leg Sweep","floor":8},{"not_picked":["Sucker Punch","Dagger Throw"],"picked":"PiercingWail","floor":10},{"not_picked":["Riddle With Holes","Expertise"],"picked":"Cloak And Dagger","floor":13},{"not_picked":["Bane","Cloak And Dagger"],"picked":"Blade Dance","floor":14},{"not_picked":["Wraith Form v2","Burst"],"picked":"Corpse Explosion","floor":16},{"not_picked":["Caltrops","Masterful Stab"],"picked":"Poisoned Stab","floor":18},{"not_picked":["Predator","Dagger Spray"],"picked":"Blade Dance","floor":20}],"player_experience":763174,"relics_obtained":[{"floor":8,"key":"Regal Pillow"},{"floor":9,"key":"Ice Cream"},{"floor":20,"key":"The Specimen"},{"floor":20,"key":"Shuriken"}],"event_choices":[{"cards_removed":["Strike_G"],"damage_healed":0,"gold_gain":0,"player_choice":"Card Removal","damage_taken":0,"max_hp_gain":0,"max_hp_loss":0,"event_name":"The Cleric","floor":12,"gold_loss":50},{"cards_removed":["Strike_G"],"damage_healed":0,"gold_gain":0,"player_choice":"Gave Gold","damage_taken":0,"max_hp_gain":0,"max_hp_loss":0,"event_name":"Beggar","floor":19,"gold_loss":75},{"damage_healed":0,"gold_gain":0,"player_choice":"Fight","damage_taken":0,"max_hp_gain":0,"max_hp_loss":0,"event_name":"Colosseum","floor":20,"gold_loss":0},{"damage_healed":0,"gold_gain":0,"player_choice":"Fought Nobs","damage_taken":0,"max_hp_gain":0,"max_hp_loss":0,"event_name":"Colosseum","floor":20,"gold_loss":0}],"is_beta":false,"boss_relics":[{"not_picked":["White Beast Statue","Calling Bell"],"picked":"Runic Dome"}],"items_purged_floors":[7],"is_endless":false,"potions_floor_spawned":[1,3,10,14],"killed_by":"2 Thieves","ascension_level":14}