{"gold_per_floor":[110,129,129,139,153,184,184,198,221,221,252,264,299,310,310,310],"floor_reached":16,"playtime":1930,"items_purged":[],"score":124,"play_id":"f8934a95-b15e-4023-b2a4-45a72ec92403","local_time":"20180925064445","is_ascension_mode":false,"campfire_choices":[{"floor":7,"key":"REST"},{"data":"Heavy Blade","floor":10,"key":"SMITH"},{"floor":15,"key":"REST"}],"neow_cost":"","seed_source_timestamp":74114940114424,"circlet_count":0,"master_deck":["Strike_R","Strike_R","Strike_R","Strike_R","Defend_R","Defend_R","Defend_R","Defend_R","Bash","Heavy Blade+1","Headbutt","Inflame","Pummel","Bloodletting","Carnage","Twin Strike","Shrug It Off"],"relics":["Burning Blood","Anchor","Strawberry","Potion Belt","Ancient Tea Set"],"potions_floor_usage":[6,13,13],"damage_taken":[{"damage":5,"enemies":"Jaw Worm","floor":1,"turns":5},{"damage":10,"enemies":"Small Slimes","floor":2,"turns":3},{"damage":7,"enemies":"2 Louse","floor":4,"turns":3},{"damage":21,"enemies":"Lots of Slimes","floor":5,"turns":5},{"damage":54,"enemies":"Lagavulin","floor":6,"turns":6},{"damage":0,"enemies":"3 Louse","floor":8,"turns":4},{"damage":27,"enemies":"Gremlin Nob","floor":11,"turns":4},{"damage":0,"enemies":"Exordium Wildlife","floor":12,"turns":2},{"damage":20,"enemies":"3 Sentries","floor":13,"turns":6},{"damage":3,"enemies":"Lots of Slimes","floor":14,"turns":4},{"damage":49,"enemies":"Hexaghost","floor":16,"turns":9}],"seed_played":"4069791398137650922","potions_obtained":[{"floor":5,"key":"Explosive Potion"},{"floor":6,"key":"SkillPotion"},{"floor":8,"key":"AttackPotion"}],"is_trial":false,"path_per_floor":["M","M","?","M","M","E","R","M","T","R","E","M","E","M","R"],"character_chosen":"IRONCLAD","items_purchased":[],"campfire_rested":2,"item_purchase_floors":[],"current_hp_per_floor":[80,76,76,75,60,12,36,42,49,49,28,34,20,23,49,0],"gold":310,"neow_bonus":"","is_prod":false,"is_daily":false,"chose_seed":false,"campfire_upgraded":1,"win_rate":0,"timestamp":1537847085,"path_taken":["M","M","?","M","M","E","R","M","T","R","E","M","E","M","R","BOSS"],"build_version":"2018-09-20","purchased_purges":0,"victory":false,"max_hp_per_floor":[80,80,80,80,80,80,80,80,87,87,87,87,87,87,87,87],"card_choices":[{"not_picked":["Sword Boomerang","Warcry"],"picked":"Heavy Blade","floor":1},{"not_picked":["Whirlwind","Metallicize"],"picked":"Headbutt","floor":2},{"not_picked":["Rupture","Pommel Strike","Perfected Strike"],"picked":"SKIP","floor":4},{"not_picked":["Flame Barrier","Iron Wave","Fire Breathing"],"picked":"SKIP","floor":5},{"not_picked":["Bludgeon","Headbutt"],"picked":"Inflame","floor":6},{"not_picked":["True Grit","Combust"],"picked":"Pummel","floor":8},{"not_picked":["Flex","Inflame"],"picked":"Bloodletting","floor":11},{"not_picked":["Inflame","Rampage"],"picked":"Carnage","floor":12},{"not_picked":["Havoc","Blood for Blood"],"picked":"Twin Strike","floor":13},{"not_picked":["Clothesline","Power Through"],"picked":"Shrug It Off","floor":14}],"player_experience":86735,"relics_obtained":[{"floor":6,"key":"Anchor"},{"floor":9,"key":"Strawberry"},{"floor":11,"key":"Potion Belt"},{"floor":13,"key":"Ancient Tea Set"}],"event_choices":[{"event_name":"Living Wall","player_choice":"Forget","floor":3,"damage_taken":0}],"is_beta":false,"boss_relics":[],"items_purged_floors":[],"is_endless":false,"potions_floor_spawned":[5,6,8],"killed_by":"Hexaghost","ascension_level":0}