{"gold_per_floor":[112,132,144,159,172,172,198,273,343,354,354,354,371,385,385,481,481,491,133,146,156,173,208,208,208,233,233,333,362,374,22,22,120,120,132,143,158,170,170,170,180,213,236,74,74,93,3,21,21,21,21,21,21,51,51],"floor_reached":55,"playtime":6816,"items_purged":["Defend_B","Writhe","Shame"],"score":770,"play_id":"4a8494f4-5dad-4aaa-8abf-86757daed90e","local_time":"20190203020033","is_ascension_mode":false,"campfire_choices":[{"data":"Genetic Algorithm","floor":6,"key":"SMITH"},{"data":"Streamline","floor":11,"key":"SMITH"},{"data":"Hologram","floor":15,"key":"SMITH"},{"data":"Go for the Eyes","floor":25,"key":"SMITH"},{"data":"Darkness","floor":27,"key":"SMITH"},{"floor":32,"key":"REST"},{"data":"Auto Shields","floor":40,"key":"SMITH"},{"floor":49,"key":"RECALL"},{"data":"Mind Blast","floor":52,"key":"SMITH"}],"neow_cost":"TEN_PERCENT_HP_LOSS","seed_source_timestamp":1778231788285036,"circlet_count":0,"master_deck":["Strike_B","Strike_B+1","Defend_B","Defend_B+1","Defend_B","Zap","Dualcast","Genetic Algorithm+1","Gash","Streamline+1","Go for the Eyes","FTL","Hologram+1","Core Surge","Tempest","Darkness+1","Core Surge","Hologram+1","Loop","Gash+1","Auto Shields+1","Conserve Battery+1","Go for the Eyes+1","Leap+1","Undo","Hello World+1","Electrodynamics","Self Repair","Stack+1","Seek","Parasite","Redo+1","Static Discharge+1","FTL","Mind Blast+1","Panacea","Impatience","Conserve Battery+1","Seek"],"relics":["Cracked Core","FossilizedHelix","Bag of Marbles","Meat on the Bone","Cursed Key","Chemical X","Unceasing Top","Mango","Matryoshka","Lantern","Darkstone Periapt","Nuclear Battery","Letter Opener","Art of War","Whetstone","Bottled Flame"],"potions_floor_usage":[7,16,23,28,28,42,42,50,50,50,55],"damage_taken":[{"damage":0,"enemies":"Cultist","floor":1,"turns":3},{"damage":0,"enemies":"2 Louse","floor":2,"turns":3},{"damage":0,"enemies":"Jaw Worm","floor":3,"turns":4},{"damage":0,"enemies":"Red Slaver","floor":4,"turns":5},{"damage":0,"enemies":"Blue Slaver","floor":5,"turns":4},{"damage":17,"enemies":"Gremlin Nob","floor":7,"turns":5},{"damage":0,"enemies":"2 Fungi Beasts","floor":10,"turns":2},{"damage":0,"enemies":"Red Slaver","floor":13,"turns":2},{"damage":0,"enemies":"Looter","floor":14,"turns":3},{"damage":14,"enemies":"The Guardian","floor":16,"turns":8},{"damage":4,"enemies":"3 Byrds","floor":18,"turns":3},{"damage":0,"enemies":"Spheric Guardian","floor":20,"turns":3},{"damage":10,"enemies":"Shelled Parasite and Fungi","floor":21,"turns":4},{"damage":0,"enemies":"Centurion and Healer","floor":22,"turns":8},{"damage":13,"enemies":"Book of Stabbing","floor":23,"turns":4},{"damage":13,"enemies":"Colosseum Slavers","floor":28,"turns":2},{"damage":2,"enemies":"Colosseum Nobs","floor":28,"turns":5},{"damage":29,"enemies":"Slavers","floor":29,"turns":6},{"damage":7,"enemies":"Snake Plant","floor":30,"turns":3},{"damage":41,"enemies":"Automaton","floor":33,"turns":10},{"damage":0,"enemies":"3 Shapes","floor":35,"turns":2},{"damage":5,"enemies":"3 Darklings","floor":36,"turns":5},{"damage":0,"enemies":"Maw","floor":37,"turns":7},{"damage":0,"enemies":"Transient","floor":38,"turns":5},{"damage":0,"enemies":"Writhing Mass","floor":41,"turns":4},{"damage":0,"enemies":"Reptomancer","floor":42,"turns":8},{"damage":0,"enemies":"4 Shapes","floor":46,"turns":2},{"damage":2,"enemies":"Spire Growth","floor":48,"turns":3},{"damage":85,"enemies":"Time Eater","floor":50,"turns":11},{"damage":45,"enemies":"Shield and Spear","floor":54,"turns":6},{"damage":55,"enemies":"The Heart","floor":55,"turns":8}],"seed_played":"-6559090567309400796","potions_obtained":[{"floor":2,"key":"SkillPotion"},{"floor":4,"key":"EssenceOfSteel"},{"floor":10,"key":"AttackPotion"},{"floor":13,"key":"Poison Potion"},{"floor":16,"key":"FearPotion"},{"floor":18,"key":"Explosive Potion"},{"floor":35,"key":"Regen Potion"},{"floor":37,"key":"Weak Potion"},{"floor":41,"key":"Block Potion"},{"floor":42,"key":"Fruit Juice"},{"floor":48,"key":"Ancient Potion"},{"floor":54,"key":"Block Potion"}],"is_trial":false,"path_per_floor":["M","M","M","M","M","R","E","?","T","M","R","?","M","M","R","B",null,"M","$","M","M","M","E","?","R","T","R","?","E","M","$","R","B",null,"M","M","M","M","$","R","M","E","T","$","?","M","?","M","R","B",null,"R","$","E","B"],"character_chosen":"DEFECT","items_purchased":["Chemical X","Loop","Darkstone Periapt","FTL"],"campfire_rested":1,"item_purchase_floors":[19,19,31,44],"current_hp_per_floor":[68,68,68,68,68,68,51,40,40,40,40,40,40,40,40,38,68,64,64,64,54,54,41,41,41,41,41,52,35,40,40,64,35,82,82,77,82,82,82,82,88,93,99,99,89,89,89,94,94,43,99,99,99,54,0],"gold":51,"neow_bonus":"ONE_RARE_RELIC","is_prod":false,"is_daily":false,"chose_seed":false,"campfire_upgraded":7,"win_rate":0,"timestamp":1549155633,"path_taken":["M","?","M","M","M","R","E","?","T","M","R","?","M","M","R","BOSS","M","$","M","M","M","E","?","R","T","R","?","E","M","?","R","BOSS","M","M","M","M","$","R","M","E","T","$","?","M","?","M","R","BOSS","R","$","E","BOSS"],"build_version":"2019-01-23","purchased_purges":3,"victory":false,"max_hp_per_floor":[68,68,68,68,68,68,68,68,68,68,68,68,68,68,68,68,68,68,68,68,68,68,68,68,68,68,68,82,82,82,82,82,82,82,82,82,82,82,82,82,88,93,99,99,99,99,99,99,99,99,99,99,99,99,99],"card_choices":[{"not_picked":["Compile Driver","Sweeping Beam"],"picked":"Genetic Algorithm","floor":1},{"not_picked":["Sunder","Rebound"],"picked":"Gash","floor":2},{"not_picked":["White Noise","Force Field"],"picked":"Streamline","floor":3},{"not_picked":["Coolheaded","Chill"],"picked":"Go for the Eyes","floor":4},{"not_picked":["Compile Driver","Doom and Gloom"],"picked":"FTL","floor":5},{"not_picked":["Darkness","Leap"],"picked":"Hologram","floor":7},{"not_picked":["Chill","Reinforced Body"],"picked":"Core Surge","floor":10},{"not_picked":["Turbo","Aggregate"],"picked":"Tempest","floor":13},{"not_picked":["Reprogram","Hologram"],"picked":"Darkness","floor":14},{"not_picked":["Multi-Cast","Amplify"],"picked":"Core Surge","floor":16},{"not_picked":["Skim","Reprogram"],"picked":"Hologram+1","floor":18},{"not_picked":["Steam","Hologram"],"picked":"Gash","floor":20},{"not_picked":["Turbo","Coolheaded"],"picked":"Auto Shields","floor":21},{"not_picked":["Reprogram","Cold Snap"],"picked":"Conserve Battery+1","floor":22},{"not_picked":["Ball Lightning","Rainbow"],"picked":"Go for the Eyes","floor":23},{"not_picked":["Doom and Gloom","Steam"],"picked":"Leap+1","floor":28},{"not_picked":["Sweeping Beam","Conserve Battery"],"picked":"Undo","floor":29},{"not_picked":["Turbo","Ball Lightning+1"],"picked":"Hello World+1","floor":30},{"not_picked":["Reboot","Echo Form"],"picked":"Electrodynamics","floor":33},{"not_picked":["Turbo","Cold Snap+1","Tempest"],"picked":"SKIP","floor":35},{"not_picked":["Go for the Eyes","Redo"],"picked":"Self Repair","floor":36},{"not_picked":["Beam Cell+1","Redo+1"],"picked":"Stack+1","floor":37},{"not_picked":["Turbo+1","Gash+1"],"picked":"Seek","floor":38},{"not_picked":["Sweeping Beam","Cold Snap+1"],"picked":"Redo+1","floor":41},{"not_picked":["Beam Cell","Barrage+1"],"picked":"Static Discharge+1","floor":42},{"not_picked":["Enlightenment","Forethought"],"picked":"Mind Blast","floor":45},{"not_picked":["Sadistic Nature","Blind"],"picked":"Panacea","floor":45},{"not_picked":["Mind Blast","Enlightenment"],"picked":"Impatience","floor":45},{"not_picked":["Leap+1","Barrage+1"],"picked":"Conserve Battery+1","floor":46},{"not_picked":["Go for the Eyes","Streamline","Compile Driver"],"picked":"SKIP","floor":48},{"not_picked":["Barrage+1","Steam Power+1"],"picked":"Seek","floor":54}],"player_experience":175672,"relics_obtained":[{"floor":7,"key":"Bag of Marbles"},{"floor":9,"key":"Meat on the Bone"},{"floor":23,"key":"Unceasing Top"},{"floor":28,"key":"Mango"},{"floor":28,"key":"Matryoshka"},{"floor":29,"key":"Lantern"},{"floor":42,"key":"Letter Opener"},{"floor":43,"key":"Art of War"},{"floor":43,"key":"Whetstone"},{"floor":54,"key":"Bottled Flame"}],"event_choices":[{"damage_healed":0,"gold_gain":75,"player_choice":"Gather Gold","damage_taken":11,"max_hp_gain":0,"max_hp_loss":0,"event_name":"World of Goop","floor":8,"gold_loss":0},{"cards_removed":["Strike_B"],"damage_healed":0,"gold_gain":0,"player_choice":"Offered Basic","damage_taken":0,"max_hp_gain":0,"max_hp_loss":0,"event_name":"Bonfire Elementals","floor":12,"gold_loss":0},{"damage_healed":0,"gold_gain":0,"player_choice":"Ignored","damage_taken":0,"max_hp_gain":0,"max_hp_loss":0,"event_name":"Ghosts","floor":24,"gold_loss":0},{"damage_healed":0,"gold_gain":0,"player_choice":"Fight","damage_taken":0,"max_hp_gain":0,"max_hp_loss":0,"event_name":"Colosseum","floor":28,"gold_loss":0},{"damage_healed":0,"gold_gain":0,"player_choice":"Fought Nobs","damage_taken":0,"max_hp_gain":0,"max_hp_loss":0,"event_name":"Colosseum","floor":28,"gold_loss":0},{"damage_healed":0,"gold_gain":0,"player_choice":"Memory 3","damage_taken":10,"max_hp_gain":0,"max_hp_loss":0,"event_name":"SensoryStone","floor":45,"gold_loss":0},{"cards_removed":["Strike_B"],"damage_healed":0,"gold_gain":0,"player_choice":"Upgrade and Remove","damage_taken":0,"max_hp_gain":0,"max_hp_loss":0,"event_name":"Designer","floor":47,"gold_loss":90,"cards_upgraded":["Defend_B"]}],"is_beta":false,"boss_relics":[{"not_picked":["Fusion Hammer","Coffee Dripper"],"picked":"Cursed Key"},{"not_picked":["Calling Bell","Pandora\u0027s Box"],"picked":"Nuclear Battery"}],"items_purged_floors":[19,31,44],"is_endless":false,"potions_floor_spawned":[2,4,10,13,16,18,21,22,35,37,41,42,48,54],"killed_by":"The Heart","ascension_level":0}