{"gold_per_floor":[109,109,120,295,306,331,344,344,369,369,369,384,395,410,410,510,510,530,530,545,147,147],"floor_reached":22,"playtime":1320,"items_purged":["Strike_B"],"score":207,"play_id":"7d62fd81-6fe0-478f-85d3-91db74d48e67","local_time":"20181104215356","is_ascension_mode":true,"campfire_choices":[{"floor":8,"key":"REST"},{"data":"Defragment","floor":10,"key":"SMITH"},{"floor":15,"key":"REST"}],"neow_cost":"NONE","seed_source_timestamp":1403918911974470,"circlet_count":0,"master_deck":["Strike_B","Strike_B","Strike_B","Defend_B","Defend_B","Defend_B","Defend_B","Zap","Dualcast","Defragment+1","Compile Driver","Self Repair","Reinforced Body","White Noise","Self Repair","Undo","Coolheaded","Creative AI","Coolheaded","Conserve Battery","Ball Lightning","Barrage","Undo","Turbo","White Noise","Capacitor"],"relics":["Cracked Core","NeowsBlessing","WarpedTongs","Oddly Smooth Stone","Regal Pillow","Pen Nib","Orrery","Singing Bowl"],"potions_floor_usage":[6],"damage_taken":[{"damage":0,"enemies":"Jaw Worm","floor":1,"turns":1},{"damage":1,"enemies":"Cultist","floor":3,"turns":1},{"damage":2,"enemies":"2 Louse","floor":5,"turns":1},{"damage":60,"enemies":"Gremlin Nob","floor":6,"turns":6},{"damage":9,"enemies":"2 Fungi Beasts","floor":7,"turns":4},{"damage":28,"enemies":"Exordium Thugs","floor":12,"turns":5},{"damage":27,"enemies":"Large Slime","floor":13,"turns":7},{"damage":14,"enemies":"Looter","floor":14,"turns":4},{"damage":30,"enemies":"The Guardian","floor":16,"turns":10},{"damage":38,"enemies":"3 Byrds","floor":18,"turns":7},{"damage":17,"enemies":"Spheric Guardian","floor":20,"turns":4},{"damage":57,"enemies":"3 Cultists","floor":22,"turns":5}],"seed_played":"8538453375147933182","potions_obtained":[{"floor":5,"key":"Fruit Juice"},{"floor":6,"key":"LiquidBronze"},{"floor":7,"key":"Strength Potion"},{"floor":16,"key":"LiquidBronze"},{"floor":20,"key":"EssenceOfSteel"}],"is_trial":false,"path_per_floor":["M","?","M","?","M","E","M","R","T","R","?","M","M","M","R","B",null,"M","?","M","$","M"],"character_chosen":"DEFECT","items_purchased":["Capacitor","Singing Bowl"],"campfire_rested":2,"item_purchase_floors":[21,21],"current_hp_per_floor":[75,75,74,74,72,27,25,49,49,49,49,28,15,11,50,27,80,62,62,52,52,0],"gold":147,"neow_bonus":"THREE_ENEMY_KILL","is_prod":false,"is_daily":false,"chose_seed":false,"campfire_upgraded":1,"win_rate":0,"timestamp":1541386436,"path_taken":["M","?","?","?","M","E","M","R","T","R","?","?","M","M","R","BOSS","M","?","M","$","M"],"build_version":"2018-11-01","purchased_purges":1,"victory":false,"max_hp_per_floor":[75,75,75,75,75,80,80,80,80,80,80,80,80,80,80,80,80,80,80,80,80,80],"card_choices":[{"not_picked":["Rebound","Stack"],"picked":"Defragment","floor":1},{"not_picked":["Gash","Stack"],"picked":"Compile Driver","floor":3},{"not_picked":["Streamline","Steam"],"picked":"Self Repair","floor":5},{"not_picked":["Go for the Eyes","Rebound"],"picked":"Reinforced Body","floor":6},{"not_picked":["Chill","Steam"],"picked":"White Noise","floor":7},{"not_picked":["Reprogram","Static Discharge"],"picked":"Self Repair","floor":12},{"not_picked":["Rebound","Skim"],"picked":"Undo","floor":13},{"not_picked":["Skim","Beam Cell"],"picked":"Coolheaded","floor":14},{"not_picked":["Seek","All For One"],"picked":"Creative AI","floor":16},{"not_picked":["Genetic Algorithm","Steam"],"picked":"Coolheaded","floor":17},{"not_picked":["Compile Driver","Melter"],"picked":"Conserve Battery","floor":17},{"not_picked":["Fission","Aggregate"],"picked":"Ball Lightning","floor":17},{"not_picked":["Hologram","Steam"],"picked":"Barrage","floor":17},{"not_picked":["Steam Power","Beam Cell"],"picked":"Undo","floor":17},{"not_picked":["Streamline","Doom and Gloom"],"picked":"Turbo","floor":18},{"not_picked":["Lockon+1","Beam Cell"],"picked":"White Noise","floor":20}],"player_experience":1035775,"relics_obtained":[{"floor":6,"key":"Oddly Smooth Stone"},{"floor":9,"key":"Regal Pillow"}],"event_choices":[{"damage_healed":0,"gold_gain":0,"player_choice":"Rummage","damage_taken":0,"relics_obtained":["WarpedTongs"],"max_hp_gain":0,"max_hp_loss":0,"event_name":"Accursed Blacksmith","floor":2,"gold_loss":0,"cards_obtained":["Pain"]},{"damage_healed":0,"gold_gain":175,"player_choice":"AGREE","damage_taken":0,"max_hp_gain":0,"max_hp_loss":0,"event_name":"Liars Game","floor":4,"gold_loss":0,"cards_obtained":["Doubt"]},{"damage_healed":0,"gold_gain":0,"player_choice":"Gave Potion","damage_taken":0,"relics_obtained":["Pen Nib"],"max_hp_gain":0,"max_hp_loss":0,"event_name":"WeMeetAgain","floor":11,"gold_loss":0},{"cards_removed":["Doubt","Pain"],"damage_healed":0,"gold_gain":0,"player_choice":"Removed Curses","damage_taken":0,"max_hp_gain":0,"max_hp_loss":0,"event_name":"Fountain of Cleansing","floor":19,"gold_loss":0}],"is_beta":false,"boss_relics":[{"not_picked":["Coffee Dripper","White Beast Statue"],"picked":"Orrery"}],"items_purged_floors":[21],"is_endless":false,"potions_floor_spawned":[5,6,7,16,20],"killed_by":"3 Cultists","ascension_level":2}