{"path_per_floor":["M","M","$","M","?","E","R","M","T","E","M","R","?","E","R","B",null,"M","M","?","M","$","R","$","?","T","M","E","R","?","E","R","B",null,"M","?","?","M","?","R","$","?","T","$","E","M","R","M","R"],"character_chosen":"IRONCLAD","items_purchased":["Bag of Preparation","Kunai","Ginger"],"gold_per_floor":[119,129,54,72,22,54,54,71,71,98,114,114,189,218,218,295,295,309,328,328,338,338,338,92,292,316,334,360,360,360,389,389,462,462,479,479,532,545,545,545,296,296,296,0,65,83,83,98,98,98],"floor_reached":50,"campfire_rested":2,"playtime":3695,"item_purchase_floors":[24,41,44],"current_hp_per_floor":[65,74,74,83,83,70,70,77,77,65,70,70,59,55,55,33,83,88,92,73,58,58,58,58,58,58,45,63,63,63,52,52,17,66,72,72,22,40,62,62,62,64,64,64,54,38,68,67,98,0],"items_purged":["Clumsy","Defend_R"],"gold":98,"score":944,"play_id":"92b86e50-9b6b-4950-a32d-5a8d146db82c","local_time":"20180520034657","is_prod":false,"is_daily":false,"chose_seed":false,"is_ascension_mode":true,"campfire_upgraded":7,"timestamp":1526802417,"campfire_choices":[{"data":"Iron Wave","floor":7,"key":"SMITH"},{"data":"Disarm","floor":12,"key":"SMITH"},{"data":"Battle Trance","floor":15,"key":"SMITH"},{"data":"Spot Weakness","floor":23,"key":"SMITH"},{"data":"True Grit","floor":29,"key":"SMITH"},{"data":"Sword Boomerang","floor":32,"key":"SMITH"},{"data":"Whirlwind","floor":40,"key":"SMITH"},{"floor":47,"key":"REST"},{"floor":49,"key":"REST"}],"path_taken":["M","M","$","M","?","E","R","M","T","E","M","R","?","E","R","BOSS","M","M","?","M","$","R","$","?","T","M","E","R","?","E","R","BOSS","M","?","?","M","?","R","$","?","T","$","E","M","R","M","R","BOSS"],"build_version":"2018-05-18","seed_source_timestamp":941856211566138,"purchased_purges":2,"victory":false,"master_deck":["Defend_R","Defend_R","Defend_R","Bash","AscendersBane","Feed","Battle Trance+1","Iron Wave+1","Shrug It Off","Spot Weakness+1","Thunderclap","Disarm+1","True Grit+1","Impervious","Shrug It Off","Bite","Bite","Bite","Bite","Headbutt","Headbutt","Whirlwind+1","Sword Boomerang+1","Limit Break","Battle Trance","Writhe"],"max_hp_per_floor":[78,81,81,84,84,87,87,90,90,90,93,93,93,96,96,99,99,102,105,73,76,76,76,76,76,76,76,79,79,79,82,82,82,82,85,85,87,89,89,89,89,91,91,91,96,101,101,106,106,106],"relics":["Burning Blood","Ornamental Fan","Paper Frog","Juzu Bracelet","Bottled Lightning","Sozu","Bag of Preparation","Blood Vial","Orichalcum","Singing Bowl","Philosopher\u0027s Stone","Turnip","Kunai","Bag of Marbles","Ginger","Tiny Chest"],"card_choices":[{"not_picked":["Double Tap","Fiend Fire"],"picked":"Feed","floor":0},{"not_picked":["True Grit","Iron Wave"],"picked":"Battle Trance","floor":1},{"not_picked":["Wild Strike","Bloodletting"],"picked":"Iron Wave","floor":2},{"not_picked":["Pommel Strike","Clash"],"picked":"Shrug It Off","floor":4},{"not_picked":["Wild Strike","Cleave"],"picked":"Spot Weakness","floor":6},{"not_picked":["Clothesline","Armaments"],"picked":"Thunderclap","floor":8},{"not_picked":["Uppercut","Metallicize"],"picked":"Disarm","floor":10},{"not_picked":["Berserk","Spot Weakness","Fire Breathing"],"picked":"SKIP","floor":11},{"not_picked":["Wild Strike","Iron Wave"],"picked":"True Grit","floor":14},{"not_picked":["Immolate","Bludgeon"],"picked":"Impervious","floor":16},{"not_picked":["Armaments","Flex","Reckless Charge"],"picked":"SKIP","floor":18},{"not_picked":["Inflame","Sever Soul"],"picked":"Shrug It Off","floor":19},{"not_picked":["Infernal Blade","Thunderclap","Clothesline"],"picked":"SKIP","floor":21},{"not_picked":["Carnage","Rampage"],"picked":"Headbutt","floor":27},{"not_picked":["Inflame","Reaper"],"picked":"Headbutt","floor":28},{"not_picked":["Fire Breathing","Blood for Blood"],"picked":"Sword Boomerang","floor":31},{"not_picked":["Dark Embrace","Brutality"],"picked":"Limit Break","floor":33},{"not_picked":["Flex","Infernal Blade+1"],"picked":"Battle Trance","floor":35},{"not_picked":["Headbutt","Seeing Red","Whirlwind"],"picked":"Singing Bowl","floor":37},{"not_picked":["Havoc+1","Shockwave","Blood for Blood"],"picked":"Singing Bowl","floor":38},{"not_picked":["Transmutation","Sadistic Nature","Trip"],"picked":"Singing Bowl","floor":42},{"not_picked":["Sword Boomerang+1","Battle Trance","Power Through"],"picked":"Singing Bowl","floor":45},{"not_picked":["Anger","Reckless Charge","Armaments"],"picked":"Singing Bowl","floor":46},{"not_picked":["Carnage","Warcry","Battle Trance"],"picked":"Singing Bowl","floor":48}],"player_experience":224554,"potions_floor_usage":[6,10,14,16],"damage_taken":[{"damage":12,"enemies":"Jaw Worm","floor":1,"turns":3},{"damage":0,"enemies":"2 Louse","floor":2,"turns":3},{"damage":0,"enemies":"Small Slimes","floor":4,"turns":3},{"damage":22,"enemies":"3 Sentries","floor":6,"turns":9},{"damage":2,"enemies":"Exordium Thugs","floor":8,"turns":6},{"damage":18,"enemies":"Lagavulin","floor":10,"turns":4},{"damage":4,"enemies":"Large Slime","floor":11,"turns":6},{"damage":13,"enemies":"3 Sentries","floor":14,"turns":9},{"damage":31,"enemies":"The Guardian","floor":16,"turns":11},{"damage":4,"enemies":"Chosen","floor":18,"turns":6},{"damage":5,"enemies":"Shell Parasite","floor":19,"turns":8},{"damage":38,"enemies":"3 Cultists","floor":21,"turns":7},{"damage":43,"enemies":"Cultist and Chosen","floor":27,"turns":8},{"damage":15,"enemies":"Gremlin Leader","floor":28,"turns":9},{"damage":30,"enemies":"Book of Stabbing","floor":31,"turns":5},{"damage":57,"enemies":"Champ","floor":33,"turns":9},{"damage":15,"enemies":"Orb Walker","floor":35,"turns":5},{"damage":62,"enemies":"Mysterious Sphere","floor":37,"turns":5},{"damage":0,"enemies":"Flame Bruiser 1 Orb","floor":38,"turns":5},{"damage":25,"enemies":"Nemesis","floor":45,"turns":5},{"damage":39,"enemies":"3 Darklings","floor":46,"turns":6},{"damage":24,"enemies":"4 Shapes","floor":48,"turns":6},{"damage":107,"enemies":"Donu and Deca","floor":50,"turns":6}],"relics_obtained":[{"floor":6,"key":"Ornamental Fan"},{"floor":9,"key":"Paper Frog"},{"floor":10,"key":"Juzu Bracelet"},{"floor":14,"key":"Bottled Lightning"},{"floor":26,"key":"Blood Vial"},{"floor":28,"key":"Orichalcum"},{"floor":31,"key":"Singing Bowl"},{"floor":37,"key":"Turnip"},{"floor":43,"key":"Bag of Marbles"},{"floor":45,"key":"Tiny Chest"}],"event_choices":[{"event_name":"The Cleric","player_choice":"Card Removal","floor":5,"damage_taken":0},{"event_name":"World of Goop","player_choice":"Gather Gold","floor":13,"damage_taken":0},{"event_name":"Vampires","player_choice":"Became a vampire","floor":20,"damage_taken":0},{"event_name":"The Joust","player_choice":"Bet on Owner","floor":25,"damage_taken":0},{"event_name":"The Library","player_choice":"Read","floor":30,"damage_taken":0},{"event_name":"Mysterious Sphere","player_choice":"Fight","floor":37,"damage_taken":0},{"event_name":"Winding Halls","player_choice":"Writhe","floor":39,"damage_taken":0},{"event_name":"SensoryStone","player_choice":"Memory 1","floor":42,"damage_taken":0}],"boss_relics":[{"not_picked":["Calling Bell","Ectoplasm"],"picked":"Sozu"},{"not_picked":["Snecko Eye","Black Star"],"picked":"Philosopher\u0027s Stone"}],"items_purged_floors":[3,24],"potions_floor_spawned":[1,8,10,11,19,28,31,45],"seed_played":"4365450724465320414","killed_by":"Donu and Deca","ascension_level":14,"potions_obtained":[{"floor":1,"key":"Explosive Potion"},{"floor":8,"key":"Strength Potion"},{"floor":10,"key":"Weak Potion"},{"floor":11,"key":"SkillPotion"}],"is_trial":false}