{"gold_per_floor":[116,38,38,53,63,63,63,88,88,21,31,31,50,67,67,144,144,144,144,144,69,69,69],"floor_reached":23,"playtime":1110,"items_purged":["Strike_B"],"score":367,"play_id":"b8a687b1-14e8-4040-aa51-ef6bd6d383b4","local_time":"20190210164433","is_ascension_mode":true,"campfire_choices":[{"data":"Zap","floor":6,"key":"SMITH"},{"data":"Coolheaded","floor":12,"key":"SMITH"},{"floor":15,"key":"REST"}],"neow_cost":"NONE","seed_source_timestamp":1723567050430034,"circlet_count":0,"master_deck":["AscendersBane","Strike_B+1","Strike_B","Strike_B+1","Defend_B","Defend_B","Defend_B","Defend_B","Zap+1","Dualcast","Rebound","Rip and Tear","Coolheaded+1","Leap","Sunder","Coolheaded","Self Repair","White Noise","Seek","Zap","Ball Lightning","Self Repair","Conserve Battery"],"relics":["Cracked Core","Cables","StoneCalendar","Whetstone","Symbiotic Virus","Ectoplasm"],"potions_floor_usage":[8,14,16,18],"damage_taken":[{"damage":7,"enemies":"Jaw Worm","floor":1,"turns":4},{"damage":7,"enemies":"Small Slimes","floor":4,"turns":3},{"damage":0,"enemies":"Cultist","floor":5,"turns":3},{"damage":22,"enemies":"3 Sentries","floor":8,"turns":7},{"damage":2,"enemies":"3 Louse","floor":11,"turns":2},{"damage":16,"enemies":"Exordium Wildlife","floor":13,"turns":3},{"damage":6,"enemies":"Exordium Thugs","floor":14,"turns":2},{"damage":6,"enemies":"The Guardian","floor":16,"turns":9},{"damage":12,"enemies":"Spheric Guardian","floor":18,"turns":4},{"damage":20,"enemies":"3 Byrds","floor":20,"turns":4},{"damage":31,"enemies":"Shelled Parasite and Fungi","floor":22,"turns":6},{"damage":36,"enemies":"Slavers","floor":23,"turns":2}],"seed_played":"-7090492094418815015","potions_obtained":[{"floor":0,"key":"AttackPotion"},{"floor":0,"key":"Regen Potion"},{"floor":11,"key":"FocusPotion"},{"floor":16,"key":"Block Potion"},{"floor":22,"key":"SteroidPotion"}],"is_trial":false,"path_per_floor":["M","$","?","M","M","R","T","E","T","?","M","R","M","M","R","B",null,"M","?","M","$","M","E"],"character_chosen":"DEFECT","items_purchased":["Rip and Tear"],"campfire_rested":1,"item_purchase_floors":[2],"current_hp_per_floor":[57,57,52,45,45,45,45,38,38,38,36,36,20,21,42,43,64,59,59,46,46,29,0],"gold":69,"neow_bonus":"THREE_SMALL_POTIONS","is_prod":false,"is_daily":false,"chose_seed":false,"campfire_upgraded":2,"win_rate":0,"timestamp":1549838673,"path_taken":["M","$","?","M","M","R","?","E","T","?","M","R","M","?","R","BOSS","M","?","M","?","M","E"],"build_version":"2019-01-23","purchased_purges":1,"victory":false,"max_hp_per_floor":[71,71,71,71,71,71,71,71,71,71,71,71,71,71,71,71,71,71,71,71,71,71,71],"card_choices":[{"not_picked":["Aggregate","Static Discharge"],"picked":"Rebound","floor":1},{"not_picked":["Melter","Streamline"],"picked":"Coolheaded","floor":4},{"not_picked":["Go for the Eyes","Undo"],"picked":"Leap","floor":5},{"not_picked":["Thunder Strike","Coolheaded"],"picked":"Sunder","floor":8},{"not_picked":["Go for the Eyes","Hello World"],"picked":"Coolheaded","floor":11},{"not_picked":["Redo","Streamline"],"picked":"Self Repair","floor":13},{"not_picked":["Genetic Algorithm","Force Field"],"picked":"White Noise","floor":14},{"not_picked":["Meteor Strike","Reboot"],"picked":"Seek","floor":16},{"not_picked":["Redo+1","Rebound","Reprogram"],"picked":"SKIP","floor":18},{"not_picked":["Consume","Melter"],"picked":"Self Repair","floor":20},{"not_picked":["Darkness+1","Storm+1"],"picked":"Conserve Battery","floor":22}],"player_experience":493690,"relics_obtained":[{"floor":7,"key":"StoneCalendar"},{"floor":8,"key":"Whetstone"},{"floor":9,"key":"Symbiotic Virus"}],"event_choices":[{"damage_healed":0,"gold_gain":0,"player_choice":"Success","damage_taken":5,"relics_obtained":["Cables"],"max_hp_gain":0,"max_hp_loss":0,"event_name":"Scrap Ooze","floor":3,"gold_loss":0},{"damage_healed":0,"gold_gain":0,"player_choice":"Left Gold","damage_taken":0,"max_hp_gain":0,"max_hp_loss":0,"event_name":"World of Goop","floor":10,"gold_loss":67},{"damage_healed":0,"gold_gain":0,"player_choice":"2 cards matched","damage_taken":0,"max_hp_gain":0,"max_hp_loss":0,"event_name":"Match and Keep!","floor":19,"gold_loss":0,"cards_obtained":["Zap","Ball Lightning"]}],"is_beta":false,"boss_relics":[{"not_picked":["Runic Dome","Cursed Key"],"picked":"Ectoplasm"}],"items_purged_floors":[21],"is_endless":false,"potions_floor_spawned":[5,11,13,16,22],"killed_by":"Slavers","ascension_level":18}