{"gold_per_floor":[110,110,130,130,148,148,189,223,250,250,268,268,292,313,313,437,437,455,470,484,499,414,414,438,438,438,452,551,551],"floor_reached":29,"playtime":2740,"items_purged":[],"score":227,"play_id":"1d27e2fa-a543-41c9-b579-a1e5f1b4833c","local_time":"20180922004230","is_ascension_mode":false,"campfire_choices":[{"data":"Twin Strike","floor":6,"key":"SMITH"},{"floor":12,"key":"REST"},{"floor":15,"key":"REST"},{"floor":23,"key":"REST"},{"floor":25,"key":"REST"}],"neow_cost":"","seed_source_timestamp":116990829169940,"circlet_count":0,"master_deck":["Strike_R","Strike_R","Strike_R","Strike_R","Defend_R","Defend_R","Defend_R","Anger","Twin Strike+1","Demon Form","Twin Strike","Flex","Armaments","Perfected Strike","Double Tap","Infernal Blade+1","Uppercut+1","Dropkick+1","Feel No Pain","True Grit","Metallicize","Headbutt"],"relics":["Burning Blood","Golden Idol","Juzu Bracelet","Odd Mushroom","Anchor","Astrolabe","Blood Vial","PreservedInsect","Bronze Scales"],"potions_floor_usage":[20,21,21,29],"damage_taken":[{"damage":2,"enemies":"2 Louse","floor":1,"turns":3},{"damage":7,"enemies":"Small Slimes","floor":3,"turns":4},{"damage":1,"enemies":"Cultist","floor":5,"turns":4},{"damage":39,"enemies":"3 Sentries","floor":7,"turns":9},{"damage":22,"enemies":"The Mushroom Lair","floor":8,"turns":5},{"damage":2,"enemies":"2 Fungi Beasts","floor":11,"turns":4},{"damage":5,"enemies":"3 Louse","floor":13,"turns":4},{"damage":11,"enemies":"Large Slime","floor":14,"turns":4},{"damage":35,"enemies":"Hexaghost","floor":16,"turns":8},{"damage":28,"enemies":"Spheric Guardian","floor":18,"turns":5},{"damage":10,"enemies":"Chosen","floor":19,"turns":5},{"damage":21,"enemies":"Shelled Parasite and Fungi","floor":20,"turns":9},{"damage":23,"enemies":"Snake Plant","floor":21,"turns":5},{"damage":30,"enemies":"Centurion and Healer","floor":27,"turns":7},{"damage":53,"enemies":"Shelled Parasite and Fungi","floor":29,"turns":5}],"seed_played":"3683265534950163037","potions_obtained":[{"floor":7,"key":"Strength Potion"},{"floor":8,"key":"Block Potion"},{"floor":11,"key":"PowerPotion"},{"floor":14,"key":"SpeedPotion"},{"floor":20,"key":"Swift Potion"},{"floor":27,"key":"SneckoOil"}],"is_trial":false,"path_per_floor":["M","?","M","?","M","R","E","?","T","?","M","R","M","M","R","B",null,"M","M","M","M","?","R","T","R","T","M","?"],"character_chosen":"IRONCLAD","items_purchased":[],"campfire_rested":4,"item_purchase_floors":[],"current_hp_per_floor":[80,60,59,59,64,64,31,15,15,15,19,43,44,39,63,34,80,58,54,39,22,22,46,46,70,70,48,48,0],"gold":551,"neow_bonus":"","is_prod":false,"is_daily":false,"chose_seed":false,"campfire_upgraded":1,"win_rate":0.0,"timestamp":1537566150,"path_taken":["M","?","M","?","M","R","E","?","T","?","M","R","M","M","R","BOSS","M","M","M","M","?","R","?","R","T","M","?","M"],"build_version":"2018-09-20","purchased_purges":0,"victory":false,"max_hp_per_floor":[80,80,80,80,80,80,80,80,80,80,80,80,80,80,80,80,80,80,80,80,80,80,80,80,80,80,80,80,80],"card_choices":[{"not_picked":["Clash","Body Slam"],"picked":"Anger","floor":1},{"not_picked":["Reckless Charge","Body Slam"],"picked":"Twin Strike","floor":3},{"not_picked":["Clash","Thunderclap","Burning Pact"],"picked":"SKIP","floor":5},{"not_picked":["Reckless Charge","Pommel Strike"],"picked":"Demon Form","floor":7},{"not_picked":["Hemokinesis","True Grit"],"picked":"Twin Strike","floor":8},{"not_picked":["Reckless Charge","Twin Strike"],"picked":"Flex","floor":11},{"not_picked":["Thunderclap","Flex"],"picked":"Armaments","floor":13},{"not_picked":["Sword Boomerang","Pommel Strike"],"picked":"Perfected Strike","floor":14},{"not_picked":["Demon Form","Berserk"],"picked":"Double Tap","floor":16},{"not_picked":["Whirlwind","Uppercut"],"picked":"Feel No Pain","floor":18},{"not_picked":["Cleave","Sword Boomerang"],"picked":"True Grit","floor":19},{"not_picked":["Shrug It Off","Cleave+1"],"picked":"Metallicize","floor":20},{"not_picked":["Intimidate","Anger+1"],"picked":"Headbutt","floor":21},{"not_picked":["Headbutt","Uppercut","Twin Strike"],"picked":"SKIP","floor":27}],"player_experience":12961,"relics_obtained":[{"floor":7,"key":"Juzu Bracelet"},{"floor":8,"key":"Odd Mushroom"},{"floor":9,"key":"Anchor"},{"floor":24,"key":"PreservedInsect"},{"floor":26,"key":"Bronze Scales"}],"event_choices":[{"event_name":"Golden Idol","player_choice":"Take Damage","floor":2,"damage_taken":0},{"event_name":"Liars Game","player_choice":"disagreed","floor":4,"damage_taken":0},{"event_name":"Mushrooms","player_choice":"Fought Mushrooms","floor":8,"damage_taken":0},{"event_name":"Shining Light","player_choice":"Ignored","floor":10,"damage_taken":0},{"event_name":"Addict","player_choice":"Obtained Relic","floor":22,"damage_taken":0},{"event_name":"Nest","player_choice":"Stole From Cult","floor":28,"damage_taken":0}],"is_beta":false,"boss_relics":[{"not_picked":["Empty Cage","Runic Cube"],"picked":"Astrolabe"}],"items_purged_floors":[],"is_endless":false,"potions_floor_spawned":[7,8,11,14,16,19,20,27],"killed_by":"Shelled Parasite and Fungi","ascension_level":0}