{"gold_per_floor":[119,119,135,58,75,110,60,86,86,86,86,86,86,100,100,197,197,216,19,19,30,44,44,77,77,77,77,53,81,6,26,26,128,128,148,148,160,72,87,87,101,101],"floor_reached":42,"playtime":2902,"items_purged":["Decay"],"score":533,"play_id":"ad11cb50-433f-4a2d-9a33-98582e9c9093","local_time":"20190216193359","is_ascension_mode":true,"campfire_choices":[{"floor":10,"key":"REST"},{"floor":12,"key":"REST"},{"data":"Noxious Fumes","floor":15,"key":"SMITH"},{"floor":23,"key":"REST"},{"data":"Footwork","floor":25,"key":"SMITH"},{"floor":27,"key":"DIG"},{"floor":32,"key":"REST"},{"data":"After Image","floor":40,"key":"SMITH"}],"neow_cost":"NONE","seed_source_timestamp":1118968068822780,"circlet_count":0,"master_deck":["Defend_G","Defend_G","Defend_G","Defend_G","Strike_G","Strike_G","Strike_G","Strike_G","Survivor","Neutralize+1","Dagger Throw","Flying Knee","Well Laid Plans","Underhanded Strike+1","PiercingWail","Backflip","Catalyst","Noxious Fumes+1","Doppelganger","Footwork+1","Flying Knee+1","Blade Dance","Blade Dance","Acrobatics","Tactician+1","Terror+1","After Image+1","Caltrops+1","Flash of Steel","Dodge and Roll+1","Blind","Bouncing Flask+1","Deflect"],"relics":["Ring of the Serpent","Art of War","Centennial Puzzle","Ice Cream","Question Card","Runic Dome","TwistedFunnel","Kunai","Shovel","PreservedInsect","Matryoshka","Ornamental Fan"],"potions_floor_usage":[6,18,24,24,33,33,42],"damage_taken":[{"damage":0,"enemies":"Cultist","floor":1,"turns":4},{"damage":0,"enemies":"Small Slimes","floor":3,"turns":3},{"damage":0,"enemies":"2 Louse","floor":5,"turns":3},{"damage":16,"enemies":"3 Sentries","floor":6,"turns":9},{"damage":35,"enemies":"Lagavulin","floor":8,"turns":9},{"damage":4,"enemies":"Large Slime","floor":14,"turns":6},{"damage":13,"enemies":"Hexaghost","floor":16,"turns":10},{"damage":16,"enemies":"2 Thieves","floor":18,"turns":4},{"damage":4,"enemies":"Shell Parasite","floor":21,"turns":5},{"damage":32,"enemies":"Shelled Parasite and Fungi","floor":22,"turns":5},{"damage":4,"enemies":"Book of Stabbing","floor":24,"turns":5},{"damage":26,"enemies":"Gremlin Leader","floor":29,"turns":5},{"damage":6,"enemies":"3 Cultists","floor":31,"turns":5},{"damage":25,"enemies":"Champ","floor":33,"turns":14},{"damage":10,"enemies":"3 Shapes","floor":35,"turns":4},{"damage":22,"enemies":"3 Darklings","floor":37,"turns":4},{"damage":4,"enemies":"Jaw Worm Horde","floor":39,"turns":5},{"damage":25,"enemies":"Writhing Mass","floor":41,"turns":5},{"damage":19,"enemies":"Nemesis","floor":42,"turns":2}],"seed_played":"5825994743616916877","potions_obtained":[{"floor":3,"key":"Fire Potion"},{"floor":6,"key":"Swift Potion"},{"floor":8,"key":"LiquidBronze"},{"floor":14,"key":"EssenceOfSteel"},{"floor":18,"key":"Energy Potion"},{"floor":24,"key":"LiquidBronze"},{"floor":31,"key":"Regen Potion"},{"floor":35,"key":"FearPotion"},{"floor":39,"key":"Poison Potion"}],"is_trial":false,"path_per_floor":["M","?","M","$","M","E","?","E","T","R","?","R","?","M","R","B",null,"M","$","?","M","M","R","E","R","T","R","$","E","$","M","R","B",null,"M","?","M","$","M","R","M","E"],"character_chosen":"THE_SILENT","items_purchased":["Well Laid Plans","TwistedFunnel","Acrobatics","Blind"],"campfire_rested":4,"item_purchase_floors":[4,19,28,38],"current_hp_per_floor":[70,70,70,70,70,54,54,19,19,40,26,47,47,43,43,30,70,54,54,54,50,18,39,35,35,35,35,35,9,9,3,24,14,70,60,60,38,38,34,34,9,0],"gold":101,"neow_bonus":"RANDOM_COMMON_RELIC","is_prod":false,"is_daily":false,"chose_seed":false,"campfire_upgraded":3,"win_rate":0,"timestamp":1550342039,"path_taken":["M","?","M","$","?","E","?","E","T","R","?","R","?","M","R","BOSS","M","?","?","M","M","R","E","R","T","R","$","E","$","M","R","BOSS","M","?","M","$","M","R","M","E"],"build_version":"2019-01-23","purchased_purges":1,"victory":false,"max_hp_per_floor":[70,70,70,70,70,70,70,70,70,70,70,70,70,70,70,70,70,70,70,70,70,70,70,70,70,70,70,70,70,70,70,70,70,70,70,70,70,70,70,70,70,70],"card_choices":[{"not_picked":["Slice","Backflip"],"picked":"Dagger Throw","floor":1},{"not_picked":["Deadly Poison","Backflip"],"picked":"Flying Knee","floor":3},{"not_picked":["Deflect","Backflip"],"picked":"Underhanded Strike","floor":5},{"not_picked":["Backflip","Sucker Punch"],"picked":"PiercingWail","floor":6},{"not_picked":["Riddle With Holes","Setup"],"picked":"Backflip","floor":8},{"not_picked":["Quick Slash","Slice","Night Terror"],"picked":"Noxious Fumes","floor":14},{"not_picked":["Malaise","Burst","Envenom"],"picked":"Doppelganger","floor":16},{"not_picked":["Deadly Poison","Dagger Throw","Skewer"],"picked":"Footwork","floor":18},{"not_picked":["Riddle With Holes+1","Outmaneuver+1","Deadly Poison"],"picked":"Flying Knee+1","floor":21},{"not_picked":["Dodge and Roll","Bane","Deflect"],"picked":"Blade Dance","floor":22},{"not_picked":["PiercingWail","Riddle With Holes","Flying Knee"],"picked":"Blade Dance","floor":24},{"not_picked":["Corpse Explosion","Finisher","Poisoned Stab"],"picked":"Tactician+1","floor":29},{"not_picked":["Catalyst","Finisher","Quick Slash+1"],"picked":"Terror+1","floor":31},{"not_picked":["Doppelganger","Malaise","Envenom"],"picked":"After Image","floor":33},{"not_picked":["Quick Slash","Terror","Catalyst+1"],"picked":"Caltrops+1","floor":35},{"not_picked":["Enlightenment","Panacea","Secret Weapon"],"picked":"Flash of Steel","floor":36},{"not_picked":["Catalyst+1","Flechettes","Deadly Poison"],"picked":"Dodge and Roll+1","floor":37},{"not_picked":["Outmaneuver","PiercingWail","Well Laid Plans"],"picked":"Bouncing Flask+1","floor":39},{"not_picked":["Outmaneuver+1","Blade Dance","Flying Knee"],"picked":"Deflect","floor":41}],"player_experience":308981,"relics_obtained":[{"floor":6,"key":"Centennial Puzzle"},{"floor":8,"key":"Ice Cream"},{"floor":9,"key":"Question Card"},{"floor":24,"key":"Shovel"},{"floor":26,"key":"PreservedInsect"},{"floor":27,"key":"Matryoshka"},{"floor":29,"key":"Ornamental Fan"}],"event_choices":[{"damage_healed":0,"gold_gain":0,"player_choice":"Cursed","damage_taken":0,"max_hp_gain":0,"max_hp_loss":0,"event_name":"Wheel of Change","floor":2,"gold_loss":0,"cards_obtained":["Decay"]},{"cards_removed":["Strike_G"],"damage_healed":0,"gold_gain":0,"player_choice":"Card Removal","damage_taken":0,"max_hp_gain":0,"max_hp_loss":0,"event_name":"The Cleric","floor":7,"gold_loss":50},{"damage_healed":0,"gold_gain":0,"player_choice":"Entered Light","damage_taken":14,"max_hp_gain":0,"max_hp_loss":0,"event_name":"Shining Light","floor":11,"gold_loss":0,"cards_upgraded":["Neutralize","Underhanded Strike"]},{"damage_healed":0,"gold_gain":0,"cards_transformed":["Defend_G"],"player_choice":"Transformed","damage_taken":0,"max_hp_gain":0,"max_hp_loss":0,"event_name":"Transmorgrifier","floor":13,"gold_loss":0,"cards_obtained":["Catalyst"]},{"damage_healed":0,"gold_gain":0,"player_choice":"Opened","damage_taken":0,"relics_obtained":["Kunai"],"max_hp_gain":0,"max_hp_loss":0,"event_name":"The Mausoleum","floor":20,"gold_loss":0},{"damage_healed":0,"gold_gain":0,"player_choice":"Memory 1","damage_taken":0,"max_hp_gain":0,"max_hp_loss":0,"event_name":"SensoryStone","floor":36,"gold_loss":0}],"is_beta":false,"boss_relics":[{"not_picked":["Coffee Dripper","White Beast Statue"],"picked":"Runic Dome"},{"not_picked":["Calling Bell","Orrery"],"picked":"Ring of the Serpent"}],"items_purged_floors":[30],"is_endless":false,"potions_floor_spawned":[3,6,8,14,18,24,31,35,39,41],"killed_by":"Nemesis","ascension_level":4}