{"gold_per_floor":[112,131,147,147,164,164,29,29,77,104,29,29,54,71,71,171,171,190,202,162,15,15],"floor_reached":22,"playtime":1892,"items_purged":["Defend_R","Defend_R"],"score":204,"play_id":"592fddb9-0f6c-49ac-b399-cdf704a22cfa","local_time":"20190203190603","is_ascension_mode":true,"campfire_choices":[{"data":"Barricade","floor":6,"key":"SMITH"},{"data":"Perfected Strike","floor":8,"key":"SMITH"},{"data":"Iron Wave","floor":12,"key":"SMITH"},{"data":"Defend_R","floor":15,"key":"SMITH"}],"neow_cost":"NONE","seed_source_timestamp":1844686149052339,"circlet_count":0,"master_deck":["Strike_R","Strike_R","Strike_R+1","Strike_R","Strike_R","Defend_R","Defend_R+1","Bash+1","Impervious","Perfected Strike+1","Thunderclap","Twin Strike","Barricade+1","Exhume+1","Iron Wave+1","Wild Strike","Pommel Strike","Demon Form","True Grit+1","Perfected Strike","Flex"],"relics":["Burning Blood","CultistMask","Art of War","Whetstone","Matryoshka","Black Star"],"potions_floor_usage":[10,16,16],"damage_taken":[{"damage":1,"enemies":"2 Louse","floor":1,"turns":4},{"damage":1,"enemies":"Cultist","floor":2,"turns":3},{"damage":11,"enemies":"Jaw Worm","floor":3,"turns":5},{"damage":9,"enemies":"Blue Slaver","floor":5,"turns":3},{"damage":20,"enemies":"3 Sentries","floor":10,"turns":10},{"damage":9,"enemies":"Gremlin Nob","floor":13,"turns":4},{"damage":13,"enemies":"Red Slaver","floor":14,"turns":5},{"damage":5,"enemies":"Slime Boss","floor":16,"turns":15},{"damage":47,"enemies":"3 Byrds","floor":18,"turns":8},{"damage":16,"enemies":"Chosen","floor":19,"turns":6},{"damage":31,"enemies":"Snake Plant","floor":22,"turns":3}],"seed_played":"-8114934102465359024","potions_obtained":[{"floor":2,"key":"EssenceOfSteel"},{"floor":5,"key":"EssenceOfSteel"},{"floor":10,"key":"Energy Potion"},{"floor":14,"key":"PowerPotion"}],"is_trial":false,"path_per_floor":["M","M","M","?","M","R","$","R","T","E","$","R","E","M","R","B",null,"M","M","?","$","M"],"character_chosen":"IRONCLAD","items_purchased":["Exhume","Flex"],"campfire_rested":0,"item_purchase_floors":[7,21],"current_hp_per_floor":[80,80,75,75,72,72,72,72,72,58,58,58,55,48,48,49,80,39,29,29,29,0],"gold":15,"neow_bonus":"ONE_RANDOM_RARE_CARD","is_prod":false,"is_daily":false,"chose_seed":false,"campfire_upgraded":4,"win_rate":0,"timestamp":1549217163,"path_taken":["M","M","M","?","M","R","$","R","T","E","?","R","E","M","R","BOSS","M","M","?","$","M"],"build_version":"2019-01-23","purchased_purges":2,"victory":false,"max_hp_per_floor":[80,80,80,80,80,80,80,80,80,80,80,80,80,80,80,80,80,80,80,80,80,80],"card_choices":[{"not_picked":["Flex","Pommel Strike"],"picked":"Perfected Strike","floor":1},{"not_picked":["Sentinel","True Grit"],"picked":"Thunderclap","floor":2},{"not_picked":["Second Wind","Iron Wave"],"picked":"Twin Strike","floor":3},{"not_picked":["Iron Wave","Clash"],"picked":"Barricade","floor":5},{"not_picked":["Shockwave","Sever Soul"],"picked":"Iron Wave","floor":10},{"not_picked":["Iron Wave","Warcry"],"picked":"Wild Strike","floor":13},{"not_picked":["Clothesline","Searing Blow"],"picked":"Pommel Strike","floor":14},{"not_picked":["Berserk","Impervious"],"picked":"Demon Form","floor":16},{"not_picked":["Flame Barrier","Searing Blow"],"picked":"True Grit+1","floor":18},{"not_picked":["Shrug It Off","Sword Boomerang+1"],"picked":"Perfected Strike","floor":19}],"player_experience":189342,"relics_obtained":[{"floor":9,"key":"Art of War"},{"floor":10,"key":"Whetstone"},{"floor":13,"key":"Matryoshka"}],"event_choices":[{"damage_healed":0,"gold_gain":0,"player_choice":"Trade","damage_taken":0,"relics_obtained":["CultistMask"],"max_hp_gain":0,"max_hp_loss":0,"event_name":"FaceTrader","floor":4,"gold_loss":0},{"damage_healed":0,"gold_gain":0,"player_choice":"Upgrade","damage_taken":0,"max_hp_gain":0,"max_hp_loss":0,"event_name":"Designer","floor":20,"gold_loss":40,"cards_upgraded":["Exhume"]}],"is_beta":false,"boss_relics":[{"not_picked":["Mark of Pain","Orrery"],"picked":"Black Star"}],"items_purged_floors":[11,21],"is_endless":false,"potions_floor_spawned":[2,5,10,14],"killed_by":"Snake Plant","ascension_level":1}