{"gold_per_floor":[114,133,308,326,21,21,41,51,51,63,92,110,110,90,90,189,189,203,215,215,230,57,57,69,69,69,169,169,187,187,133,133,236,236,252,252,306,149,169,185,185,195,195,240,252,264,286,72,72,72],"floor_reached":50,"playtime":7037,"items_purged":["Doubt"],"score":499,"play_id":"aa1e13a3-d263-41c1-9ce0-ade71935b395","local_time":"20190126145827","is_ascension_mode":false,"campfire_choices":[{"data":"Sever Soul","floor":6.0,"key":"SMITH"},{"floor":13,"key":"REST"},{"floor":15,"key":"REST"},{"data":"Anger","floor":23,"key":"SMITH"},{"data":"Mayhem","floor":25,"key":"SMITH"},{"data":"Bash","floor":28,"key":"SMITH"},{"floor":30,"key":"REST"},{"data":"Double Tap","floor":32,"key":"SMITH"},{"data":"Uppercut","floor":41,"key":"SMITH"},{"floor":49,"key":"REST"}],"neow_cost":"","seed_source_timestamp":0,"circlet_count":0,"master_deck":["Strike_R","Strike_R","Strike_R","Strike_R+1","Strike_R","Defend_R","Defend_R","Defend_R","Defend_R","Bash+1","Sever Soul+1","Anger+1","True Grit","Mayhem+1","Warcry","Whirlwind","Double Tap+1","Pommel Strike","Armaments+1","Reaper","Headbutt+1","Flame Barrier+1","Uppercut+1","Finesse+1","Inflame","Second Wind+1","Dual Wield+1","Rage+1","Shrug It Off+1","Barricade+1","Clumsy","Shame","Decay","Clash+1","Twin Strike+1","Carnage+1","Feel No Pain","True Grit+1","Pummel","Headbutt+1","Blood for Blood","Sadistic Nature","Discovery+1","Good Instincts+1","Seeing Red+1","Ghostly Armor+1"],"special_seed":0,"relics":["Burning Blood","Toxic Egg 2","Red Skull","Velvet Choker","Mummified Hand","Meat on the Bone","StoneCalendar","Pear","Calling Bell","Vajra","Darkstone Periapt","Magic Flower","Bird Faced Urn","MawBank","Happy Flower","Whetstone"],"potions_floor_usage":[10,16,16,27,33,37,37,44,47,50,50],"damage_taken":[{"damage":15.0,"enemies":"Small Slimes","floor":1.0,"turns":4.0},{"damage":6.0,"enemies":"2 Louse","floor":2.0,"turns":4.0},{"damage":6.0,"enemies":"Cultist","floor":4.0,"turns":3.0},{"damage":22.0,"enemies":"Lots of Slimes","floor":7.0,"turns":5.0},{"damage":19,"enemies":"Exordium Thugs","floor":8,"turns":5},{"damage":0,"enemies":"2 Fungi Beasts","floor":10,"turns":3},{"damage":26,"enemies":"3 Sentries","floor":11,"turns":7},{"damage":10,"enemies":"Looter","floor":12,"turns":2},{"damage":48,"enemies":"The Guardian","floor":16,"turns":11},{"damage":13,"enemies":"3 Byrds","floor":18,"turns":5},{"damage":20,"enemies":"Chosen","floor":19,"turns":6},{"damage":35,"enemies":"Shelled Parasite and Fungi","floor":21,"turns":5},{"damage":6,"enemies":"Centurion and Healer","floor":24,"turns":5},{"damage":20,"enemies":"Colosseum Slavers","floor":27,"turns":4},{"damage":14,"enemies":"Colosseum Nobs","floor":27,"turns":5},{"damage":10,"enemies":"Snecko","floor":29,"turns":5},{"damage":48,"enemies":"Champ","floor":33,"turns":9},{"damage":21,"enemies":"3 Darklings","floor":35,"turns":6},{"damage":93,"enemies":"2 Orb Walkers","floor":37,"turns":7},{"damage":20,"enemies":"3 Shapes","floor":39,"turns":2},{"damage":21,"enemies":"3 Darklings","floor":40,"turns":7},{"damage":51,"enemies":"4 Shapes","floor":42,"turns":6},{"damage":34,"enemies":"Nemesis","floor":44,"turns":7},{"damage":41,"enemies":"Jaw Worm Horde","floor":47,"turns":6},{"damage":98,"enemies":"Awakened One","floor":50,"turns":6}],"seed_played":"-956210626045130359","potions_obtained":[{"floor":2.0,"key":"AttackPotion"},{"floor":4.0,"key":"AttackPotion"},{"floor":8,"key":"PowerPotion"},{"floor":14,"key":"Block Potion"},{"floor":16,"key":"Regen Potion"},{"floor":18,"key":"SkillPotion"},{"floor":24,"key":"BloodPotion"},{"floor":29,"key":"Swift Potion"},{"floor":37,"key":"Explosive Potion"},{"floor":42,"key":"Fire Potion"},{"floor":47,"key":"Ancient Potion"}],"is_trial":false,"path_per_floor":["M","M","?","M","$","R","M","M","T","M","E","M","R","?","R","B",null,"M","M","?","M","$","R","M","R","T","?","R","M","R","$","R","B",null,"M","?","?","$","M","M","R","M","T","E","?","?","M","$","R","B"],"character_chosen":"IRONCLAD","items_purchased":["Mayhem","Warcry","Finesse+1","Inflame","Shrug It Off+1","Carnage","Feel No Pain","Block Potion","Whetstone","Ghostly Armor+1"],"campfire_rested":4,"item_purchase_floors":[5,5,22,22,31,38,38,38,48,48],"current_hp_per_floor":[71,71,71,71,71,71,55,42,42,48,28,24,48,48,72,30,80,73,64,64,42,42,42,60,60,60,70,70,66,90,90,90,57,90,78,78,41,41,48,71,71,61,61,66,56,56,78,78,90,0],"gold":72,"neow_bonus":"","is_prod":false,"is_daily":false,"chose_seed":false,"campfire_upgraded":6,"win_rate":0.0,"timestamp":1548511107,"path_taken":["M","M","?","M","$","R","M","M","T","M","E","M","R","?","R","BOSS","M","M","?","M","$","R","?","R","T","?","R","M","R","$","R","BOSS","M","?","?","$","M","M","R","M","T","E","?","?","M","$","R","BOSS"],"build_version":"2019-01-23","purchased_purges":1,"victory":false,"max_hp_per_floor":[80,80,80,80,80,80,80,80,80,80,80,80,80,80,80,80,80,80,80,80,80,80,80,80,80,80,90,90,90,90,90,90,90,90,90,90,90,90,90,90,90,90,90,90,90,90,90,90,90,90],"card_choices":[{"not_picked":["Armaments","Twin Strike"],"picked":"Sever Soul","floor":1.0},{"not_picked":["Perfected Strike","Warcry"],"picked":"Anger","floor":2.0},{"not_picked":["Clash","Infernal Blade"],"picked":"True Grit","floor":4.0},{"not_picked":["True Grit","Rupture"],"picked":"Whirlwind","floor":7.0},{"not_picked":["Searing Blow","Combust"],"picked":"Double Tap","floor":8},{"not_picked":["Clothesline","Feel No Pain"],"picked":"Pommel Strike","floor":10},{"not_picked":["Pommel Strike","True Grit+1"],"picked":"Second Wind+1","floor":11},{"not_picked":["Juggernaut","Uppercut"],"picked":"Armaments+1","floor":12},{"not_picked":["Berserk","Brutality"],"picked":"Reaper","floor":16},{"not_picked":["Warcry+1","Pommel Strike"],"picked":"Headbutt+1","floor":18},{"not_picked":["Reckless Charge+1","Clothesline"],"picked":"Flame Barrier+1","floor":19},{"not_picked":["Hemokinesis","Armaments+1"],"picked":"Uppercut","floor":21},{"not_picked":["Thunderclap","Clothesline"],"picked":"Second Wind+1","floor":24},{"not_picked":["Anger","Corruption+1"],"picked":"Dual Wield+1","floor":27},{"not_picked":["Flex+1","Infernal Blade+1"],"picked":"Rage+1","floor":29},{"not_picked":["Double Tap+1","Juggernaut"],"picked":"Barricade","floor":33},{"not_picked":["Shockwave+1","Headbutt+1"],"picked":"Clash+1","floor":35},{"not_picked":["Combust+1","Rupture"],"picked":"Twin Strike+1","floor":37},{"not_picked":["Infernal Blade+1","Offering+1"],"picked":"True Grit+1","floor":39},{"not_picked":["Armaments+1","Headbutt"],"picked":"Pummel","floor":40},{"not_picked":["Body Slam+1","Thunderclap+1"],"picked":"Headbutt+1","floor":42},{"not_picked":["Armaments+1","Carnage"],"picked":"Blood for Blood","floor":44},{"not_picked":["HandOfGreed","Blind+1"],"picked":"Sadistic Nature","floor":45},{"not_picked":["Blind+1","Thinking Ahead+1"],"picked":"Discovery+1","floor":45},{"not_picked":["Master of Strategy+1","Dramatic Entrance"],"picked":"Good Instincts+1","floor":45},{"not_picked":["Shrug It Off+1","Flex+1"],"picked":"Seeing Red+1","floor":47}],"player_experience":0,"relics_obtained":[{"floor":9,"key":"Toxic Egg 2"},{"floor":11,"key":"Red Skull"},{"floor":26,"key":"Meat on the Bone"},{"floor":27,"key":"StoneCalendar"},{"floor":27,"key":"Pear"},{"floor":34,"key":"Vajra"},{"floor":34,"key":"Darkstone Periapt"},{"floor":34,"key":"Magic Flower"},{"floor":37,"key":"Bird Faced Urn"},{"floor":43,"key":"MawBank"},{"floor":44,"key":"Happy Flower"}],"event_choices":[{"damage_healed":0.0,"max_hp_gain":0.0,"max_hp_loss":0.0,"gold_gain":175.0,"event_name":"Liars Game","player_choice":"AGREE","floor":3.0,"gold_loss":0.0,"damage_taken":0.0,"cards_obtained":["Doubt"]},{"damage_healed":0,"gold_gain":0,"player_choice":"Bought 1 Potion","damage_taken":0,"max_hp_gain":0,"max_hp_loss":0,"event_name":"The Woman in Blue","floor":14,"gold_loss":0},{"damage_healed":0,"gold_gain":0,"player_choice":"Gave Potion","damage_taken":0,"relics_obtained":["Mummified Hand"],"max_hp_gain":0,"max_hp_loss":0,"event_name":"WeMeetAgain","floor":20,"gold_loss":0},{"damage_healed":0,"gold_gain":0,"player_choice":"Fight","damage_taken":0,"max_hp_gain":0,"max_hp_loss":0,"event_name":"Colosseum","floor":27,"gold_loss":0},{"damage_healed":0,"gold_gain":0,"player_choice":"Fought Nobs","damage_taken":0,"max_hp_gain":0,"max_hp_loss":0,"event_name":"Colosseum","floor":27,"gold_loss":0},{"cards_removed":["Second Wind"],"damage_healed":0,"gold_gain":0,"player_choice":"Removed Skill","damage_taken":0,"max_hp_gain":0,"max_hp_loss":0,"event_name":"Falling","floor":36,"gold_loss":0},{"damage_healed":0,"gold_gain":0,"player_choice":"Fight","damage_taken":0,"max_hp_gain":0,"max_hp_loss":0,"event_name":"Mysterious Sphere","floor":37,"gold_loss":0},{"damage_healed":0,"gold_gain":0,"player_choice":"Memory 3","damage_taken":10,"max_hp_gain":0,"max_hp_loss":0,"event_name":"SensoryStone","floor":45,"gold_loss":0},{"damage_healed":0,"gold_gain":0,"player_choice":"Upgraded","damage_taken":0,"max_hp_gain":0,"max_hp_loss":0,"event_name":"Upgrade Shrine","floor":46,"gold_loss":0,"cards_upgraded":["Barricade"]}],"is_beta":false,"boss_relics":[{"not_picked":["Runic Cube","Philosopher\u0027s Stone"],"picked":"Velvet Choker"},{"not_picked":["Eternal Feather","White Beast Statue"],"picked":"Calling Bell"}],"items_purged_floors":[5],"is_endless":false,"potions_floor_spawned":[2,4,8,16,18,24,29,37,42,47],"killed_by":"Awakened One","ascension_level":0}