{"path_per_floor":["M","?","M","M","M","R","E","M","T","M","?","?","M","M","R","B",null,"M","M","?","?","M","?","M","R","T","E","$","M","R","M","R"],"character_chosen":"IRONCLAD","items_purchased":["Magic Flower"],"gold_per_floor":[109,109,123,138,154,154,179,189,212,225,325,325,338,357,357,455,455,466,485,385,385,402,402,421,421,444,470,107,123,123,136,136],"floor_reached":33,"campfire_rested":1,"playtime":3176,"current_hp_per_floor":[72,65,71,68,62,62,55,61,61,67,67,67,75,82,82,53,82,58,51,51,36,35,19,24,50,50,66,66,84,84,61,61],"items_purged":["Strike_R"],"gold":136,"play_id":"44f1a60a-7c16-43f0-b358-ec2b04074da3","is_prod":false,"is_daily":false,"campfire_rituals":0,"campfire_upgraded":4,"is_hardmode":false,"path_taken":["M","?","M","M","M","R","E","M","T","?","?","?","?","M","R","BOSS","M","M","?","?","M","?","?","R","T","E","$","?","R","M","R","BOSS"],"build_version":"2018-01-11-PROD2","purchased_purges":1,"victory":false,"master_deck":["Strike_R","Defend_R","Defend_R","Defend_R","Bash","Armaments","Pommel Strike","Clash","Pommel Strike","Seeing Red","Rampage","Reaper","Clash","Double Tap","Anger","Burning Pact","J.A.X.","Headbutt","Burning Pact","Cleave","Ghostly Armor"],"max_hp_per_floor":[72,72,72,72,72,72,82,82,82,82,82,82,82,82,82,82,82,82,82,82,87,87,87,87,87,87,87,87,87,87,87,87],"relics":["Burning Blood","Pear","Blood Vial","Mark of Pain","Enchiridion","Orichalcum","Bottled Lightning","Magic Flower"],"campfire_meditates":0,"card_choices":[{"not_picked":["Blood for Blood","Reckless Charge"],"picked":"Armaments"},{"not_picked":["Dual Wield","Feel No Pain"],"picked":"Pommel Strike"},{"not_picked":["Havoc","Twin Strike"],"picked":"Clash"},{"not_picked":["Entrench","Corruption"],"picked":"Pommel Strike"},{"not_picked":["Armaments","Cleave"],"picked":"Seeing Red"},{"not_picked":["Thunderclap","Wild Strike"],"picked":"Rampage"},{"not_picked":["Carnage","Sword Boomerang"],"picked":"Reaper"},{"not_picked":["Sword Boomerang","Seeing Red"],"picked":"Clash"},{"not_picked":["Fiend Fire","Offering"],"picked":"Double Tap"},{"not_picked":["Pommel Strike","Iron Wave"],"picked":"Anger"},{"not_picked":["Warcry","Anger"],"picked":"Burning Pact"},{"not_picked":["Perfected Strike","Blood for Blood"],"picked":"Headbutt"},{"not_picked":["Havoc","Headbutt"],"picked":"Burning Pact"},{"not_picked":["Clothesline","Carnage"],"picked":"Cleave"},{"not_picked":["Anger","Havoc"],"picked":"Ghostly Armor"}],"player_experience":200277,"potions_floor_usage":[5,16,22,22,24,27],"damage_taken":[{"damage":6,"enemies":"Cultist","floor":1,"turns":4},{"damage":0,"enemies":"Small Slimes","floor":3,"turns":4},{"damage":9,"enemies":"Blue Slaver","floor":4,"turns":4},{"damage":12,"enemies":"Large Slime","floor":5,"turns":7},{"damage":23,"enemies":"Lagavulin","floor":7,"turns":4},{"damage":0,"enemies":"Red Slaver","floor":8,"turns":2},{"damage":2,"enemies":"3 Louse","floor":10,"turns":3},{"damage":0,"enemies":"Looter","floor":13,"turns":2},{"damage":0,"enemies":"Lots of Slimes","floor":14,"turns":5},{"damage":35,"enemies":"The Guardian","floor":16,"turns":7},{"damage":36,"enemies":"2 Thieves","floor":18,"turns":5},{"damage":25,"enemies":"3 Byrds","floor":19,"turns":8},{"damage":14,"enemies":"Snake Plant","floor":22,"turns":3},{"damage":24,"enemies":"Slaver and Parasite","floor":24,"turns":5},{"damage":26,"enemies":"Gremlin Leader","floor":27,"turns":7},{"damage":15,"enemies":"Centurion and Healer","floor":29,"turns":8},{"damage":58,"enemies":"Chosen and Byrds","floor":31,"turns":8},{"damage":79,"enemies":"Automaton","floor":33,"turns":10}],"event_choices":[{"event_name":"Golden Wing","player_choice":"Card Removal","floor":2,"damage_taken":0},{"event_name":"Golden Shrine","player_choice":"Pray","floor":11,"damage_taken":0},{"event_name":"Living Wall","player_choice":"Forget","floor":12,"damage_taken":0},{"event_name":"Drug Dealer","player_choice":"Got JAXXED","floor":20,"damage_taken":0},{"event_name":"Forgotten Altar","player_choice":"Shed Blood","floor":21,"damage_taken":0},{"event_name":"Cursed Tome","player_choice":"Obtained Book","floor":23,"damage_taken":0}],"boss_relics":[{"not_picked":["Tiny House","Philosopher\u0027s Stone"],"picked":"Mark of Pain"}],"potions_floor_spawned":[1,4,10,18,22,24],"seed_played":"-1327489960332447236","killed_by":"Automaton","is_trial":false}