{"gold_per_floor":[117,136,136,147,161,193,212,212,212,212,247,262,275,285,285,388,388,403,403,419,219,231,231,245,160,207,207,207,227,227,127,127,228,228,241,241,46,64,84,84,99,113,189,189,189,189,217,51,51,51],"floor_reached":50,"playtime":4689,"items_purged":["Strike_R","Strike_R","Strike_R","Strike_R+1"],"score":483,"play_id":"c76b0919-286e-489d-baa7-c74e3031625f","local_time":"20190220072021","is_ascension_mode":false,"campfire_choices":[{"data":"Havoc","floor":8,"key":"SMITH"},{"data":"Carnage","floor":10,"key":"SMITH"},{"floor":15,"key":"REST"},{"data":"Armaments","floor":23,"key":"SMITH"},{"data":"True Grit","floor":27,"key":"SMITH"},{"floor":32,"key":"REST"},{"data":"Rampage","floor":40,"key":"SMITH"},{"data":"Offering","floor":45,"key":"SMITH"},{"floor":49,"key":"REST"}],"neow_cost":"NONE","seed_source_timestamp":49643363105411,"circlet_count":0,"master_deck":["Strike_R+1","Defend_R","Defend_R","Defend_R","Defend_R","Bash","Cleave","Carnage+1","Impervious","Blood for Blood","Offering+1","Havoc+1","Armaments+1","Rampage+1","Bloodletting","Intimidate","Immolate","Flame Barrier","Warcry","Shrug It Off","Evolve","True Grit+1","Juggernaut","Warcry+1","Blind","Disarm","Headbutt","Battle Trance+1","Feel No Pain+1"],"relics":["Burning Blood","Bottled Flame","Singing Bowl","Vajra","Sozu","Ginger","Whetstone","Matryoshka","Mark of Pain","Frozen Egg 2","The Courier","MawBank","Blue Candle"],"potions_floor_usage":[33],"damage_taken":[{"damage":11,"enemies":"Jaw Worm","floor":1,"turns":5},{"damage":1,"enemies":"Cultist","floor":2,"turns":3},{"damage":2,"enemies":"Small Slimes","floor":4,"turns":2},{"damage":9,"enemies":"Blue Slaver","floor":5,"turns":4},{"damage":28,"enemies":"3 Sentries","floor":6,"turns":6},{"damage":6,"enemies":"Large Slime","floor":7,"turns":4},{"damage":28,"enemies":"Gremlin Nob","floor":11,"turns":4},{"damage":6,"enemies":"2 Fungi Beasts","floor":12,"turns":2},{"damage":3,"enemies":"Blue Slaver","floor":13,"turns":2},{"damage":16,"enemies":"Lots of Slimes","floor":14,"turns":3},{"damage":10,"enemies":"Slime Boss","floor":16,"turns":6},{"damage":16,"enemies":"3 Byrds","floor":18,"turns":4},{"damage":12,"enemies":"Colosseum Slavers","floor":19,"turns":3},{"damage":19,"enemies":"Spheric Guardian","floor":20,"turns":4},{"damage":27,"enemies":"Snake Plant","floor":22,"turns":4},{"damage":11,"enemies":"Shelled Parasite and Fungi","floor":24,"turns":4},{"damage":13,"enemies":"Centurion and Healer","floor":29,"turns":5},{"damage":58,"enemies":"Collector","floor":33,"turns":9},{"damage":6,"enemies":"Orb Walker","floor":35,"turns":3},{"damage":18,"enemies":"3 Darklings","floor":38,"turns":4},{"damage":19,"enemies":"Jaw Worm Horde","floor":39,"turns":5},{"damage":6,"enemies":"Sphere and 2 Shapes","floor":41,"turns":6},{"damage":30,"enemies":"Spire Growth","floor":42,"turns":5},{"damage":20,"enemies":"Transient","floor":47,"turns":5},{"damage":96,"enemies":"Time Eater","floor":50,"turns":10}],"seed_played":"-352826708676408514","potions_obtained":[{"floor":5,"key":"Energy Potion"},{"floor":6,"key":"FairyPotion"},{"floor":11,"key":"AttackPotion"},{"floor":14,"key":"Block Potion"}],"is_trial":false,"path_per_floor":["M","M","?","M","M","E","M","R","T","R","E","M","M","M","R","B",null,"M","?","M","$","M","R","M","?","T","R","T","M","?","$","R","B",null,"M","?","$","M","M","R","M","M","T","?","R","T","M","$","R","B"],"character_chosen":"IRONCLAD","items_purchased":["Shrug It Off","Evolve","Disarm","Feel No Pain+1"],"campfire_rested":3,"item_purchase_floors":[21,21,37,48],"current_hp_per_floor":[83,88,88,88,85,63,63,63,63,63,41,41,44,36,63,59,90,80,74,61,61,42,42,37,37,37,37,37,32,32,32,60,8,94,94,94,94,82,69,69,71,49,49,49,49,49,37,37,65,0],"gold":51,"neow_bonus":"TEN_PERCENT_HP_BONUS","is_prod":false,"is_daily":false,"chose_seed":false,"campfire_upgraded":6,"win_rate":0,"timestamp":1550640021,"path_taken":["M","M","?","M","?","E","M","R","T","R","E","M","M","?","R","BOSS","M","?","M","$","M","R","M","?","T","R","?","M","?","$","R","BOSS","M","?","$","M","M","R","M","M","T","?","R","?","M","?","R","BOSS"],"build_version":"2019-01-23","purchased_purges":4,"victory":false,"max_hp_per_floor":[88,88,88,88,88,88,88,88,88,88,88,88,88,90,90,90,90,90,90,90,90,92,92,92,92,92,92,92,94,94,94,94,94,94,94,94,94,94,94,94,96,98,98,93,93,93,95,95,95,95],"card_choices":[{"not_picked":["Clash","Second Wind"],"picked":"Cleave","floor":1},{"not_picked":["Reckless Charge","Warcry"],"picked":"Carnage","floor":2},{"not_picked":["Corruption","Thunderclap","Twin Strike"],"picked":"SKIP","floor":4},{"not_picked":["Wild Strike","True Grit"],"picked":"Offering","floor":5},{"not_picked":["Flex","Rupture"],"picked":"Havoc","floor":6},{"not_picked":["Perfected Strike","Demon Form"],"picked":"Armaments","floor":7},{"not_picked":["Heavy Blade","Thunderclap"],"picked":"Rampage","floor":11},{"not_picked":["Warcry","Anger"],"picked":"Bloodletting","floor":12},{"not_picked":["Clash","Bloodletting"],"picked":"Intimidate","floor":13},{"not_picked":["Body Slam","Dropkick","Havoc"],"picked":"Singing Bowl","floor":14},{"not_picked":["Fiend Fire","Feed"],"picked":"Immolate","floor":16},{"not_picked":["Havoc+1","Pommel Strike+1"],"picked":"Flame Barrier","floor":18},{"not_picked":["Armaments","Fire Breathing+1"],"picked":"Warcry","floor":20},{"not_picked":["Second Wind","Dark Embrace","Rampage"],"picked":"Singing Bowl","floor":22},{"not_picked":["Cleave+1","Clash"],"picked":"True Grit","floor":24},{"not_picked":["Rupture","Iron Wave","Reckless Charge"],"picked":"Singing Bowl","floor":29},{"not_picked":["Dark Embrace","Feed"],"picked":"Juggernaut","floor":33},{"not_picked":["Sever Soul+1","Rampage"],"picked":"Warcry+1","floor":35},{"not_picked":["Jack Of All Trades","Trip"],"picked":"Blind","floor":36},{"not_picked":["Twin Strike","Second Wind"],"picked":"Headbutt","floor":38},{"not_picked":["Flex","Dual Wield"],"picked":"Battle Trance+1","floor":39},{"not_picked":["Flame Barrier","Infernal Blade+1","Iron Wave+1"],"picked":"Singing Bowl","floor":41},{"not_picked":["Havoc+1","Sword Boomerang","Corruption+1"],"picked":"Singing Bowl","floor":42},{"not_picked":["Pummel","Sentinel+1","Armaments+1"],"picked":"Singing Bowl","floor":47}],"player_experience":445921,"relics_obtained":[{"floor":6,"key":"Bottled Flame"},{"floor":9,"key":"Singing Bowl"},{"floor":11,"key":"Vajra"},{"floor":26,"key":"Whetstone"},{"floor":28,"key":"Matryoshka"},{"floor":43,"key":"Frozen Egg 2"},{"floor":43,"key":"The Courier"},{"floor":46,"key":"MawBank"},{"floor":46,"key":"Blue Candle"}],"event_choices":[{"damage_healed":0,"gold_gain":0,"player_choice":"2 cards matched","damage_taken":0,"max_hp_gain":0,"max_hp_loss":0,"event_name":"Match and Keep!","floor":3,"gold_loss":0,"cards_obtained":["Impervious","Blood for Blood"]},{"damage_healed":0,"gold_gain":0,"player_choice":"Fight","damage_taken":0,"max_hp_gain":0,"max_hp_loss":0,"event_name":"Colosseum","floor":19,"gold_loss":0},{"damage_healed":0,"gold_gain":0,"player_choice":"Fled From Nobs","damage_taken":0,"max_hp_gain":0,"max_hp_loss":0,"event_name":"Colosseum","floor":19,"gold_loss":0},{"damage_healed":0,"gold_gain":0,"player_choice":"Obtained Relic","damage_taken":0,"relics_obtained":["Ginger"],"max_hp_gain":0,"max_hp_loss":0,"event_name":"Addict","floor":25,"gold_loss":85},{"damage_healed":0,"gold_gain":0,"player_choice":"Ignored","damage_taken":0,"max_hp_gain":0,"max_hp_loss":0,"event_name":"Vampires","floor":30,"gold_loss":0},{"damage_healed":0,"gold_gain":0,"player_choice":"Memory 1","damage_taken":0,"max_hp_gain":0,"max_hp_loss":0,"event_name":"SensoryStone","floor":36,"gold_loss":0},{"damage_healed":0,"gold_gain":0,"player_choice":"Max HP","damage_taken":0,"max_hp_gain":0,"max_hp_loss":5,"event_name":"Winding Halls","floor":44,"gold_loss":0}],"is_beta":false,"boss_relics":[{"not_picked":["Black Blood","White Beast Statue"],"picked":"Sozu"},{"not_picked":["Philosopher\u0027s Stone","Orrery"],"picked":"Mark of Pain"}],"items_purged_floors":[21,31,37,48],"is_endless":false,"potions_floor_spawned":[5,6,11,14,16,19,20,33,39,41,42],"killed_by":"Time Eater","ascension_level":0}