{"path_per_floor":["M","M","?","?","?","E","$","M","T","M","R","E","R","M","R","B",null,"M","$","?","M","M","R","E","R","T","E","R","?","M","?","R","B",null,"M","M","?","M","?","E","R","E","T","R","E","$","?","M","R","B"],"character_chosen":"IRONCLAD","items_purchased":["Thinking Ahead","Anchor"],"gold_per_floor":[109,120,120,120,120,148,73,85,109,123,123,156,156,175,175,272,272,291,15,15,30,45,45,74,74,74,109,109,109,123,38,38,142,142,157,173,225,243,243,275,275,305,305,305,334,62,62,82,82,82],"floor_reached":51,"campfire_rested":0,"playtime":7550,"current_hp_per_floor":[80,80,85,85,82,68,68,74,74,73,73,79,79,81,81,51,85,85,85,69,75,80,80,60,60,60,53,53,53,55,55,55,49,85,84,80,58,53,85,84,85,74,74,84,80,80,80,70,80,48],"items_purged":["Strike_R","Strike_R","Strike_R"],"gold":82,"play_id":"ef4de15d-61a3-4fb2-ae54-d1bee97be067","is_prod":false,"is_daily":false,"campfire_rituals":0,"campfire_upgraded":10,"is_hardmode":false,"path_taken":["M","M","?","?","?","E","$","M","T","M","R","E","R","?","R","BOSS","M","$","?","?","M","R","E","R","T","E","R","?","M","?","R","BOSS","M","?","?","?","?","E","R","E","T","R","E","?","?","M","R","BOSS"],"build_version":"2018-01-18-PROD4","purchased_purges":4,"victory":true,"master_deck":["Strike_R","Strike_R","Defend_R","Defend_R","Defend_R","Defend_R","Bash","Disarm","Headbutt","True Grit","Power Through","Rampage","Barricade","Thinking Ahead","Shrug It Off","Body Slam","Havoc","Headbutt","Burning Pact","Immolate","Armaments","Iron Wave","Flex","Inflame","Body Slam","Metallicize","Necronomicurse","Blood for Blood"],"max_hp_per_floor":[80,80,85,85,85,85,85,85,85,85,85,85,85,85,85,85,85,85,85,85,85,85,85,85,85,85,85,85,85,85,85,85,85,85,85,85,85,85,85,85,85,85,85,85,85,85,85,85,85,85],"relics":["Burning Blood","Orichalcum","Paper Frog","Dream Catcher","Pen Nib","Regal Pillow","Velvet Choker","Necronomicon","Meat on the Bone","Kunai","War Paint","Eternal Feather","Unceasing Top","Lantern","Sundial","Omamori","Ancient Tea Set","Anchor"],"campfire_meditates":0,"card_choices":[{"not_picked":["Anger","Thunderclap"],"picked":"Disarm"},{"not_picked":["Evolve","Fire Breathing"],"picked":"Headbutt"},{"not_picked":["Brutality","Carnage"],"picked":"Dropkick"},{"not_picked":["Body Slam","Wild Strike"],"picked":"True Grit"},{"not_picked":["Seeing Red","Shrug It Off"],"picked":"Power Through"},{"not_picked":["Wild Strike","Warcry"],"picked":"Rampage"},{"not_picked":["Bludgeon","Berserk"],"picked":"Barricade"},{"not_picked":["Thunderclap","Demon Form"],"picked":"Shrug It Off"},{"not_picked":["Havoc","Rupture"],"picked":"Body Slam"},{"not_picked":["Impervious","Exhume"],"picked":"Havoc"},{"not_picked":["Anger","Sword Boomerang"],"picked":"Burning Pact"},{"not_picked":["Reaper","Dark Embrace"],"picked":"Immolate"},{"not_picked":["Searing Blow","Blood for Blood"],"picked":"Armaments"},{"not_picked":["Clash","Dropkick"],"picked":"Iron Wave"},{"not_picked":["Second Wind","Twin Strike"],"picked":"Flex"},{"not_picked":["Twin Strike","Disarm"],"picked":"Inflame"},{"not_picked":["Sword Boomerang","Twin Strike"],"picked":"Body Slam"},{"not_picked":["Combust","Intimidate"],"picked":"Metallicize"},{"not_picked":["Pommel Strike","Wild Strike"],"picked":"Blood for Blood"}],"player_experience":338183,"potions_floor_usage":[6,12,14,21,22,33,45,50,50,50],"damage_taken":[{"damage":3,"enemies":"Cultist","floor":1,"turns":4},{"damage":5,"enemies":"Jaw Worm","floor":2,"turns":6},{"damage":20,"enemies":"Lagavulin","floor":6,"turns":7},{"damage":0,"enemies":"2 Louse","floor":8,"turns":2},{"damage":7,"enemies":"Red Slaver","floor":10,"turns":3},{"damage":0,"enemies":"Gremlin Nob","floor":12,"turns":3},{"damage":4,"enemies":"Exordium Thugs","floor":14,"turns":4},{"damage":36,"enemies":"Slime Boss","floor":16,"turns":10},{"damage":4,"enemies":"Chosen","floor":18,"turns":5},{"damage":0,"enemies":"Spheric Guardian","floor":21,"turns":4},{"damage":1,"enemies":"Snecko","floor":22,"turns":5},{"damage":26,"enemies":"Slavers","floor":24,"turns":7},{"damage":25,"enemies":"Gremlin Leader","floor":27,"turns":5},{"damage":4,"enemies":"Centurion and Healer","floor":30,"turns":6},{"damage":24,"enemies":"Collector","floor":33,"turns":12},{"damage":7,"enemies":"Orb Walker","floor":35,"turns":3},{"damage":10,"enemies":"3 Shapes","floor":36,"turns":5},{"damage":40,"enemies":"Mysterious Sphere","floor":37,"turns":9},{"damage":23,"enemies":"Sphere and 2 Shapes","floor":38,"turns":8},{"damage":7,"enemies":"Giant Head","floor":40,"turns":6},{"damage":17,"enemies":"2 Orb Walkers","floor":42,"turns":4},{"damage":10,"enemies":"Nemesis","floor":45,"turns":10},{"damage":16,"enemies":"Maw","floor":48,"turns":9},{"damage":80,"enemies":"Donu and Deca","floor":50,"turns":15}],"event_choices":[{"event_name":"Big Fish","player_choice":"Donut","floor":3,"damage_taken":0},{"event_name":"Upgrade Shrine","player_choice":"Upgraded","floor":4,"damage_taken":0},{"event_name":"Scrap Ooze","player_choice":"success","floor":5,"damage_taken":3},{"event_name":"Cursed Tome","player_choice":"Obtained Book","floor":20,"damage_taken":0},{"event_name":"Duplicator","player_choice":"One dupe","floor":29,"damage_taken":0},{"event_name":"Addict","player_choice":"Obtained Relic","floor":31,"damage_taken":0},{"event_name":"Mysterious Sphere","player_choice":"Fight","floor":37,"damage_taken":0},{"event_name":"Bonfire Elementals","player_choice":"UNCOMMON","floor":39,"damage_taken":0},{"event_name":"Fountain of Cleansing","player_choice":"Removed Curse","floor":47,"damage_taken":0}],"boss_relics":[{"not_picked":["Philosopher\u0027s Stone","Orrery"],"picked":"Velvet Choker"},{"not_picked":["Pandora\u0027s Box","Astrolabe"],"picked":"Eternal Feather"}],"potions_floor_spawned":[1,8,12,16,21,24,33,38,40,42,45],"seed_played":"-5975113177611139370","is_trial":false}