{"path_per_floor":["M","M","M","?","M","R","E","R","T","E","R","M","$","E","R","B",null,"M","?","M","M","M","R","?"],"character_chosen":"IRONCLAD","items_purchased":["True Grit"],"gold_per_floor":[115,125,141,141,160,160,188,188,188,221,221,240,115,142,142,240,240,226,226,245,259,269,269,269,269],"floor_reached":25,"campfire_rested":1,"playtime":1612,"current_hp_per_floor":[77,77,78,78,48,48,29,53,53,42,42,48,48,47,47,33,90,90,90,90,90,89,89,89,0],"items_purged":["Strike_R"],"gold":269,"score":268,"play_id":"9898a12b-a942-40bb-bb8c-4375d57590ca","local_time":"20180515023323","is_prod":false,"is_daily":false,"chose_seed":false,"is_ascension_mode":true,"campfire_upgraded":4,"timestamp":1526366003,"path_taken":["M","M","M","?","M","R","E","R","T","E","R","M","$","E","R","BOSS","M","?","?","M","M","R","?","E"],"build_version":"2018-05-12v2","seed_source_timestamp":507674829099129,"purchased_purges":1,"victory":false,"master_deck":["Defend_R","Defend_R","Defend_R","Bash+1","Wild Strike","Pommel Strike","Impervious","Ghostly Armor","Fiend Fire","Iron Wave+1","Pommel Strike+1","True Grit","Disarm","Rage+1","Barricade+1","Limit Break+1","True Grit+1","Burning Pact+1","Shrug It Off"],"max_hp_per_floor":[80,80,80,80,80,80,80,80,80,90,90,90,90,90,90,90,90,90,90,90,90,90,90,90,90],"relics":["Burning Blood","Bag of Preparation","Regal Pillow","Pear","Toolbox","Astrolabe"],"card_choices":[{"not_picked":["Sentinel","Havoc","Sword Boomerang"],"picked":"SKIP","floor":1},{"not_picked":["Blood for Blood","Armaments"],"picked":"Wild Strike","floor":2},{"not_picked":["Clash","Heavy Blade"],"picked":"Pommel Strike","floor":3},{"not_picked":["Sever Soul","Second Wind"],"picked":"Ghostly Armor","floor":5},{"not_picked":["Power Through","Disarm"],"picked":"Fiend Fire","floor":7},{"not_picked":["Combust","Disarm"],"picked":"Iron Wave","floor":10},{"not_picked":["Havoc","Flex"],"picked":"Pommel Strike","floor":12},{"not_picked":["Rupture","Thunderclap"],"picked":"Disarm","floor":14},{"not_picked":["Berserk","Juggernaut"],"picked":"Double Tap","floor":16},{"not_picked":["Iron Wave","Clothesline"],"picked":"True Grit+1","floor":18},{"not_picked":["Hemokinesis","Twin Strike","Perfected Strike"],"picked":"SKIP","floor":20},{"not_picked":["Sword Boomerang","Cleave+1"],"picked":"Burning Pact","floor":21},{"not_picked":["Flex+1","Iron Wave","Warcry"],"picked":"SKIP","floor":22}],"player_experience":133556,"potions_floor_usage":[7,10,16,16,21,22,25],"damage_taken":[{"damage":9,"enemies":"2 Louse","floor":1,"turns":3},{"damage":6,"enemies":"Cultist","floor":2,"turns":3},{"damage":5,"enemies":"Small Slimes","floor":3,"turns":4},{"damage":36,"enemies":"Gremlin Gang","floor":5,"turns":10},{"damage":25,"enemies":"3 Sentries","floor":7,"turns":14},{"damage":35,"enemies":"Lagavulin","floor":10,"turns":4},{"damage":0,"enemies":"Looter","floor":12,"turns":2},{"damage":7,"enemies":"Gremlin Nob","floor":14,"turns":4},{"damage":24,"enemies":"Slime Boss","floor":16,"turns":12},{"damage":0,"enemies":"2 Thieves","floor":18,"turns":4},{"damage":0,"enemies":"Spheric Guardian","floor":20,"turns":12},{"damage":0,"enemies":"Snecko","floor":21,"turns":5},{"damage":7,"enemies":"3 Cultists","floor":22,"turns":7},{"damage":92,"enemies":"Book of Stabbing","floor":25,"turns":12}],"event_choices":[{"event_name":"Transmorgrifier","player_choice":"Transform","floor":4,"damage_taken":0},{"event_name":"Back to Basics","player_choice":"Elegance","floor":19,"damage_taken":0},{"event_name":"The Library","player_choice":"Read","floor":24,"damage_taken":0}],"boss_relics":[{"not_picked":["Philosopher\u0027s Stone","Eternal Feather"],"picked":"Astrolabe"}],"potions_floor_spawned":[1,7,10,14,18,21,22],"seed_played":"3725326026358869816","killed_by":"Book of Stabbing","ascension_level":4,"is_trial":false}