{"gold_per_floor":[116,126,144,144,154,182,182,192,218,28,55,67,92,139,151,263,275,302,264,288,300,312],"floor_reached":22,"playtime":1347,"items_purged":["Strike_R"],"score":268,"play_id":"286ea6eb-650b-47d9-8002-5058dd8d4918","local_time":"20190211003528","is_ascension_mode":true,"campfire_choices":[{"data":"Whirlwind","floor":7,"key":"SMITH"},{"data":"True Grit","floor":12,"key":"SMITH"},{"floor":15,"key":"REST"}],"neow_cost":"NONE","seed_source_timestamp":1629025967670746,"circlet_count":0,"master_deck":["Strike_R","Strike_R","Strike_R","Strike_R","Defend_R","Defend_R+1","Defend_R","Defend_R+1","Bash","Offering","Whirlwind+1","Inflame","Perfected Strike","Hemokinesis","Combust","Impervious","True Grit+1","Double Tap","Spot Weakness","Feed","Feel No Pain"],"relics":["Black Blood","Girya","Ancient Tea Set","War Paint","MawBank","Pen Nib"],"potions_floor_usage":[6],"damage_taken":[{"damage":8,"enemies":"Jaw Worm","floor":1,"turns":5},{"damage":1,"enemies":"Cultist","floor":2,"turns":3},{"damage":15,"enemies":"Small Slimes","floor":3,"turns":2},{"damage":6,"enemies":"2 Fungi Beasts","floor":5,"turns":1},{"damage":27,"enemies":"Lagavulin","floor":6,"turns":6},{"damage":0,"enemies":"Exordium Wildlife","floor":8,"turns":1},{"damage":8,"enemies":"Gremlin Nob","floor":11,"turns":4},{"damage":11,"enemies":"Large Slime","floor":13,"turns":3},{"damage":12,"enemies":"3 Sentries","floor":14,"turns":4},{"damage":57,"enemies":"Slime Boss","floor":16,"turns":8},{"damage":29,"enemies":"Shell Parasite","floor":18,"turns":5},{"damage":29,"enemies":"Spheric Guardian","floor":20,"turns":5},{"damage":39,"enemies":"Cultist and Chosen","floor":22,"turns":4}],"seed_played":"2251334082297100788","potions_obtained":[{"floor":1,"key":"Regen Potion"},{"floor":5,"key":"Weak Potion"},{"floor":6,"key":"Dexterity Potion"},{"floor":20,"key":"Dexterity Potion"}],"is_trial":false,"path_per_floor":["M","M","M","?","M","E","R","M","T","$","E","R","M","E","R","B",null,"M","?","M","$","M"],"character_chosen":"IRONCLAD","items_purchased":["Impervious","True Grit"],"campfire_rested":1,"item_purchase_floors":[10,10],"current_hp_per_floor":[70,75,66,66,66,45,45,51,51,51,49,49,44,38,62,11,63,47,47,28,28,0],"gold":312,"neow_bonus":"ONE_RANDOM_RARE_CARD","is_prod":false,"is_daily":false,"chose_seed":false,"campfire_upgraded":2,"win_rate":0,"timestamp":1549863328,"path_taken":["M","M","M","?","M","E","R","M","T","$","E","R","M","E","R","BOSS","M","?","M","$","M"],"build_version":"2019-01-23","purchased_purges":1,"victory":false,"max_hp_per_floor":[80,80,80,80,80,80,80,80,80,80,80,80,80,80,80,80,80,83,83,83,83,83],"card_choices":[{"not_picked":["Warcry","Body Slam"],"picked":"Whirlwind","floor":1},{"not_picked":["Thunderclap","Wild Strike"],"picked":"Inflame","floor":2},{"not_picked":["Body Slam","Shrug It Off"],"picked":"Perfected Strike","floor":3},{"not_picked":["Twin Strike","Thunderclap"],"picked":"Hemokinesis","floor":5},{"not_picked":["Dropkick","Pommel Strike","Twin Strike"],"picked":"SKIP","floor":6},{"not_picked":["Hemokinesis","Cleave"],"picked":"Combust","floor":8},{"not_picked":["Whirlwind","Headbutt"],"picked":"Double Tap","floor":11},{"not_picked":["Flex","Headbutt","Anger"],"picked":"SKIP","floor":13},{"not_picked":["Pummel","Fire Breathing"],"picked":"Spot Weakness","floor":14},{"not_picked":["Exhume","Brutality"],"picked":"Feed","floor":16},{"not_picked":["Armaments","Perfected Strike","Flex"],"picked":"SKIP","floor":18},{"not_picked":["True Grit+1","Armaments"],"picked":"Feel No Pain","floor":20}],"player_experience":1538566,"relics_obtained":[{"floor":6,"key":"Ancient Tea Set"},{"floor":9,"key":"War Paint"},{"floor":11,"key":"MawBank"},{"floor":14,"key":"Pen Nib"}],"event_choices":[{"damage_healed":0,"gold_gain":0,"player_choice":"Gave Potion","damage_taken":0,"relics_obtained":["Girya"],"max_hp_gain":0,"max_hp_loss":0,"event_name":"WeMeetAgain","floor":4,"gold_loss":0},{"damage_healed":0,"gold_gain":0,"player_choice":"Bet on Murderer","damage_taken":0,"max_hp_gain":0,"max_hp_loss":0,"event_name":"The Joust","floor":19,"gold_loss":50}],"is_beta":false,"boss_relics":[{"not_picked":["Pandora\u0027s Box","Lizard Tail"],"picked":"Black Blood"}],"items_purged_floors":[10],"is_endless":false,"potions_floor_spawned":[1,5,6,20],"killed_by":"Cultist and Chosen","ascension_level":6}