{"gold_per_floor":[217,234,22,38,38,66,77,77,100,116,81,99,99,130,130,203,203,219,31,41,41,41,41,54,54,54,54,54,54],"floor_reached":29,"playtime":1226,"items_purged":["Strike_B"],"score":431,"play_id":"de1a95ce-74c2-43f7-b733-d7b73d2cd6ea","local_time":"20190124224929","is_ascension_mode":true,"campfire_choices":[{"data":"Dualcast","floor":8,"key":"SMITH"},{"data":"Coolheaded","floor":13,"key":"SMITH"},{"data":"Sunder","floor":15,"key":"SMITH"},{"data":"Streamline","floor":23,"key":"SMITH"},{"data":"Glacier","floor":25,"key":"SMITH"},{"data":"Coolheaded","floor":27,"key":"SMITH"}],"neow_cost":"NONE","seed_source_timestamp":276539637152050,"circlet_count":0,"master_deck":["AscendersBane","Strike_B","Strike_B","Strike_B","Defend_B","Defend_B","Defend_B","Defend_B","Zap+1","Dualcast+1","Streamline+1","Steam","Sunder+1","Chill","Electrodynamics","Coolheaded+1","Barrage","Glacier+1","Seek","Ball Lightning","Self Repair","Coolheaded+1","Glacier","White Noise+1"],"relics":["Cracked Core","Blood Vial","Potion Belt","Smiling Mask","White Beast Statue","Meat on the Bone","Ornamental Fan","Nloth\u0027s Gift"],"potions_floor_usage":[6,18,18,18,20,24],"damage_taken":[{"damage":2,"enemies":"Cultist","floor":1,"turns":4},{"damage":0,"enemies":"2 Louse","floor":2,"turns":2},{"damage":1,"enemies":"Jaw Worm","floor":4,"turns":3},{"damage":23,"enemies":"Lagavulin","floor":6,"turns":5},{"damage":11,"enemies":"Red Slaver","floor":7,"turns":3},{"damage":0,"enemies":"Large Slime","floor":10,"turns":3},{"damage":0,"enemies":"Gremlin Gang","floor":12,"turns":2},{"damage":14,"enemies":"3 Sentries","floor":14,"turns":3},{"damage":6,"enemies":"Slime Boss","floor":16,"turns":9},{"damage":0,"enemies":"Chosen","floor":18,"turns":5},{"damage":24,"enemies":"Shell Parasite","floor":20,"turns":5},{"damage":35,"enemies":"Chosen and Byrds","floor":24,"turns":11},{"damage":27,"enemies":"Cultist and Chosen","floor":29,"turns":5}],"seed_played":"2971250079235833478","potions_obtained":[{"floor":1,"key":"Poison Potion"},{"floor":2,"key":"FearPotion"},{"floor":12,"key":"Weak Potion"},{"floor":14,"key":"GamblersBrew"},{"floor":16,"key":"Regen Potion"},{"floor":18,"key":"FocusPotion"},{"floor":20,"key":"Explosive Potion"},{"floor":24,"key":"LiquidBronze"}],"is_trial":false,"path_per_floor":["M","M","$","M","?","E","M","R","T","M","?","M","R","E","R","B",null,"M","$","M","?","?","R","M","R","T","R","?","M"],"character_chosen":"DEFECT","items_purchased":["Blood Vial","Sunder","Self Repair","Coolheaded"],"campfire_rested":0,"item_purchase_floors":[3,3,19,19],"current_hp_per_floor":[62,62,62,63,63,42,33,33,33,35,52,54,54,42,42,38,63,65,65,48,48,39,39,25,25,25,25,25,0],"gold":54,"neow_bonus":"HUNDRED_GOLD","is_prod":false,"is_daily":false,"chose_seed":false,"campfire_upgraded":6,"win_rate":0,"timestamp":1548391769,"path_taken":["M","M","$","M","?","E","?","R","T","M","?","M","R","E","R","BOSS","M","$","M","?","?","R","M","R","T","R","?","?"],"build_version":"2019-01-23","purchased_purges":1,"victory":false,"max_hp_per_floor":[71,71,71,71,71,71,71,71,71,71,71,71,71,71,71,71,71,71,71,71,71,71,71,71,71,71,71,71,71],"card_choices":[{"not_picked":["Static Discharge","Chaos"],"picked":"Streamline","floor":1},{"not_picked":["Consume","Streamline"],"picked":"Steam","floor":2},{"not_picked":["Ball Lightning","Hologram"],"picked":"Chill","floor":4},{"not_picked":["Chill","Rip and Tear"],"picked":"Electrodynamics","floor":6},{"not_picked":["Ball Lightning","Lockon"],"picked":"Coolheaded","floor":7},{"not_picked":["Genetic Algorithm","Stack"],"picked":"Barrage","floor":10},{"not_picked":["Streamline","Gash","Turbo"],"picked":"SKIP","floor":12},{"not_picked":["Doom and Gloom","Go for the Eyes"],"picked":"Glacier","floor":14},{"not_picked":["Fission","Amplify"],"picked":"Seek","floor":16},{"not_picked":["Blizzard+1","Steam"],"picked":"Ball Lightning","floor":18},{"not_picked":["Barrage","Sweeping Beam"],"picked":"Glacier","floor":20},{"not_picked":["Auto Shields","Hologram"],"picked":"White Noise+1","floor":24}],"player_experience":470422,"relics_obtained":[{"floor":6,"key":"Potion Belt"},{"floor":9,"key":"Juzu Bracelet"},{"floor":14,"key":"Smiling Mask"},{"floor":26,"key":"Ornamental Fan"}],"event_choices":[{"damage_healed":0,"gold_gain":0,"player_choice":"Forge","damage_taken":0,"max_hp_gain":0,"max_hp_loss":0,"event_name":"Accursed Blacksmith","floor":5,"gold_loss":0,"cards_upgraded":["Zap"]},{"damage_healed":17,"gold_gain":0,"player_choice":"Healed","damage_taken":0,"max_hp_gain":0,"max_hp_loss":0,"event_name":"The Cleric","floor":11,"gold_loss":35},{"damage_healed":0,"gold_gain":0,"player_choice":"Gave Potion","damage_taken":0,"relics_obtained":["Meat on the Bone"],"max_hp_gain":0,"max_hp_loss":0,"event_name":"WeMeetAgain","floor":21,"gold_loss":0},{"damage_healed":0,"gold_gain":0,"player_choice":"Stopped","damage_taken":9,"max_hp_gain":0,"max_hp_loss":0,"event_name":"Cursed Tome","floor":22,"gold_loss":0},{"damage_healed":0,"gold_gain":0,"player_choice":"Traded Relic","damage_taken":0,"relics_obtained":["Nloth\u0027s Gift"],"max_hp_gain":0,"max_hp_loss":0,"event_name":"N\u0027loth","floor":28,"relics_lost":["Juzu Bracelet"],"gold_loss":0}],"is_beta":false,"boss_relics":[{"not_picked":["Tiny House","Philosopher\u0027s Stone"],"picked":"White Beast Statue"}],"items_purged_floors":[19],"is_endless":false,"potions_floor_spawned":[1,2,12,14,16,18,20,24],"killed_by":"Cultist and Chosen","ascension_level":17}