{"gold_per_floor":[110,127,138,138,148,183,183,183],"floor_reached":8,"playtime":595,"items_purged":[],"score":107,"play_id":"fd4946be-9ec7-4f04-9f83-5cfb76dfa5df","local_time":"20190309130623","is_ascension_mode":true,"campfire_choices":[{"data":"Neutralize","floor":7,"key":"SMITH"}],"neow_cost":"NONE","seed_source_timestamp":479609641377185,"circlet_count":0,"master_deck":["AscendersBane","Defend_G","Defend_G","Defend_G","Defend_G","Defend_G","Strike_G","Strike_G","Strike_G","Strike_G","Survivor","Neutralize+1","Sucker Punch","Deflect","Grand Finale","Backstab","Slice"],"relics":["Ring of the Snake","Meat on the Bone"],"potions_floor_usage":[5,6,6],"damage_taken":[{"damage":8,"enemies":"Cultist","floor":1,"turns":4},{"damage":0,"enemies":"2 Louse","floor":2,"turns":4},{"damage":0,"enemies":"Jaw Worm","floor":3,"turns":6},{"damage":0,"enemies":"Blue Slaver","floor":5,"turns":7},{"damage":52,"enemies":"Gremlin Nob","floor":6,"turns":7},{"damage":20,"enemies":"3 Sentries","floor":8,"turns":2}],"seed_played":"3502621421292069691","potions_obtained":[{"floor":1,"key":"Swift Potion"},{"floor":4,"key":"Swift Potion"},{"floor":4,"key":"Regen Potion"},{"floor":5,"key":"Weak Potion"},{"floor":6,"key":"Weak Potion"}],"is_trial":false,"path_per_floor":["M","M","M","?","M","E","R","E"],"character_chosen":"THE_SILENT","items_purchased":[],"campfire_rested":0,"item_purchase_floors":[],"current_hp_per_floor":[51,51,51,51,66,14,14,0],"gold":183,"neow_bonus":"TRANSFORM_CARD","is_prod":false,"is_daily":false,"chose_seed":false,"campfire_upgraded":1,"win_rate":0,"timestamp":1552154783,"path_taken":["M","M","M","?","M","E","R","E"],"build_version":"2019-01-23","purchased_purges":0,"victory":false,"max_hp_per_floor":[66,66,66,66,66,66,66,66],"card_choices":[{"not_picked":["Outmaneuver","Backflip"],"picked":"Deflect","floor":1},{"not_picked":["Quick Slash","Flechettes"],"picked":"Grand Finale","floor":2},{"not_picked":["Dodge and Roll","Sucker Punch","Reflex"],"picked":"SKIP","floor":3},{"not_picked":["Acrobatics","Leg Sweep"],"picked":"Backstab","floor":5},{"not_picked":["Escape Plan","Outmaneuver"],"picked":"Slice","floor":6}],"player_experience":903235,"relics_obtained":[{"floor":6,"key":"Meat on the Bone"}],"event_choices":[{"damage_healed":0,"gold_gain":0,"player_choice":"Got Potions","damage_taken":0,"max_hp_gain":0,"max_hp_loss":0,"event_name":"Lab","floor":4,"gold_loss":0}],"is_beta":false,"boss_relics":[],"items_purged_floors":[],"is_endless":false,"potions_floor_spawned":[1,5,6],"killed_by":"3 Sentries","ascension_level":17}