{"path_per_floor":["M","M","?","?","M","R","M","E","T","M","R","M","R","E","R","B",null,"M","$","M","M","$","R","E","R","T","M","R","M","E"],"character_chosen":"THE_SILENT","items_purchased":["Oddly Smooth Stone","Kunai"],"gold_per_floor":[114,128,128,203,227,227,251,294,321,336,336,356,356,399,399,522,522,492,266,287,306,51,51,89,89,114,132,132,157,196,196],"floor_reached":31,"campfire_rested":3,"playtime":2501,"current_hp_per_floor":[56,56,56,45,45,45,45,20,20,18,37,37,37,18,37,37,58,56,56,56,30,30,30,30,30,30,11,30,30,11,0],"items_purged":["Regret"],"gold":196,"score":489,"play_id":"d166f8a1-207e-49e2-8242-92111502d3e1","local_time":"20180414173327","is_prod":false,"is_daily":false,"chose_seed":false,"is_ascension_mode":true,"campfire_upgraded":4,"timestamp":1523720007,"path_taken":["M","M","?","?","?","R","M","E","T","M","R","M","R","E","R","BOSS","M","$","?","M","$","R","E","R","T","M","R","M","E","M"],"build_version":"2018-04-12","seed_source_timestamp":206211500495223,"purchased_purges":1,"victory":false,"master_deck":["Defend_G","Defend_G","Defend_G","Defend_G","Strike_G","Strike_G+1","Strike_G+1","Survivor","Neutralize","Riddle With Holes+1","Doppelganger+1","Outmaneuver+1","Calculated Gamble+1","Cloak And Dagger+1","PiercingWail","Sucker Punch+1","Footwork","Malaise+1","Slice","After Image","Adrenaline","Injury","Decay","Dagger Throw+1","Leg Sweep+1","Dagger Throw","Acrobatics+1","Prepared+1","Noxious Fumes","Blade Dance","Finisher"],"max_hp_per_floor":[70,70,65,65,65,65,65,65,65,65,65,65,65,65,65,65,65,65,65,65,65,65,65,65,65,65,65,65,65,65,65],"relics":["Astrolabe","Golden Idol","Anchor","Whetstone","Tough Bandages","Calling Bell","Vajra","Bag of Preparation","Ginger","Oddly Smooth Stone","Kunai","Dream Catcher","Omamori","Prayer Wheel"],"card_choices":[{"not_picked":["Skewer","Prepared"],"picked":"Calculated Gamble","floor":1},{"not_picked":["Dodge and Roll","Choke"],"picked":"Cloak And Dagger","floor":2},{"not_picked":["Dagger Throw","Dodge and Roll"],"picked":"PiercingWail","floor":5},{"not_picked":["Poisoned Stab","Quick Slash"],"picked":"Sucker Punch","floor":7},{"not_picked":["Blade Dance","Calculated Gamble"],"picked":"Footwork","floor":8},{"not_picked":["Flying Knee","Acrobatics"],"picked":"Malaise","floor":10},{"not_picked":["Dagger Spray","Expertise"],"picked":"Slice","floor":12},{"not_picked":["PiercingWail","Blur"],"picked":"After Image","floor":14},{"not_picked":["Glass Knife","Corpse Explosion"],"picked":"Adrenaline","floor":16},{"not_picked":["PiercingWail","Deadly Poison"],"picked":"Dagger Throw","floor":18},{"not_picked":["Dagger Spray","Dagger Throw"],"picked":"Leg Sweep","floor":20},{"not_picked":["Escape Plan","Dodge and Roll"],"picked":"Dagger Throw","floor":21},{"not_picked":["Masterful Stab","Sucker Punch"],"picked":"Acrobatics","floor":24},{"not_picked":["PiercingWail","Die Die Die"],"picked":"Prepared","floor":27},{"not_picked":["Flying Knee","Backstab"],"picked":"Noxious Fumes","floor":28},{"not_picked":["All Out Attack","Accuracy"],"picked":"Blade Dance","floor":29},{"not_picked":["Grand Finale","Underhanded Strike"],"picked":"Finisher","floor":30}],"player_experience":277995,"potions_floor_usage":[8,12,18,30],"damage_taken":[{"damage":7,"enemies":"Jaw Worm","floor":1,"turns":4},{"damage":0,"enemies":"2 Louse","floor":2,"turns":3},{"damage":0,"enemies":"Small Slimes","floor":5,"turns":3},{"damage":0,"enemies":"3 Louse","floor":7,"turns":4},{"damage":25,"enemies":"Gremlin Nob","floor":8,"turns":4},{"damage":2,"enemies":"2 Fungi Beasts","floor":10,"turns":4},{"damage":0,"enemies":"Gremlin Gang","floor":12,"turns":4},{"damage":19,"enemies":"3 Sentries","floor":14,"turns":9},{"damage":0,"enemies":"The Guardian","floor":16,"turns":15},{"damage":2,"enemies":"2 Thieves","floor":18,"turns":5},{"damage":0,"enemies":"Spheric Guardian","floor":20,"turns":3},{"damage":26,"enemies":"Cultist and Chosen","floor":21,"turns":12},{"damage":0,"enemies":"Book of Stabbing","floor":24,"turns":6},{"damage":19,"enemies":"Sentry and Sphere","floor":27,"turns":6},{"damage":0,"enemies":"Centurion and Healer","floor":29,"turns":7},{"damage":19,"enemies":"Gremlin Leader","floor":30,"turns":11},{"damage":13,"enemies":"Snake Plant","floor":31,"turns":3}],"event_choices":[{"event_name":"Golden Idol","player_choice":"Lose Max HP","floor":3,"damage_taken":0},{"event_name":"World of Goop","player_choice":"Gather Gold","floor":4,"damage_taken":0}],"boss_relics":[{"not_picked":["Velvet Choker","White Beast Statue"],"picked":"Calling Bell"}],"potions_floor_spawned":[1,2,10,14,21,24,30],"seed_played":"6231528704026447792","killed_by":"Snake Plant","ascension_level":7,"is_trial":false}