{"gold_per_floor":[14,34,48,65,65,92,92,106,106,106],"floor_reached":10,"playtime":669,"items_purged":[],"score":70,"play_id":"eed5d124-f177-4006-92ab-9cf17c4f6b30","local_time":"20190220021543","is_ascension_mode":false,"campfire_choices":[],"neow_cost":"NO_GOLD","seed_source_timestamp":35382958551032,"circlet_count":0,"master_deck":["Strike_R","Strike_R","Strike_R","Defend_R","Defend_R","Defend_R","Bash","Metallicize","Pommel Strike+1","Twin Strike","Anger"],"relics":["Burning Blood","Strawberry","The Courier"],"potions_floor_usage":[],"damage_taken":[{"damage":5,"enemies":"Jaw Worm","floor":1,"turns":4},{"damage":3,"enemies":"2 Louse","floor":2,"turns":3},{"damage":0,"enemies":"Small Slimes","floor":3,"turns":3},{"damage":2,"enemies":"Exordium Wildlife","floor":4,"turns":5},{"damage":29,"enemies":"3 Sentries","floor":6,"turns":9},{"damage":10,"enemies":"Exordium Thugs","floor":8,"turns":5}],"seed_played":"-8849609181227923612","potions_obtained":[{"floor":2,"key":"SteroidPotion"},{"floor":3,"key":"LiquidBronze"},{"floor":4,"key":"FearPotion"}],"is_trial":false,"path_per_floor":["M","M","M","M","?","E","?","M","T","$"],"character_chosen":"IRONCLAD","items_purchased":[],"campfire_rested":0,"item_purchase_floors":[],"current_hp_per_floor":[80,80,80,80,80,64,57,53,53,53],"gold":106,"neow_bonus":"REMOVE_TWO","is_prod":false,"is_daily":false,"chose_seed":false,"campfire_upgraded":0,"win_rate":0,"timestamp":1550621743,"path_taken":["M","M","M","M","?","E","?","M","T","$"],"build_version":"2019-01-23","purchased_purges":0,"victory":false,"max_hp_per_floor":[80,80,80,80,80,87,87,87,87,87],"card_choices":[{"not_picked":["Twin Strike","Warcry"],"picked":"Metallicize","floor":1},{"not_picked":["Pummel","Shockwave"],"picked":"Pommel Strike","floor":2},{"not_picked":["Flex","Pommel Strike","Body Slam"],"picked":"SKIP","floor":3},{"not_picked":["Perfected Strike","Feel No Pain"],"picked":"Twin Strike","floor":4},{"not_picked":["Body Slam","Clash","Corruption"],"picked":"SKIP","floor":6},{"not_picked":["Twin Strike","Heavy Blade"],"picked":"Anger","floor":8}],"player_experience":434548,"relics_obtained":[{"floor":6,"key":"Strawberry"},{"floor":9,"key":"The Courier"}],"event_choices":[{"damage_healed":0,"gold_gain":0,"player_choice":"Grow","damage_taken":0,"max_hp_gain":0,"max_hp_loss":0,"event_name":"Living Wall","floor":5,"gold_loss":0,"cards_upgraded":["Pommel Strike"]},{"cards_removed":["Strike_R"],"damage_healed":0,"gold_gain":0,"player_choice":"Card Removal","damage_taken":7,"max_hp_gain":0,"max_hp_loss":0,"event_name":"Golden Wing","floor":7,"gold_loss":0}],"is_beta":false,"boss_relics":[],"items_purged_floors":[],"is_endless":false,"potions_floor_spawned":[2,3,4],"ascension_level":0}