{"gold_per_floor":[110,120,138,153,165,165,187,219,219,219,50,50,50,70,70,166,166,134,49,49],"floor_reached":20,"playtime":944,"items_purged":["Strike_R"],"score":313,"play_id":"1d18408a-a09e-4ba6-adde-a7fe91cbbfdb","local_time":"20190303123047","is_ascension_mode":true,"campfire_choices":[{"data":"Bash","floor":6,"key":"SMITH"},{"floor":10,"key":"REST"},{"data":"Disarm","floor":13,"key":"SMITH"},{"data":"Metallicize","floor":15,"key":"SMITH"}],"neow_cost":"TEN_PERCENT_HP_LOSS","seed_source_timestamp":61438117305725,"circlet_count":0,"master_deck":["AscendersBane","Strike_R","Strike_R","Strike_R","Strike_R","Defend_R","Defend_R","Defend_R","Defend_R","Bash+1","Twin Strike","Shrug It Off","Burning Pact","Anger","Iron Wave","Metallicize+1","Disarm+1","Finesse+1","Clothesline","Demon Form","Heavy Blade"],"relics":["Burning Blood","Unceasing Top","Odd Mushroom","Bag of Preparation","Toxic Egg 2","Golden Idol","Lizard Tail","Turnip"],"potions_floor_usage":[4,8,18,18],"damage_taken":[{"damage":0,"enemies":"Small Slimes","floor":1,"turns":3},{"damage":9,"enemies":"Jaw Worm","floor":2,"turns":4},{"damage":0,"enemies":"2 Louse","floor":3,"turns":3},{"damage":14,"enemies":"Looter","floor":4,"turns":4},{"damage":14,"enemies":"Exordium Thugs","floor":5,"turns":6},{"damage":28,"enemies":"The Mushroom Lair","floor":7,"turns":5},{"damage":25,"enemies":"Lagavulin","floor":8,"turns":6},{"damage":2,"enemies":"Large Slime","floor":14,"turns":7},{"damage":9,"enemies":"Hexaghost","floor":16,"turns":10},{"damage":23,"enemies":"2 Thieves","floor":18,"turns":5},{"damage":73,"enemies":"Masked Bandits","floor":20,"turns":5}],"seed_played":"2832681791328607006","potions_obtained":[{"floor":1,"key":"BloodPotion"},{"floor":7,"key":"PowerPotion"},{"floor":14,"key":"Fire Potion"},{"floor":16,"key":"Swift Potion"}],"is_trial":false,"path_per_floor":["M","M","M","M","M","R","?","E","T","R","$","?","R","M","R","B",null,"M","?","?"],"character_chosen":"IRONCLAD","items_purchased":["Finesse+1"],"campfire_rested":1,"item_purchase_floors":[11],"current_hp_per_floor":[68,65,68,66,58,58,36,17,17,37,37,37,37,41,41,38,56,39,39,0],"gold":49,"neow_bonus":"ONE_RARE_RELIC","is_prod":false,"is_daily":false,"chose_seed":false,"campfire_upgraded":3,"win_rate":0,"timestamp":1551634247,"path_taken":["M","M","M","M","M","R","?","E","T","R","$","?","R","M","R","BOSS","M","?","?"],"build_version":"2019-01-23","purchased_purges":1,"victory":false,"max_hp_per_floor":[68,68,68,68,68,68,68,68,68,68,68,62,62,62,62,62,62,62,62,62],"card_choices":[{"not_picked":["Sentinel","Intimidate"],"picked":"Twin Strike","floor":1},{"not_picked":["Power Through","Cleave"],"picked":"Shrug It Off","floor":2},{"not_picked":["Rupture","Entrench"],"picked":"Burning Pact","floor":3},{"not_picked":["Sever Soul","Sword Boomerang"],"picked":"Anger","floor":4},{"not_picked":["Disarm","Warcry"],"picked":"Iron Wave","floor":5},{"not_picked":["Havoc","Pommel Strike"],"picked":"Metallicize","floor":7},{"not_picked":["Anger","Twin Strike"],"picked":"Disarm","floor":8},{"not_picked":["Pummel","Wild Strike"],"picked":"Clothesline","floor":14},{"not_picked":["Barricade","Brutality"],"picked":"Demon Form","floor":16},{"not_picked":["Twin Strike","Combust"],"picked":"Heavy Blade","floor":18}],"player_experience":797490,"relics_obtained":[{"floor":7,"key":"Odd Mushroom"},{"floor":8,"key":"Bag of Preparation"},{"floor":9,"key":"Toxic Egg 2"}],"event_choices":[{"damage_healed":0,"gold_gain":0,"player_choice":"Fought Mushrooms","damage_taken":0,"max_hp_gain":0,"max_hp_loss":0,"event_name":"Mushrooms","floor":7,"gold_loss":0},{"damage_healed":0,"gold_gain":0,"player_choice":"Lose Max HP","damage_taken":0,"relics_obtained":["Golden Idol"],"max_hp_gain":0,"max_hp_loss":6,"event_name":"Golden Idol","floor":12,"gold_loss":0},{"damage_healed":0,"gold_gain":0,"player_choice":"Obtained Relic","damage_taken":0,"relics_obtained":["Turnip"],"max_hp_gain":0,"max_hp_loss":0,"event_name":"Addict","floor":19,"gold_loss":85},{"damage_healed":0,"gold_gain":0,"player_choice":"Fought Bandits","damage_taken":0,"max_hp_gain":0,"max_hp_loss":0,"event_name":"Masked Bandits","floor":20,"gold_loss":0}],"is_beta":false,"boss_relics":[{"not_picked":["Pandora\u0027s Box","Velvet Choker"],"picked":"Lizard Tail"}],"items_purged_floors":[11],"is_endless":false,"potions_floor_spawned":[1,7,14,16],"killed_by":"Masked Bandits","ascension_level":16}