{"gold_per_floor":[117,67,67,81,81,114,132,147,172,184,211,211,225,243,243,342,342,355,371,371,246,260,276,606,618,618,618,717,734,734,754,754,853,853,866,879,879,879,700,732,732,744,790,790,809,809,809,827,827,827],"floor_reached":51,"playtime":1304,"items_purged":["Strike_R","Strike_R+1"],"score":788,"play_id":"6acdedab-9959-4927-86fa-d3a569a78c3e","local_time":"20190301175101","is_ascension_mode":false,"campfire_choices":[{"data":"Whirlwind","floor":15,"key":"SMITH"},{"floor":27,"key":"REST"},{"floor":32,"key":"REST"},{"floor":41,"key":"REST"},{"floor":44,"key":"REST"},{"floor":46,"key":"REST"},{"floor":49,"key":"REST"}],"neow_cost":"NONE","seed_source_timestamp":1275512858814007,"circlet_count":0,"master_deck":["Strike_R+1","Strike_R+1","Defend_R+1","Defend_R+1","Defend_R+1","Defend_R+1","Bash+1","Anger+1","True Grit+1","Whirlwind+1","Shockwave+1","Twin Strike+1","Flame Barrier+1","Shrug It Off+1","Demon Form+1","Shrug It Off+1","Heavy Blade+1","Cleave+1","Rampage+1","Uppercut+1","Iron Wave+1","Metallicize+1","Iron Wave+1","Juggernaut+1","Whirlwind","Pommel Strike+1","Parasite","Shame","Armaments+1"],"relics":["Burning Blood","NeowsBlessing","Bag of Marbles","PreservedInsect","Anchor","Red Skull","Fusion Hammer","Turnip","Old Coin","FossilizedHelix","Cursed Key","Mark of the Bloom","Bottled Flame","Lantern"],"potions_floor_usage":[16,16,33,33,50,50],"damage_taken":[{"damage":0,"enemies":"Cultist","floor":1,"turns":1},{"damage":0,"enemies":"2 Louse","floor":4,"turns":1},{"damage":0,"enemies":"Gremlin Nob","floor":6,"turns":1},{"damage":4,"enemies":"Jaw Worm","floor":7,"turns":3},{"damage":0,"enemies":"3 Louse","floor":8,"turns":3},{"damage":0,"enemies":"2 Fungi Beasts","floor":10,"turns":3},{"damage":12,"enemies":"3 Sentries","floor":11,"turns":4},{"damage":0,"enemies":"Lots of Slimes","floor":13,"turns":3},{"damage":0,"enemies":"Looter","floor":14,"turns":2},{"damage":35,"enemies":"The Guardian","floor":16,"turns":10},{"damage":5,"enemies":"Shell Parasite","floor":18,"turns":4},{"damage":7,"enemies":"2 Thieves","floor":19,"turns":4},{"damage":14,"enemies":"Centurion and Healer","floor":22,"turns":4},{"damage":16,"enemies":"Shelled Parasite and Fungi","floor":23,"turns":4},{"damage":16,"enemies":"Gremlin Leader","floor":24,"turns":4},{"damage":1,"enemies":"Snake Plant","floor":25,"turns":4},{"damage":18,"enemies":"Centurion and Healer","floor":29,"turns":5},{"damage":29,"enemies":"3 Cultists","floor":31,"turns":4},{"damage":42,"enemies":"Automaton","floor":33,"turns":7},{"damage":0,"enemies":"3 Darklings","floor":35,"turns":1},{"damage":0,"enemies":"3 Shapes","floor":36,"turns":5},{"damage":0,"enemies":"Reptomancer","floor":40,"turns":5},{"damage":0,"enemies":"Writhing Mass","floor":42,"turns":4},{"damage":0,"enemies":"4 Shapes","floor":45,"turns":5},{"damage":0,"enemies":"Transient","floor":48,"turns":5},{"damage":47,"enemies":"Time Eater","floor":50,"turns":9}],"seed_played":"-1518835568650644966","potions_obtained":[{"floor":6,"key":"SkillPotion"},{"floor":7,"key":"Weak Potion"},{"floor":10,"key":"EntropicBrew"},{"floor":16,"key":"SneckoOil"},{"floor":18,"key":"Strength Potion"},{"floor":25,"key":"Ancient Potion"},{"floor":31,"key":"Energy Potion"},{"floor":36,"key":"Ancient Potion"},{"floor":40,"key":"PowerPotion"}],"is_trial":false,"path_per_floor":["M","?","?","M","?","E","M","M","T","M","E","?","M","M","R","B",null,"M","M","?","$","M","M","E","M","T","R","?","M","?","M","R","B",null,"M","M","?","?","$","E","R","M","T","R","M","R","?","M","R","B",null],"character_chosen":"IRONCLAD","items_purchased":["Heavy Blade","Whirlwind"],"campfire_rested":6,"item_purchase_floors":[21,39],"current_hp_per_floor":[80,80,64,70,52,58,60,66,66,72,66,66,72,78,78,49,80,80,79,79,79,71,61,51,56,56,80,80,68,68,45,69,33,80,80,80,80,80,80,80,80,80,80,80,80,80,80,80,80,33],"gold":827,"neow_bonus":"THREE_ENEMY_KILL","is_prod":false,"is_daily":false,"chose_seed":false,"campfire_upgraded":1,"win_rate":0,"timestamp":1551484261,"path_taken":["M","?","?","M","?","E","M","?","T","M","E","?","M","M","R","BOSS","M","M","?","$","?","M","E","M","T","R","?","M","?","M","R","BOSS","M","M","?","?","$","E","R","M","T","R","?","R","?","M","R","BOSS"],"build_version":"2019-01-23","purchased_purges":2,"victory":true,"max_hp_per_floor":[80,80,80,80,80,80,80,80,80,80,80,80,80,80,80,80,80,80,80,80,80,80,80,80,80,80,80,80,80,80,80,80,80,80,80,80,80,80,80,80,80,80,80,80,80,80,80,80,80,80],"card_choices":[{"not_picked":["Burning Pact","Flex"],"picked":"Anger","floor":1},{"not_picked":["Cleave","Fire Breathing"],"picked":"True Grit","floor":4},{"not_picked":["Body Slam","Perfected Strike"],"picked":"Whirlwind","floor":6},{"not_picked":["Cleave","Perfected Strike"],"picked":"Shockwave","floor":7},{"not_picked":["Anger","Clash"],"picked":"Twin Strike","floor":8},{"not_picked":["Clash","Hemokinesis","Sever Soul"],"picked":"SKIP","floor":10},{"not_picked":["Whirlwind","True Grit"],"picked":"Flame Barrier","floor":11},{"not_picked":["Rage","Intimidate","Sever Soul"],"picked":"SKIP","floor":13},{"not_picked":["Wild Strike","Whirlwind"],"picked":"Shrug It Off","floor":14},{"not_picked":["Berserk","Limit Break"],"picked":"Demon Form","floor":16},{"not_picked":["Seeing Red+1","Havoc"],"picked":"Shrug It Off+1","floor":18},{"not_picked":["Armaments","Perfected Strike","Bloodletting"],"picked":"SKIP","floor":19},{"not_picked":["Flex","Clash","Dropkick"],"picked":"SKIP","floor":22},{"not_picked":["Power Through","Searing Blow"],"picked":"Cleave","floor":23},{"not_picked":["Shockwave","Carnage"],"picked":"Rampage","floor":24},{"not_picked":["Twin Strike","Inflame"],"picked":"Uppercut+1","floor":25},{"not_picked":["Wild Strike","Heavy Blade+1"],"picked":"Iron Wave","floor":29},{"not_picked":["Second Wind","Armaments"],"picked":"Iron Wave+1","floor":31},{"not_picked":["Limit Break","Immolate"],"picked":"Juggernaut","floor":33},{"not_picked":["True Grit","Heavy Blade","Seeing Red+1"],"picked":"SKIP","floor":35},{"not_picked":["Thunderclap+1","Flame Barrier","Rupture"],"picked":"SKIP","floor":36},{"not_picked":["True Grit","Warcry"],"picked":"Pommel Strike+1","floor":40},{"not_picked":["Thunderclap+1","Perfected Strike+1","Sentinel"],"picked":"SKIP","floor":42},{"not_picked":["Iron Wave","Seeing Red","Wild Strike+1"],"picked":"SKIP","floor":45},{"not_picked":["Twin Strike","Reckless Charge"],"picked":"Armaments+1","floor":48}],"player_experience":548739,"relics_obtained":[{"floor":6,"key":"PreservedInsect"},{"floor":9,"key":"Anchor"},{"floor":11,"key":"Red Skull"},{"floor":24,"key":"Old Coin"},{"floor":26,"key":"FossilizedHelix"},{"floor":40,"key":"Bottled Flame"},{"floor":43,"key":"Lantern"}],"event_choices":[{"cards_removed":["Strike_R"],"damage_healed":0,"gold_gain":0,"player_choice":"Card Removal","damage_taken":0,"max_hp_gain":0,"max_hp_loss":0,"event_name":"The Cleric","floor":2,"gold_loss":50},{"damage_healed":0,"gold_gain":0,"player_choice":"Entered Light","damage_taken":16,"max_hp_gain":0,"max_hp_loss":0,"event_name":"Shining Light","floor":3,"gold_loss":0,"cards_upgraded":["Strike_R","Defend_R"]},{"damage_healed":0,"gold_gain":0,"player_choice":"Success","damage_taken":18,"relics_obtained":["Bag of Marbles"],"max_hp_gain":0,"max_hp_loss":0,"event_name":"Scrap Ooze","floor":5,"gold_loss":0},{"damage_healed":0,"gold_gain":0,"player_choice":"Grow","damage_taken":0,"max_hp_gain":0,"max_hp_loss":0,"event_name":"Living Wall","floor":12,"gold_loss":0,"cards_upgraded":["Bash"]},{"damage_healed":0,"gold_gain":0,"player_choice":"Gave Potion","damage_taken":0,"relics_obtained":["Turnip"],"max_hp_gain":0,"max_hp_loss":0,"event_name":"WeMeetAgain","floor":20,"gold_loss":0},{"damage_healed":0,"gold_gain":99,"player_choice":"Stole From Cult","damage_taken":0,"max_hp_gain":0,"max_hp_loss":0,"event_name":"Nest","floor":28,"gold_loss":0},{"damage_healed":0,"gold_gain":0,"player_choice":"Read","damage_taken":0,"max_hp_gain":0,"max_hp_loss":0,"event_name":"The Library","floor":30,"gold_loss":0,"cards_obtained":["Metallicize"]},{"damage_healed":0,"gold_gain":0,"player_choice":"Ignored","damage_taken":0,"max_hp_gain":0,"max_hp_loss":0,"event_name":"Mysterious Sphere","floor":37,"gold_loss":0},{"damage_healed":0,"gold_gain":0,"player_choice":"Upgrade","damage_taken":0,"relics_obtained":["Mark of the Bloom"],"max_hp_gain":0,"max_hp_loss":0,"event_name":"MindBloom","floor":38,"gold_loss":0,"cards_upgraded":["Strike_R","Strike_R","Defend_R","Defend_R","Defend_R","Anger","True Grit","Shockwave","Twin Strike","Flame Barrier","Shrug It Off","Demon Form","Heavy Blade","Cleave","Rampage","Iron Wave","Metallicize","Juggernaut"]},{"damage_healed":0,"gold_gain":0,"player_choice":"Ignored","damage_taken":0,"max_hp_gain":0,"max_hp_loss":0,"event_name":"Tomb of Lord Red Mask","floor":47,"gold_loss":0}],"is_beta":false,"boss_relics":[{"not_picked":["Black Blood","Astrolabe"],"picked":"Fusion Hammer"},{"not_picked":["Black Star","Pandora\u0027s Box"],"picked":"Cursed Key"}],"items_purged_floors":[21,39],"is_endless":false,"potions_floor_spawned":[6,7,10,13,16,18,25,31,36,40,45],"ascension_level":0}