{"path_per_floor":["M","M","$","?","M","M","E","M","T","?","M","T","M","M","R","B",null,"M","M","$","M","T","R","M","R","T","M","?"],"character_chosen":"IRONCLAD","items_purchased":["Membership Card","Tiny Chest","Armaments","Lantern"],"gold_per_floor":[363,377,13,13,24,43,74,86,136,136,146,146,165,179,179,278,278,288,308,111,130,130,130,146,146,146,157,157],"floor_reached":29,"campfire_rested":1,"playtime":3926,"current_hp_per_floor":[80,79,79,79,76,61,53,42,42,42,45,45,39,45,45,9,80,54,53,53,44,44,68,68,68,68,43,27],"items_purged":["Decay","Regret"],"gold":157,"play_id":"4c46da53-eb03-4e7d-82c5-adc5390b525f","is_prod":false,"is_daily":false,"campfire_rituals":0,"campfire_upgraded":1,"is_hardmode":false,"path_taken":["M","M","$","?","?","M","E","M","T","?","M","?","M","M","R","BOSS","M","M","$","M","?","R","M","R","T","M","?","E"],"build_version":"2018-01-11-PROD2","purchased_purges":2,"victory":false,"master_deck":["Bash","Pommel Strike","Inflame","Armaments","Pummel","Searing Blow","Flex","Heavy Blade","True Grit","Sever Soul","Impervious","Headbutt","Hemokinesis","Armaments","Power Through","Hemokinesis","True Grit","Sever Soul","Feel No Pain","Power Through","Ghostly Armor","Warcry","Metallicize","Exhume","Metallicize"],"max_hp_per_floor":[80,80,80,80,80,80,80,80,80,80,80,80,80,80,80,80,80,80,80,80,80,80,80,80,80,80,80,80],"relics":["Burning Blood","Membership Card","Tiny Chest","Omamori","Dream Catcher","Calipers","Pandora\u0027s Box","Lantern","Girya","Enchiridion"],"campfire_meditates":0,"card_choices":[{"not_picked":["Shrug It Off","Perfected Strike"],"picked":"Pommel Strike"},{"not_picked":["Clash","Havoc"],"picked":"Inflame"},{"not_picked":["Body Slam","Berserk"],"picked":"Pummel"},{"not_picked":["Sword Boomerang","Perfected Strike"],"picked":"Searing Blow"},{"not_picked":["Berserk","Cleave"],"picked":"Flex"},{"not_picked":["Entrench","Havoc"],"picked":"Heavy Blade"},{"not_picked":["Pummel","Rupture"],"picked":"True Grit"},{"not_picked":["Corruption","Pummel"],"picked":"Sever Soul"},{"not_picked":["Juggernaut","Immolate"],"picked":"Impervious"},{"not_picked":["Pommel Strike","Havoc"],"picked":"Ghostly Armor"},{"not_picked":["Iron Wave","Armaments"],"picked":"Warcry"},{"not_picked":["True Grit","Cleave"],"picked":"Metallicize"},{"not_picked":["Havoc","Sever Soul"],"picked":"Exhume"},{"not_picked":["Cleave","Anger"],"picked":"Metallicize"}],"player_experience":243656,"potions_floor_usage":[7,14,16,16],"damage_taken":[{"damage":2,"enemies":"Small Slimes","floor":1,"turns":4},{"damage":7,"enemies":"2 Louse","floor":2,"turns":3},{"damage":9,"enemies":"Blue Slaver","floor":5,"turns":5},{"damage":21,"enemies":"Lots of Slimes","floor":6,"turns":5},{"damage":14,"enemies":"Gremlin Nob","floor":7,"turns":3},{"damage":17,"enemies":"Large Slime","floor":8,"turns":6},{"damage":3,"enemies":"Exordium Thugs","floor":11,"turns":4},{"damage":12,"enemies":"Looter","floor":13,"turns":3},{"damage":0,"enemies":"Lots of Slimes","floor":14,"turns":1},{"damage":42,"enemies":"Slime Boss","floor":16,"turns":11},{"damage":32,"enemies":"3 Byrds","floor":18,"turns":8},{"damage":7,"enemies":"Shell Parasite","floor":19,"turns":7},{"damage":15,"enemies":"3 Cultists","floor":21,"turns":10},{"damage":6,"enemies":"Chosen and Byrds","floor":24,"turns":12},{"damage":31,"enemies":"Snake Plant","floor":27,"turns":5},{"damage":43,"enemies":"Gremlin Leader","floor":29,"turns":11}],"event_choices":[{"event_name":"Big Fish","player_choice":"Box","floor":4,"damage_taken":0},{"event_name":"Upgrade Shrine","player_choice":"Upgraded","floor":10,"damage_taken":0},{"event_name":"Cursed Tome","player_choice":"Obtained Book","floor":28,"damage_taken":0}],"boss_relics":[{"not_picked":["Black Blood","Lizard Tail"],"picked":"Pandora\u0027s Box"}],"potions_floor_spawned":[2,8,13,14,24],"seed_played":"8983250472757868380","killed_by":"Gremlin Leader","is_trial":false}