{"gold_per_floor":[115,190,204,204,204,235,235,255,255,255,274,300,316,334,334,438,438,448,448,172,185,202,202,231,231,254,283,298,38,38,68,68,169,169,185,135,235,104,124,124,142,142,172,122,122,122,122,4,4,4],"floor_reached":50,"playtime":2937,"items_purged":["Defend_G","Defend_G","Strike_G","Defend_G","Strike_G"],"score":496,"play_id":"d24ba211-681a-4d72-a0af-aa0407960df3","local_time":"20180908134709","is_ascension_mode":false,"campfire_choices":[{"floor":10,"key":"REST"},{"data":"Noxious Fumes","floor":15,"key":"SMITH"},{"data":"Cloak And Dagger","floor":23,"key":"SMITH"},{"floor":25,"key":"REST"},{"floor":32,"key":"REST"},{"data":"Defend_G","floor":40,"key":"PURGE"},{"data":"Wraith Form v2","floor":45,"key":"PURGE"},{"data":"Strike_G","floor":47,"key":"PURGE"},{"data":"Strike_G","floor":49,"key":"PURGE"}],"neow_cost":"TEN_PERCENT_HP_LOSS","seed_source_timestamp":411354906813113,"circlet_count":0,"master_deck":["Defend_G","Strike_G","Survivor","Neutralize+1","Dodge and Roll","Dagger Throw","Dagger Throw","Cloak And Dagger+1","Endless Agony","Cloak And Dagger","Noxious Fumes+1","Masterful Stab","Flash of Steel","Masterful Stab","Noxious Fumes","Backstab","Infinite Blades","Infinite Blades","Slice","Cloak And Dagger+1","Well Laid Plans","Madness","Madness","Masterful Stab"],"relics":["Ring of the Snake","Unceasing Top","Potion Belt","Strawberry","Shuriken","Anchor","Philosopher\u0027s Stone","Smiling Mask","Pen Nib","Orichalcum","Ornamental Fan","Peace Pipe","Fusion Hammer","Tiny Chest"],"potions_floor_usage":[16,27,31,33,33,33,33],"damage_taken":[{"damage":0,"enemies":"2 Louse","floor":1,"turns":2},{"damage":0,"enemies":"Cultist","floor":3,"turns":4},{"damage":26,"enemies":"3 Sentries","floor":6,"turns":15},{"damage":0,"enemies":"Jaw Worm","floor":8,"turns":4},{"damage":3,"enemies":"Exordium Thugs","floor":11,"turns":5},{"damage":4,"enemies":"Blue Slaver","floor":13,"turns":4},{"damage":0,"enemies":"Looter","floor":14,"turns":3},{"damage":23,"enemies":"The Guardian","floor":16,"turns":10},{"damage":29,"enemies":"3 Byrds","floor":18,"turns":6},{"damage":0,"enemies":"2 Thieves","floor":21,"turns":4},{"damage":1,"enemies":"Sentry and Sphere","floor":22,"turns":5},{"damage":17,"enemies":"Slavers","floor":24,"turns":5},{"damage":17,"enemies":"Book of Stabbing","floor":27,"turns":4},{"damage":0,"enemies":"Chosen and Byrds","floor":28,"turns":4},{"damage":23,"enemies":"Gremlin Leader","floor":31,"turns":5},{"damage":36,"enemies":"Collector","floor":33,"turns":5},{"damage":4,"enemies":"3 Shapes","floor":35,"turns":5},{"damage":0,"enemies":"Orb Walker","floor":39,"turns":2},{"damage":10,"enemies":"Spire Growth","floor":41,"turns":4},{"damage":52,"enemies":"Time Eater","floor":50,"turns":5}],"seed_played":"2128872244177272004","potions_obtained":[{"floor":1,"key":"FearPotion"},{"floor":7,"key":"SkillPotion"},{"floor":7,"key":"PowerPotion"},{"floor":7,"key":"GamblersBrew"},{"floor":8,"key":"GamblersBrew"},{"floor":11,"key":"Weak Potion"},{"floor":13,"key":"PowerPotion"},{"floor":16,"key":"EssenceOfSteel"},{"floor":18,"key":"SteroidPotion"},{"floor":24,"key":"Strength Potion"},{"floor":27,"key":"Swift Potion"},{"floor":35,"key":"SneckoOil"}],"is_trial":false,"path_per_floor":["M","?","M","?","?","E","?","M","T","R","M","T","M","M","R","B",null,"M","?","$","M","M","R","E","R","T","E","M","$","?","E","R","B",null,"M","$","?","$","M","R","M","?","T","$","R","?","R","$","R"],"character_chosen":"THE_SILENT","items_purchased":["Flash of Steel","Masterful Stab","Noxious Fumes","Ornamental Fan","Well Laid Plans","Masterful Stab"],"campfire_rested":3,"item_purchase_floors":[20,20,20,29,38,48],"current_hp_per_floor":[63,57,57,57,57,38,38,38,38,59,56,56,52,52,52,29,70,41,34,34,34,33,33,16,37,37,20,20,20,43,20,41,5,70,66,66,66,66,66,66,56,56,56,56,56,47,47,47,47,0],"gold":4,"neow_bonus":"ONE_RARE_RELIC","is_prod":false,"is_daily":false,"chose_seed":false,"campfire_upgraded":2,"win_rate":0,"timestamp":1536428829,"path_taken":["M","?","?","?","?","E","?","M","T","R","M","?","?","M","R","BOSS","M","?","$","M","?","R","E","R","T","E","M","$","?","E","R","BOSS","M","$","?","?","M","R","M","?","T","$","R","?","R","$","R","BOSS"],"build_version":"2018-09-06","purchased_purges":5,"victory":false,"max_hp_per_floor":[63,63,63,63,63,70,70,70,70,70,70,70,70,70,70,70,70,70,70,70,70,70,70,70,70,70,70,70,70,70,70,70,70,70,70,70,70,70,70,70,70,70,70,70,70,70,70,70,70,70],"card_choices":[{"not_picked":["Expertise","Bane"],"picked":"Dodge and Roll","floor":1},{"not_picked":["Dodge and Roll","Quick Slash"],"picked":"Dagger Throw","floor":3},{"not_picked":["Deadly Poison","Storm of Steel"],"picked":"Dagger Throw","floor":6},{"not_picked":["Escape Plan","Dagger Throw"],"picked":"Cloak And Dagger","floor":8},{"not_picked":["Outmaneuver","Quick Slash"],"picked":"Endless Agony","floor":11},{"not_picked":["Outmaneuver","PiercingWail"],"picked":"Cloak And Dagger","floor":13},{"not_picked":["Bane","Deflect"],"picked":"Noxious Fumes","floor":14},{"not_picked":["Tools of the Trade","Malaise"],"picked":"Wraith Form v2","floor":16},{"not_picked":["Quick Slash","Flying Knee"],"picked":"Masterful Stab","floor":18},{"not_picked":["Blur","Dagger Throw","Underhanded Strike"],"picked":"SKIP","floor":21},{"not_picked":["PiercingWail+1","Cloak And Dagger"],"picked":"Backstab","floor":22},{"not_picked":["Deflect","Setup"],"picked":"Infinite Blades","floor":24},{"not_picked":["Dash","Quick Slash"],"picked":"Infinite Blades","floor":27},{"not_picked":["Tactician+1","Bouncing Flask","Setup"],"picked":"SKIP","floor":28},{"not_picked":["Backflip+1","Dodge and Roll"],"picked":"Slice","floor":31},{"not_picked":["Blade Dance+1","Sucker Punch+1"],"picked":"Cloak And Dagger+1","floor":35},{"not_picked":["Acrobatics","Outmaneuver+1","Distraction"],"picked":"SKIP","floor":39},{"not_picked":["Underhanded Strike","Dagger Spray+1","Dagger Throw+1"],"picked":"SKIP","floor":41}],"player_experience":834605,"relics_obtained":[{"floor":6,"key":"Strawberry"},{"floor":9,"key":"Shuriken"},{"floor":12,"key":"Anchor"},{"floor":24,"key":"Smiling Mask"},{"floor":26,"key":"Pen Nib"},{"floor":27,"key":"Orichalcum"},{"floor":31,"key":"Peace Pipe"},{"floor":43,"key":"Tiny Chest"}],"event_choices":[{"event_name":"FaceTrader","player_choice":"Touch","floor":2,"damage_taken":0},{"event_name":"WeMeetAgain","player_choice":"Potion","floor":4,"damage_taken":0},{"event_name":"Living Wall","player_choice":"Grow","floor":5,"damage_taken":0},{"event_name":"The Lab","player_choice":"Got Potions","floor":7,"damage_taken":0},{"event_name":"Wheel of Change","player_choice":"Damage","floor":19,"damage_taken":0},{"event_name":"The Library","player_choice":"Heal","floor":30,"damage_taken":0},{"event_name":"Golden Shrine","player_choice":"Pray","floor":37,"damage_taken":0},{"event_name":"Mysterious Sphere","player_choice":"Ignore","floor":42,"damage_taken":0},{"event_name":"Winding Halls","player_choice":"Embrace Madness","floor":46,"damage_taken":0}],"is_beta":false,"boss_relics":[{"not_picked":["Tiny House","Black Star"],"picked":"Philosopher\u0027s Stone"},{"not_picked":["Orrery","Runic Dome"],"picked":"Fusion Hammer"}],"items_purged_floors":[20,36,38,44,48],"is_endless":false,"potions_floor_spawned":[1,8,11,13,16,18,24,27,28,35],"killed_by":"Time Eater","ascension_level":0}