{"gold_per_floor":[114,132,152,152,152,152,182,182,206,217,217,227,238,254,254,352,352,362,64,84,104,119,119],"floor_reached":23,"playtime":2587,"items_purged":[],"score":197,"play_id":"0406dd97-1f1d-4d15-a27d-9deb5b77b0c9","local_time":"20181130170319","is_ascension_mode":false,"campfire_choices":[{"data":"Cloak And Dagger","floor":6,"key":"SMITH"},{"data":"Cloak And Dagger","floor":11,"key":"SMITH"},{"data":"Caltrops","floor":15,"key":"SMITH"}],"neow_cost":"NONE","seed_source_timestamp":1350307609305560,"circlet_count":0,"master_deck":["Defend_G","Defend_G","Defend_G","Defend_G","Defend_G","Strike_G","Strike_G","Strike_G+1","Strike_G","Strike_G","Survivor","Neutralize+1","Cloak And Dagger+1","Sucker Punch","Cloak And Dagger+1","Escape Plan","Leg Sweep","Caltrops+1","Backstab","Wraith Form v2","Backflip","Cloak And Dagger","PiercingWail"],"relics":["Ring of the Snake","Singing Bowl","Pantograph","Lizard Tail","Girya"],"potions_floor_usage":[14,16,16],"damage_taken":[{"damage":0,"enemies":"Small Slimes","floor":1,"turns":3},{"damage":6,"enemies":"Jaw Worm","floor":2,"turns":6},{"damage":0,"enemies":"2 Louse","floor":3,"turns":3},{"damage":6,"enemies":"3 Sentries","floor":7,"turns":10},{"damage":8,"enemies":"2 Fungi Beasts","floor":10,"turns":4},{"damage":0,"enemies":"3 Louse","floor":12,"turns":3},{"damage":0,"enemies":"Red Slaver","floor":13,"turns":5},{"damage":0,"enemies":"Looter","floor":14,"turns":4},{"damage":26,"enemies":"Slime Boss","floor":16,"turns":16},{"damage":21,"enemies":"Spheric Guardian","floor":18,"turns":6},{"damage":10,"enemies":"2 Thieves","floor":20,"turns":5},{"damage":0,"enemies":"Snecko","floor":21,"turns":8},{"damage":24,"enemies":"Snake Plant","floor":22,"turns":4},{"damage":61,"enemies":"Book of Stabbing","floor":23,"turns":9}],"seed_played":"-4116763138820370346","potions_obtained":[{"floor":2,"key":"EntropicBrew"},{"floor":3,"key":"GhostInAJar"},{"floor":10,"key":"Regen Potion"},{"floor":20,"key":"SteroidPotion"}],"is_trial":false,"path_per_floor":["M","M","M","?","?","R","E","T","T","M","R","M","M","M","R","B",null,"M","$","M","M","M","E"],"character_chosen":"THE_SILENT","items_purchased":["Girya"],"campfire_rested":0,"item_purchase_floors":[19],"current_hp_per_floor":[70,64,64,64,50,50,44,44,44,36,36,36,38,50,50,46,72,53,53,43,43,19,0],"gold":119,"neow_bonus":"THREE_CARDS","is_prod":false,"is_daily":false,"chose_seed":false,"campfire_upgraded":3,"win_rate":0,"timestamp":1543615399,"path_taken":["M","M","M","?","?","R","E","?","T","M","R","M","M","M","R","BOSS","M","$","M","M","M","E"],"build_version":"2018-11-15","purchased_purges":0,"victory":false,"max_hp_per_floor":[70,70,70,70,70,70,70,70,70,70,70,70,72,72,72,72,72,74,74,74,74,74,74],"card_choices":[{"not_picked":["Outmaneuver","Acrobatics"],"picked":"Cloak And Dagger","floor":0},{"not_picked":["Poisoned Stab","Masterful Stab"],"picked":"Sucker Punch","floor":1},{"not_picked":["Poisoned Stab","Predator"],"picked":"Cloak And Dagger","floor":2},{"not_picked":["Setup","Underhanded Strike","Flechettes"],"picked":"SKIP","floor":3},{"not_picked":["Poisoned Stab","PiercingWail"],"picked":"Escape Plan","floor":7},{"not_picked":["Quick Slash","Bullet Time"],"picked":"Leg Sweep","floor":10},{"not_picked":["Prepared","PiercingWail"],"picked":"Caltrops","floor":12},{"not_picked":["Bane","Deflect","Expertise"],"picked":"Singing Bowl","floor":13},{"not_picked":["Flechettes","Underhanded Strike"],"picked":"Backstab","floor":14},{"not_picked":["Glass Knife","Die Die Die"],"picked":"Wraith Form v2","floor":16},{"not_picked":["Poisoned Stab","Dagger Spray","Finisher"],"picked":"Singing Bowl","floor":18},{"not_picked":["Dodge and Roll","All Out Attack"],"picked":"Backflip","floor":20},{"not_picked":["Deadly Poison","Blade Dance+1"],"picked":"Cloak And Dagger","floor":21},{"not_picked":["Corpse Explosion","Sucker Punch+1"],"picked":"PiercingWail","floor":22}],"player_experience":1216458,"relics_obtained":[{"floor":7,"key":"Singing Bowl"},{"floor":8,"key":"Pantograph"}],"event_choices":[{"damage_healed":0,"gold_gain":0,"player_choice":"Ignored","damage_taken":0,"max_hp_gain":0,"max_hp_loss":0,"event_name":"Golden Wing","floor":4,"gold_loss":0},{"damage_healed":0,"gold_gain":0,"player_choice":"Entered Light","damage_taken":14,"max_hp_gain":0,"max_hp_loss":0,"event_name":"Shining Light","floor":5,"gold_loss":0,"cards_upgraded":["Strike_G","Neutralize"]}],"is_beta":false,"boss_relics":[{"not_picked":["White Beast Statue","Black Star"],"picked":"Lizard Tail"}],"items_purged_floors":[],"is_endless":false,"potions_floor_spawned":[2,3,10,12,13,20],"killed_by":"Book of Stabbing","ascension_level":0}