{"gold_per_floor":[119,135,155,42,54,85,85,116,116,116],"floor_reached":10,"playtime":685,"items_purged":["Strike_R"],"score":125,"play_id":"cd806626-65ee-4df0-b43e-df229d6c7200","local_time":"20190301100934","is_ascension_mode":true,"campfire_choices":[{"floor":7,"key":"REST"}],"neow_cost":"NONE","seed_source_timestamp":736410176621757,"circlet_count":0,"master_deck":["AscendersBane","Strike_R+1","Strike_R","Strike_R","Strike_R","Defend_R","Defend_R","Defend_R","Defend_R","Bash","Searing Blow+1","Uppercut","Armaments","Spot Weakness","Burning Pact","Pommel Strike","True Grit"],"relics":["Burning Blood","NeowsBlessing","The Courier","Whetstone","Bronze Scales"],"potions_floor_usage":[6,8],"damage_taken":[{"damage":0,"enemies":"Cultist","floor":1,"turns":1},{"damage":0,"enemies":"Jaw Worm","floor":2,"turns":1},{"damage":0,"enemies":"2 Louse","floor":3,"turns":1},{"damage":41,"enemies":"Lots of Slimes","floor":5,"turns":8},{"damage":33,"enemies":"Gremlin Nob","floor":6,"turns":5},{"damage":15,"enemies":"3 Sentries","floor":8,"turns":7},{"damage":62,"enemies":"Gremlin Nob","floor":10,"turns":4}],"seed_played":"2526526360168317602","potions_obtained":[{"floor":1,"key":"EssenceOfSteel"},{"floor":2,"key":"Fire Potion"},{"floor":3,"key":"Swift Potion"}],"is_trial":false,"path_per_floor":["M","M","M","$","M","E","R","E","T","E"],"character_chosen":"IRONCLAD","items_purchased":["Spot Weakness"],"campfire_rested":1,"item_purchase_floors":[4],"current_hp_per_floor":[78,80,80,80,45,18,42,33,33,0],"gold":116,"neow_bonus":"THREE_ENEMY_KILL","is_prod":false,"is_daily":false,"chose_seed":false,"campfire_upgraded":0,"win_rate":0,"timestamp":1551452974,"path_taken":["M","M","M","$","M","E","R","E","T","E"],"build_version":"2019-01-23","purchased_purges":1,"victory":false,"max_hp_per_floor":[80,80,80,80,80,80,80,80,80,80],"card_choices":[{"not_picked":["Anger","Wild Strike"],"picked":"Searing Blow","floor":1},{"not_picked":["Sever Soul","Warcry"],"picked":"Uppercut","floor":2},{"not_picked":["Iron Wave","Clash"],"picked":"Armaments","floor":3},{"not_picked":["Anger","Havoc"],"picked":"Burning Pact","floor":5},{"not_picked":["Rupture","Combust"],"picked":"Pommel Strike","floor":6},{"not_picked":["Fire Breathing","Ghostly Armor"],"picked":"True Grit","floor":8}],"player_experience":731158,"relics_obtained":[{"floor":6,"key":"The Courier"},{"floor":8,"key":"Whetstone"},{"floor":9,"key":"Bronze Scales"}],"event_choices":[],"is_beta":false,"boss_relics":[],"items_purged_floors":[4],"is_endless":false,"potions_floor_spawned":[1,2,3],"killed_by":"Gremlin Nob","ascension_level":12}