{"gold_per_floor":[116,132,207,218,234,264,277,4,28,39,88,88,99,99],"floor_reached":14,"playtime":833,"items_purged":["Dualcast"],"score":94,"play_id":"c5a46e79-8320-40ef-8cb5-41eb00f524f5","local_time":"20180713233833","is_ascension_mode":false,"campfire_choices":[{"floor":12,"key":"REST"}],"neow_cost":"NONE","seed_source_timestamp":6905830198187,"circlet_count":0,"master_deck":["Strike_B","Strike_B","Strike_B","Strike_B","Defend_B","Defend_B","Defend_B","Defend_B","Zap","Rebound","Genetic Algorithm","Rebound","Hologram","Aggregate","Steam"],"relics":["Lizard Tail","Blood Vial","Strange Spoon","Regal Pillow","Happy Flower"],"potions_floor_usage":[6],"damage_taken":[{"damage":8,"enemies":"2 Louse","floor":1,"turns":3},{"damage":7,"enemies":"Jaw Worm","floor":2,"turns":4},{"damage":5,"enemies":"Cultist","floor":4,"turns":4},{"damage":9,"enemies":"Exordium Wildlife","floor":5,"turns":5},{"damage":41,"enemies":"3 Sentries","floor":6,"turns":9},{"damage":14,"enemies":"Blue Slaver","floor":7,"turns":4},{"damage":10,"enemies":"Looter","floor":10,"turns":4},{"damage":19,"enemies":"Exordium Thugs","floor":13,"turns":5},{"damage":50,"enemies":"Gremlin Nob","floor":14,"turns":5}],"seed_played":"-7556673247443739356","potions_obtained":[{"floor":2,"key":"Dexterity Potion"},{"floor":5,"key":"Energy Potion"},{"floor":10,"key":"FocusPotion"}],"is_trial":false,"path_per_floor":["M","M","?","M","M","E","M","$","T","M","T","R","M"],"character_chosen":"DEFECT","items_purchased":["Strange Spoon"],"campfire_rested":1,"item_purchase_floors":[8],"current_hp_per_floor":[67,60,49,44,35,37,25,25,25,17,17,54,37,0],"gold":99,"neow_bonus":"BOSS_RELIC","is_prod":false,"is_daily":false,"chose_seed":false,"campfire_upgraded":0,"win_rate":0,"timestamp":1531539513,"path_taken":["M","M","?","M","M","E","M","$","T","M","?","R","?","E"],"build_version":"2018-07-12","purchased_purges":1,"victory":false,"max_hp_per_floor":[75,75,75,75,75,75,75,75,75,75,75,75,75,75],"card_choices":[{"not_picked":["Turbo","Chill"],"picked":"Rebound","floor":1},{"not_picked":["Steam","Chaos"],"picked":"Genetic Algorithm","floor":2},{"not_picked":["Beam Cell","Leap"],"picked":"Rebound","floor":4},{"not_picked":["Conserve Battery","Blizzard"],"picked":"Hologram","floor":5},{"not_picked":["Cold Snap","Ball Lightning"],"picked":"Aggregate","floor":6},{"not_picked":["Cold Snap","Recycle"],"picked":"Steam","floor":7},{"not_picked":["Compile Driver","Hologram","Go for the Eyes"],"picked":"SKIP","floor":10},{"not_picked":["Stack","Force Field","All For One"],"picked":"SKIP","floor":13}],"player_experience":672722,"relics_obtained":[{"floor":6,"key":"Blood Vial"},{"floor":9,"key":"Regal Pillow"},{"floor":11,"key":"Happy Flower"}],"event_choices":[{"event_name":"World of Goop","player_choice":"Gather Gold","floor":3,"damage_taken":0}],"boss_relics":[],"items_purged_floors":[8],"is_endless":false,"potions_floor_spawned":[2,5,10],"killed_by":"Gremlin Nob","ascension_level":0}