{"path_per_floor":["M","M","M","?","M","R","M","M","T","R","?","$","R","M","R","B",null,"M","?","M","?","M"],"character_chosen":"IRONCLAD","items_purchased":["Finesse","Regen Potion"],"gold_per_floor":[362,374,387,337,348,348,364,382,382,382,382,160,160,179,179,276,276,291,291,301,216,230],"floor_reached":23,"campfire_rested":1,"playtime":1445,"current_hp_per_floor":[68,65,64,64,63,80,80,80,80,80,64,64,64,59,59,14,80,65,49,49,49,42],"items_purged":["Strike_R"],"gold":230,"play_id":"b23eb075-a152-4ac2-bdc3-f0cf50d78260","is_prod":false,"is_daily":false,"campfire_rituals":0,"campfire_upgraded":3,"is_hardmode":false,"path_taken":["M","?","M","?","M","R","M","M","T","R","?","$","R","M","R","BOSS","M","?","?","?","M","E"],"build_version":"2018-01-18-PROD4","purchased_purges":1,"victory":false,"master_deck":["Strike_R","Strike_R","Strike_R","Defend_R","Defend_R","Defend_R","Defend_R","Bash","Clumsy","Perfected Strike","Evolve","Rampage","Shrug It Off","Thunderclap","Perfected Strike","Finesse","Headbutt","Feed","Power Through","Heavy Blade","Perfected Strike"],"max_hp_per_floor":[80,80,80,80,80,80,80,80,80,80,80,80,80,80,80,80,80,80,80,83,83,83],"relics":["Burning Blood","Prayer Wheel","Cursed Key","Enchiridion","Lantern"],"campfire_meditates":0,"card_choices":[{"not_picked":["Sword Boomerang","Twin Strike"],"picked":"Perfected Strike"},{"not_picked":["Seeing Red","Carnage"],"picked":"Evolve"},{"not_picked":["Evolve","Thunderclap"],"picked":"Rampage"},{"not_picked":["Evolve","Sword Boomerang"],"picked":"Shrug It Off"},{"not_picked":["Heavy Blade","Twin Strike"],"picked":"Thunderclap"},{"not_picked":["Sentinel","Double Tap"],"picked":"Perfected Strike"},{"not_picked":["Shockwave","Iron Wave"],"picked":"Headbutt"},{"not_picked":["Brutality","Impervious"],"picked":"Feed"},{"not_picked":["Iron Wave","Entrench"],"picked":"Power Through"},{"not_picked":["Havoc","Fire Breathing"],"picked":"Heavy Blade"},{"not_picked":["Twin Strike","Rupture"],"picked":"Perfected Strike"}],"player_experience":322351,"potions_floor_usage":[20,23],"damage_taken":[{"damage":18,"enemies":"Blue Slaver","floor":1,"turns":7},{"damage":9,"enemies":"2 Louse","floor":2,"turns":2},{"damage":7,"enemies":"Small Slimes","floor":3,"turns":3},{"damage":7,"enemies":"Looter","floor":5,"turns":4},{"damage":0,"enemies":"3 Louse","floor":7,"turns":4},{"damage":5,"enemies":"Exordium Wildlife","floor":8,"turns":4},{"damage":11,"enemies":"Red Slaver","floor":14,"turns":5},{"damage":51,"enemies":"The Guardian","floor":16,"turns":9},{"damage":21,"enemies":"Shell Parasite","floor":18,"turns":5},{"damage":9,"enemies":"2 Thieves","floor":20,"turns":4},{"damage":13,"enemies":"Snake Plant","floor":22,"turns":4},{"damage":64,"enemies":"Gremlin Leader","floor":23,"turns":5}],"event_choices":[{"event_name":"The Cleric","player_choice":"Card Removal","floor":4,"damage_taken":0},{"event_name":"Shining Light","player_choice":"Entered Light","floor":11,"damage_taken":0},{"event_name":"Cursed Tome","player_choice":"Obtained Book","floor":19,"damage_taken":0},{"event_name":"Addict","player_choice":"Obtained Relic","floor":21,"damage_taken":0}],"boss_relics":[{"not_picked":["Calling Bell","Snecko Eye"],"picked":"Cursed Key"}],"potions_floor_spawned":[1,5,14,16],"seed_played":"-6506835707267265803","killed_by":"Gremlin Leader","is_trial":false}