{"gold_per_floor":[116,134,145,60,135,135,153,153,176,206,206,239,304,42,42,119,119,130,130,150,168,168,168,195,211,211,211,245,259,259,276,276,352,352,362,362,362,376,45,72,72,99,123,133,133,133,144,170,170,170,170,170,170,11,40,40],"floor_reached":57,"playtime":2349,"items_purged":["Streamline+1"],"score":3301,"play_id":"1c4b3069-43f8-4a4e-9424-8c7dc428e962","local_time":"20190309115349","is_ascension_mode":true,"campfire_choices":[{"data":"Defragment","floor":6.0,"key":"SMITH"},{"floor":8.0,"key":"REST"},{"data":"Zap","floor":15.0,"key":"SMITH"},{"data":"Amplify","floor":23.0,"key":"SMITH"},{"data":"Capacitor","floor":27.0,"key":"SMITH"},{"floor":30.0,"key":"REST"},{"data":"Genetic Algorithm","floor":32.0,"key":"SMITH"},{"floor":41.0,"key":"RECALL"},{"floor":46,"key":"REST"},{"floor":49,"key":"REST"},{"floor":53,"key":"REST"}],"neow_cost":"NONE","seed_source_timestamp":91557632657503,"circlet_count":0,"master_deck":["AscendersBane","Zap+1","Dualcast+1","Genetic Algorithm+1","Cold Snap+1","Ball Lightning+1","Defragment+1","Chill+1","Coolheaded+1","Electrodynamics+1","Meteor Strike+1","Reinforced Body+1","Core Surge+1","Biased Cognition+1","Heatsinks+1","Capacitor+1","Amplify+1","Cold Snap+1","Static Discharge+1","Echo Form+1","White Noise+1","Sunder+1","Creative AI+1","Defragment+1","Magnetism+1","Defragment+1","Force Field+1","Coolheaded+1","Defragment+1","Cold Snap+1"],"special_seed":0,"relics":["Cracked Core","Happy Flower","PreservedInsect","Omamori","Oddly Smooth Stone","Ginger","Ancient Tea Set","Mummified Hand","Pandora\u0027s Box","Dream Catcher","Molten Egg 2","Pantograph","Snecko Eye","FossilizedHelix","Kunai","Centennial Puzzle","Mark of the Bloom","Darkstone Periapt","Bottled Lightning"],"potions_floor_usage":[51,51,56],"damage_taken":[{"damage":1.0,"enemies":"Cultist","floor":1.0,"turns":3.0},{"damage":8.0,"enemies":"2 Louse","floor":2.0,"turns":2.0},{"damage":2.0,"enemies":"Small Slimes","floor":3.0,"turns":4.0},{"damage":6.0,"enemies":"Looter","floor":7.0,"turns":3.0},{"damage":1.0,"enemies":"3 Sentries","floor":10.0,"turns":6.0},{"damage":0.0,"enemies":"Gremlin Nob","floor":12.0,"turns":2.0},{"damage":6.0,"enemies":"Gremlin Nob","floor":13.0,"turns":3.0},{"damage":29.0,"enemies":"Hexaghost","floor":16.0,"turns":12.0},{"damage":0.0,"enemies":"Spheric Guardian","floor":18.0,"turns":2.0},{"damage":16.0,"enemies":"2 Thieves","floor":20.0,"turns":2.0},{"damage":0.0,"enemies":"Snake Plant","floor":21.0,"turns":2.0},{"damage":0.0,"enemies":"Slavers","floor":24.0,"turns":1.0},{"damage":0.0,"enemies":"Cultist and Chosen","floor":25.0,"turns":5.0},{"damage":18.0,"enemies":"Gremlin Leader","floor":28.0,"turns":4.0},{"damage":9.0,"enemies":"Shelled Parasite and Fungi","floor":29.0,"turns":5.0},{"damage":4.0,"enemies":"3 Cultists","floor":31.0,"turns":3.0},{"damage":10.0,"enemies":"Collector","floor":33.0,"turns":4.0},{"damage":0.0,"enemies":"Orb Walker","floor":35.0,"turns":2.0},{"damage":0.0,"enemies":"3 Shapes","floor":38.0,"turns":2.0},{"damage":0.0,"enemies":"Reptomancer","floor":40.0,"turns":2.0},{"damage":0.0,"enemies":"Giant Head","floor":42.0,"turns":4.0},{"damage":0,"enemies":"3 Darklings","floor":44,"turns":3},{"damage":0,"enemies":"Writhing Mass","floor":47,"turns":3},{"damage":0,"enemies":"Reptomancer","floor":48,"turns":3},{"damage":0,"enemies":"Awakened One","floor":50,"turns":3},{"damage":0,"enemies":"Time Eater","floor":51,"turns":9},{"damage":0,"enemies":"Shield and Spear","floor":55,"turns":3},{"damage":54,"enemies":"The Heart","floor":56,"turns":6}],"seed_played":"1097684586056897598","potions_obtained":[{"floor":7.0,"key":"Ancient Potion"},{"floor":10.0,"key":"SteroidPotion"},{"floor":13.0,"key":"Block Potion"},{"floor":16.0,"key":"GamblersBrew"},{"floor":18.0,"key":"Energy Potion"},{"floor":35.0,"key":"SkillPotion"},{"floor":44,"key":"FocusPotion"}],"is_trial":false,"path_per_floor":["M","M","M","$","?","R","M","R","T","E","?","E","?","$","R","B",null,"M","?","M","M","?","R","E","M","T","R","E","M","R","M","R","B",null,"M","?","?","M","$","E","R","E","T","M","?","R","M","E","R","B","B",null,"R","$","E","B",null],"character_chosen":"DEFECT","items_purchased":["Defragment","Mummified Hand","FossilizedHelix","Ancient Potion"],"campfire_rested":5,"item_purchase_floors":[4,14,39,54],"current_hp_per_floor":[63,55,53,53,42,42,36,57,57,56,56,56,50,50,50,21,59,59,81,65,65,65,65,65,65,65,65,47,38,62,58,58,71,79,79,79,79,79,79,79,79,79,79,79,79,79,79,79,79,79,79,79,79,79,79,25],"gold":40,"neow_bonus":"RANDOM_COMMON_RELIC","is_prod":false,"is_daily":false,"chose_seed":false,"campfire_upgraded":5,"win_rate":0,"timestamp":1552161229,"path_taken":["M","?","M","$","?","R","M","R","T","E","?","E","?","$","R","BOSS","M","?","?","?","?","R","E","M","T","R","E","M","R","M","R","BOSS","M","?","?","M","$","E","R","E","T","?","?","R","M","E","R","BOSS","BOSS","R","$","E","BOSS"],"build_version":"2019-01-23","purchased_purges":1,"victory":true,"max_hp_per_floor":[71,71,71,71,71,71,71,71,71,71,71,71,71,71,71,71,71,71,81,81,81,81,81,81,81,81,81,81,81,81,81,81,81,81,81,81,81,81,81,81,81,81,81,81,81,81,81,81,81,81,81,81,81,81,81,81],"card_choices":[{"not_picked":["Leap","Compile Driver"],"picked":"Genetic Algorithm","floor":1.0},{"not_picked":["Blizzard","Steam"],"picked":"Cold Snap","floor":2.0},{"not_picked":["Skim","Streamline"],"picked":"Ball Lightning","floor":3.0},{"not_picked":["Redo","Stack"],"picked":"Chill","floor":7.0},{"not_picked":["Doom and Gloom","Turbo","Steam"],"picked":"SKIP","floor":10.0},{"not_picked":["Stack","Machine Learning","Hologram"],"picked":"SKIP","floor":12.0},{"not_picked":["Streamline","Steam"],"picked":"Coolheaded","floor":13.0},{"not_picked":["Buffer","Biased Cognition"],"picked":"Electrodynamics","floor":16.0},{"not_picked":["Hello World","Redo","Compile Driver"],"picked":"SKIP","floor":18.0},{"not_picked":["Steam","Leap"],"picked":"Heatsinks","floor":20.0},{"not_picked":["Sweeping Beam","Ball Lightning","Gash"],"picked":"SKIP","floor":21.0},{"not_picked":["Ball Lightning","Compile Driver"],"picked":"Cold Snap","floor":24.0},{"not_picked":["Ball Lightning","Turbo"],"picked":"Static Discharge","floor":25.0},{"not_picked":["Beam Cell+1","Hologram"],"picked":"Echo Form","floor":28.0},{"not_picked":["Go for the Eyes+1","Barrage+1"],"picked":"White Noise","floor":29.0},{"not_picked":["Lockon+1","Scrape+1"],"picked":"Sunder+1","floor":30.0},{"not_picked":["Beam Cell+1","Steam","Redo"],"picked":"SKIP","floor":31.0},{"not_picked":["Echo Form","Buffer"],"picked":"Creative AI","floor":33.0},{"not_picked":["Ball Lightning+1","Stack+1"],"picked":"Defragment","floor":35.0},{"not_picked":["Jack Of All Trades","Enlightenment"],"picked":"Magnetism","floor":36.0},{"not_picked":["Consume","Rebound+1"],"picked":"Force Field","floor":38.0},{"not_picked":["Ball Lightning+1","Beam Cell+1","Stack"],"picked":"SKIP","floor":40.0},{"not_picked":["Electrodynamics","Rebound+1"],"picked":"Coolheaded+1","floor":42.0},{"not_picked":["Chill","Rebound+1"],"picked":"Defragment+1","floor":44},{"not_picked":["Streamline+1","Sweeping Beam+1","Electrodynamics"],"picked":"SKIP","floor":47},{"not_picked":["Streamline+1","Steam Power","Aggregate+1"],"picked":"SKIP","floor":48},{"not_picked":["Beam Cell+1","Compile Driver+1"],"picked":"Cold Snap+1","floor":53},{"not_picked":["Cold Snap+1","Stack","Scrape+1"],"picked":"SKIP","floor":55}],"player_experience":744692,"relics_obtained":[{"floor":9.0,"key":"PreservedInsect"},{"floor":10.0,"key":"Omamori"},{"floor":12.0,"key":"Ginger"},{"floor":13.0,"key":"Ancient Tea Set"},{"floor":24.0,"key":"Dream Catcher"},{"floor":26.0,"key":"Molten Egg 2"},{"floor":28.0,"key":"Pantograph"},{"floor":40.0,"key":"Kunai"},{"floor":42.0,"key":"Centennial Puzzle"},{"floor":48,"key":"Darkstone Periapt"},{"floor":55,"key":"Bottled Lightning"}],"event_choices":[{"damage_healed":0.0,"max_hp_gain":0.0,"max_hp_loss":0.0,"gold_gain":75.0,"event_name":"World of Goop","player_choice":"Gather Gold","floor":5.0,"gold_loss":0.0,"damage_taken":11.0},{"damage_healed":0.0,"max_hp_gain":0.0,"max_hp_loss":0.0,"gold_gain":0.0,"event_name":"Big Fish","player_choice":"Box","floor":11.0,"gold_loss":0.0,"damage_taken":0.0,"relics_obtained":["Oddly Smooth Stone"],"cards_obtained":["Regret"]},{"damage_healed":0.0,"max_hp_gain":0.0,"max_hp_loss":0.0,"gold_gain":0.0,"event_name":"Dead Adventurer","player_choice":"Searched \u00271\u0027 times","floor":13.0,"gold_loss":0.0,"damage_taken":0.0},{"cards_removed":["Electrodynamics"],"damage_healed":12.0,"max_hp_gain":10.0,"max_hp_loss":0.0,"gold_gain":0.0,"event_name":"Bonfire Elementals","player_choice":"Offered Rare","floor":19.0,"gold_loss":0.0,"damage_taken":0.0},{"damage_healed":0.0,"max_hp_gain":0.0,"max_hp_loss":0.0,"gold_gain":0.0,"cards_transformed":["Turbo","Streamline"],"event_name":"Drug Dealer","player_choice":"Became Test Subject","floor":22.0,"gold_loss":0.0,"damage_taken":0.0,"cards_obtained":["Capacitor","Amplify"]},{"damage_healed":0.0,"max_hp_gain":0.0,"max_hp_loss":0.0,"gold_gain":0.0,"event_name":"SensoryStone","player_choice":"Memory 1","floor":36.0,"gold_loss":0.0,"damage_taken":0.0},{"damage_healed":0.0,"max_hp_gain":0.0,"max_hp_loss":0.0,"gold_gain":0.0,"event_name":"Duplicator","player_choice":"Copied","floor":37.0,"gold_loss":0.0,"damage_taken":0.0,"cards_obtained":["Defragment"]},{"damage_healed":0,"gold_gain":0,"player_choice":"Upgrade","damage_taken":0,"relics_obtained":["Mark of the Bloom"],"max_hp_gain":0,"max_hp_loss":0,"event_name":"MindBloom","floor":45,"gold_loss":0,"cards_upgraded":["Dualcast","Cold Snap","Ball Lightning","Chill","Coolheaded","Electrodynamics","Streamline","Meteor Strike","Reinforced Body","Core Surge","Biased Cognition","Heatsinks","Cold Snap","Static Discharge","Echo Form","White Noise","Creative AI","Defragment","Magnetism","Force Field"]}],"is_beta":false,"boss_relics":[{"not_picked":["Philosopher\u0027s Stone","Runic Pyramid"],"picked":"Pandora\u0027s Box"},{"not_picked":["Coffee Dripper","Black Star"],"picked":"Snecko Eye"}],"items_purged_floors":[54],"is_endless":false,"potions_floor_spawned":[7,10,13,16,18,20,28,35,44,47,48],"ascension_level":20}