{"gold_per_floor":[113,123,143,66,66,66,100,100,168,168,168,168,188,214,214,289,289,307,307,307,320,337,337],"floor_reached":23,"playtime":1115,"items_purged":[],"score":358,"play_id":"c668b899-c46f-47c3-b8b2-1c862b8403db","local_time":"20190303200529","is_ascension_mode":true,"campfire_choices":[{"data":"Poisoned Stab","floor":6,"key":"SMITH"},{"data":"Noxious Fumes","floor":8,"key":"SMITH"},{"data":"Footwork","floor":10,"key":"SMITH"},{"data":"Dodge and Roll","floor":15,"key":"SMITH"}],"neow_cost":"NONE","seed_source_timestamp":88549590662554,"circlet_count":0,"master_deck":["AscendersBane","Defend_G","Defend_G","Defend_G","Defend_G","Defend_G","Strike_G","Strike_G","Strike_G","Survivor","Neutralize+1","Poisoned Stab+1","Escape Plan","PiercingWail","Noxious Fumes+1","Footwork+1","Dodge and Roll+1","Poisoned Stab","Night Terror","Dodge and Roll","Calculated Gamble","PiercingWail","Flying Knee+1"],"relics":["Ring of the Snake","Potion Belt","Juzu Bracelet","Question Card","Art of War","Velvet Choker","Happy Flower"],"potions_floor_usage":[7,14,22],"damage_taken":[{"damage":3,"enemies":"Cultist","floor":1,"turns":6},{"damage":0,"enemies":"Small Slimes","floor":2,"turns":3},{"damage":0,"enemies":"2 Louse","floor":3,"turns":3},{"damage":19,"enemies":"3 Sentries","floor":7,"turns":6},{"damage":1,"enemies":"Exordium Thugs","floor":13,"turns":6},{"damage":28,"enemies":"Gremlin Nob","floor":14,"turns":6},{"damage":1,"enemies":"Hexaghost","floor":16,"turns":10},{"damage":27,"enemies":"2 Thieves","floor":18,"turns":5},{"damage":6,"enemies":"3 Byrds","floor":21,"turns":6},{"damage":0,"enemies":"Sentry and Sphere","floor":22,"turns":7},{"damage":34,"enemies":"Gremlin Leader","floor":23,"turns":2}],"seed_played":"1364137391928453543","potions_obtained":[{"floor":2,"key":"PowerPotion"},{"floor":3,"key":"Strength Potion"},{"floor":14,"key":"SpeedPotion"},{"floor":21,"key":"Regen Potion"}],"is_trial":false,"path_per_floor":["M","M","M","$","?","R","E","R","T","R","?","?","M","E","R","B",null,"M","?","?","M","M","E"],"character_chosen":"THE_SILENT","items_purchased":["Noxious Fumes"],"campfire_rested":0,"item_purchase_floors":[4],"current_hp_per_floor":[56,56,56,56,56,56,37,37,37,37,37,37,36,8,8,7,51,24,24,24,18,33,0],"gold":337,"neow_bonus":"RANDOM_COMMON_RELIC","is_prod":false,"is_daily":false,"chose_seed":false,"campfire_upgraded":4,"win_rate":0,"timestamp":1551661529,"path_taken":["M","M","M","?","?","R","E","R","T","R","?","?","M","E","R","BOSS","M","?","?","M","M","E"],"build_version":"2019-01-23","purchased_purges":0,"victory":false,"max_hp_per_floor":[66,66,66,66,66,66,66,66,66,66,66,66,66,66,66,66,66,66,66,66,66,66,66],"card_choices":[{"not_picked":["Sucker Punch","Endless Agony"],"picked":"Poisoned Stab","floor":1},{"not_picked":["Finisher","Blade Dance"],"picked":"Escape Plan","floor":2},{"not_picked":["Distraction","Infinite Blades"],"picked":"PiercingWail","floor":3},{"not_picked":["Infinite Blades","Expertise"],"picked":"Footwork","floor":7},{"not_picked":["Bane","Expertise","Dagger Throw"],"picked":"Dodge and Roll","floor":13},{"not_picked":["Flying Knee","Bouncing Flask","Finisher"],"picked":"Poisoned Stab","floor":14},{"not_picked":["Doppelganger","Bullet Time","Phantasmal Killer"],"picked":"Night Terror","floor":16},{"not_picked":["Flying Knee+1","Dagger Spray","Deadly Poison"],"picked":"Dodge and Roll","floor":18},{"not_picked":["Dagger Spray","Infinite Blades","Flying Knee"],"picked":"PiercingWail","floor":21},{"not_picked":["Blur","Masterful Stab","Quick Slash"],"picked":"Flying Knee+1","floor":22}],"player_experience":823213,"relics_obtained":[{"floor":7,"key":"Juzu Bracelet"},{"floor":9,"key":"Question Card"},{"floor":14,"key":"Art of War"}],"event_choices":[{"damage_healed":0,"gold_gain":0,"player_choice":"Forge","damage_taken":0,"max_hp_gain":0,"max_hp_loss":0,"event_name":"Accursed Blacksmith","floor":5,"gold_loss":0,"cards_upgraded":["Neutralize"]},{"damage_healed":0,"gold_gain":0,"player_choice":"Ignored","damage_taken":0,"max_hp_gain":0,"max_hp_loss":0,"event_name":"Golden Wing","floor":11,"gold_loss":0},{"cards_removed":["Strike_G"],"damage_healed":0,"gold_gain":0,"player_choice":"Purged","damage_taken":0,"max_hp_gain":0,"max_hp_loss":0,"event_name":"Purifier","floor":12,"gold_loss":0},{"damage_healed":0,"gold_gain":0,"player_choice":"Gave Potion","damage_taken":0,"relics_obtained":["Happy Flower"],"max_hp_gain":0,"max_hp_loss":0,"event_name":"WeMeetAgain","floor":19,"gold_loss":0},{"damage_healed":0,"gold_gain":0,"cards_transformed":["Strike_G"],"player_choice":"Transformed","damage_taken":0,"max_hp_gain":0,"max_hp_loss":0,"event_name":"Transmorgrifier","floor":20,"gold_loss":0,"cards_obtained":["Calculated Gamble"]}],"is_beta":false,"boss_relics":[{"not_picked":["Pandora\u0027s Box","Cursed Key"],"picked":"Velvet Choker"}],"items_purged_floors":[],"is_endless":false,"potions_floor_spawned":[2,3,14,21],"killed_by":"Gremlin Leader","ascension_level":16}