{"gold_per_floor":[115,40,56,56,74,74,107,118,118,153,164,164,164,191,191,263,263,273,273,289,289,302,302,329,339,419,437,437,437,472,491,491,566,566,583,583,600,614,634,634,665,712,712,723,723,392,424,40,40,40],"floor_reached":51,"playtime":4309,"items_purged":["Strike_R","Doubt"],"score":1346,"play_id":"134bc0b3-c207-4a00-adfe-26c179a1d00a","local_time":"20190223195430","is_ascension_mode":true,"campfire_choices":[{"data":"Bash","floor":6,"key":"SMITH"},{"data":"Rampage","floor":12,"key":"SMITH"},{"data":"Whirlwind","floor":15,"key":"SMITH"},{"data":"Flame Barrier","floor":23,"key":"SMITH"},{"data":"Barricade","floor":28,"key":"SMITH"},{"data":"Bludgeon","floor":32,"key":"SMITH"},{"data":"Flame Barrier","floor":40,"key":"SMITH"},{"data":"Burning Pact","floor":45,"key":"SMITH"},{"floor":49,"key":"REST"}],"neow_cost":"NONE","seed_source_timestamp":761521637698873,"circlet_count":0,"master_deck":["AscendersBane","Strike_R+1","Strike_R+1","Strike_R+1","Defend_R+1","Defend_R+1","Defend_R+1","Defend_R+1","Bash+1","Twin Strike","Battle Trance","Shrug It Off","Reaper","Whirlwind+1","Rampage+1","Flame Barrier+1","Bludgeon+1","Burning Pact+1","Shrug It Off","Reaper","Barricade+1","Reaper","Double Tap","Body Slam+1","Flame Barrier+1","Feed","Corruption+1","Bandage Up"],"relics":["Burning Blood","Incense Burner","Thread and Needle","Paper Frog","Happy Flower","Cursed Key","Letter Opener","Gremlin Horn","MutagenicStrength","Frozen Egg 2","Empty Cage","Bird Faced Urn","Gambling Chip","Bottled Flame","HandDrill","Girya","Dead Branch"],"potions_floor_usage":[10,16,24,33,47,47,50],"damage_taken":[{"damage":7,"enemies":"Jaw Worm","floor":1,"turns":5},{"damage":1,"enemies":"Small Slimes","floor":3,"turns":4},{"damage":6,"enemies":"Cultist","floor":5,"turns":3},{"damage":20,"enemies":"Gremlin Nob","floor":7,"turns":4},{"damage":0,"enemies":"2 Fungi Beasts","floor":8,"turns":3},{"damage":9,"enemies":"3 Sentries","floor":10,"turns":10},{"damage":0,"enemies":"Exordium Wildlife","floor":11,"turns":4},{"damage":12,"enemies":"Gremlin Nob","floor":14,"turns":3},{"damage":14,"enemies":"Slime Boss","floor":16,"turns":8},{"damage":2,"enemies":"Shell Parasite","floor":18,"turns":3},{"damage":0,"enemies":"Spheric Guardian","floor":20,"turns":4},{"damage":15,"enemies":"Chosen and Byrds","floor":22,"turns":5},{"damage":3,"enemies":"Slavers","floor":24,"turns":4},{"damage":20,"enemies":"Snake Plant","floor":25,"turns":2},{"damage":8,"enemies":"Centurion and Healer","floor":27,"turns":4},{"damage":0,"enemies":"Gremlin Leader","floor":30,"turns":5},{"damage":6,"enemies":"Sentry and Sphere","floor":31,"turns":6},{"damage":69,"enemies":"Collector","floor":33,"turns":9},{"damage":4,"enemies":"3 Shapes","floor":35,"turns":3},{"damage":10,"enemies":"3 Darklings","floor":37,"turns":7},{"damage":14,"enemies":"Spire Growth","floor":38,"turns":5},{"damage":0,"enemies":"Sphere and 2 Shapes","floor":39,"turns":1},{"damage":35,"enemies":"Nemesis","floor":41,"turns":9},{"damage":50,"enemies":"2 Orb Walkers","floor":42,"turns":5},{"damage":22,"enemies":"4 Shapes","floor":44,"turns":5},{"damage":101,"enemies":"Giant Head","floor":47,"turns":10},{"damage":0,"enemies":"Donu and Deca","floor":50,"turns":7}],"seed_played":"-2495784328357002187","potions_obtained":[{"floor":3,"key":"PowerPotion"},{"floor":5,"key":"AttackPotion"},{"floor":16,"key":"BloodPotion"},{"floor":18,"key":"FearPotion"},{"floor":24,"key":"Explosive Potion"},{"floor":33,"key":"BloodPotion"},{"floor":47,"key":"Fire Potion"}],"is_trial":false,"path_per_floor":["M","$","M","?","M","R","E","M","T","E","M","R","?","E","R","B",null,"M","?","M","?","M","R","E","M","T","M","R","?","E","M","R","B",null,"M","?","M","M","M","R","E","?","T","M","R","$","E","$","R","B",null],"character_chosen":"IRONCLAD","items_purchased":["Corruption+1","HandDrill","Dead Branch","Bandage Up"],"campfire_rested":1,"item_purchase_floors":[46,46,48,48],"current_hp_per_floor":[74,74,79,63,63,63,49,55,55,64,78,78,71,71,71,63,77,81,81,82,82,73,73,82,68,68,66,66,66,82,82,82,43,72,82,82,82,82,82,82,57,49,49,82,82,82,12,12,36,80],"gold":40,"neow_bonus":"TEN_PERCENT_HP_BONUS","is_prod":false,"is_daily":false,"chose_seed":false,"campfire_upgraded":8,"win_rate":0,"timestamp":1550973270,"path_taken":["M","$","M","?","M","R","E","M","T","E","M","R","?","E","R","BOSS","M","?","M","?","M","R","E","?","T","M","R","?","E","M","R","BOSS","M","?","M","M","?","R","E","?","T","M","R","$","E","$","R","BOSS"],"build_version":"2019-01-23","purchased_purges":2,"victory":true,"max_hp_per_floor":[82,82,82,82,82,82,82,82,82,82,82,82,82,82,82,82,82,82,82,82,82,82,82,82,82,82,82,82,82,82,82,82,82,82,82,82,82,82,82,82,82,82,82,82,82,82,82,82,82,82],"card_choices":[{"not_picked":["Heavy Blade","Havoc"],"picked":"Twin Strike","floor":1},{"not_picked":["Dual Wield","Clash"],"picked":"Wild Strike","floor":3},{"not_picked":["Twin Strike","Whirlwind"],"picked":"Battle Trance","floor":5},{"not_picked":["Bloodletting","Armaments"],"picked":"Shrug It Off","floor":7},{"not_picked":["Cleave","Armaments"],"picked":"Reaper","floor":8},{"not_picked":["Heavy Blade","Anger"],"picked":"Whirlwind","floor":10},{"not_picked":["Wild Strike","Cleave"],"picked":"Rampage","floor":11},{"not_picked":["Carnage","Clash"],"picked":"Flame Barrier","floor":14},{"not_picked":["Exhume","Limit Break"],"picked":"Bludgeon","floor":16},{"not_picked":["Sword Boomerang","Body Slam"],"picked":"Burning Pact","floor":18},{"not_picked":["Body Slam","Pommel Strike+1"],"picked":"Shrug It Off","floor":20},{"not_picked":["Twin Strike","Heavy Blade","Rage"],"picked":"SKIP","floor":22},{"not_picked":["Hemokinesis","Dropkick"],"picked":"Barricade","floor":24},{"not_picked":["Armaments","Perfected Strike","Second Wind+1"],"picked":"SKIP","floor":25},{"not_picked":["Infernal Blade","Body Slam","Entrench"],"picked":"SKIP","floor":27},{"not_picked":["Warcry","Uppercut","Body Slam"],"picked":"SKIP","floor":30},{"not_picked":["Flex","Heavy Blade+1"],"picked":"Reaper","floor":31},{"not_picked":["Immolate","Brutality+1"],"picked":"Double Tap","floor":33},{"not_picked":["Perfected Strike","Shrug It Off"],"picked":"Body Slam+1","floor":35},{"not_picked":["Armaments","Iron Wave","Twin Strike"],"picked":"SKIP","floor":37},{"not_picked":["Pommel Strike+1","Perfected Strike+1"],"picked":"Flame Barrier","floor":38},{"not_picked":["Dual Wield","Body Slam","Burning Pact"],"picked":"SKIP","floor":39},{"not_picked":["Blood for Blood","Seeing Red"],"picked":"Feed","floor":41},{"not_picked":["Cleave","Twin Strike+1","Body Slam+1"],"picked":"SKIP","floor":44},{"not_picked":["Twin Strike+1","Cleave+1","Dropkick"],"picked":"SKIP","floor":47}],"player_experience":523459,"relics_obtained":[{"floor":7,"key":"Incense Burner"},{"floor":9,"key":"Thread and Needle"},{"floor":10,"key":"Paper Frog"},{"floor":14,"key":"Happy Flower"},{"floor":24,"key":"Letter Opener"},{"floor":26,"key":"Gremlin Horn"},{"floor":30,"key":"Frozen Egg 2"},{"floor":41,"key":"Bird Faced Urn"},{"floor":42,"key":"Gambling Chip"},{"floor":43,"key":"Bottled Flame"},{"floor":47,"key":"Girya"}],"event_choices":[{"damage_healed":0,"gold_gain":0,"player_choice":"Entered Light","damage_taken":16,"max_hp_gain":0,"max_hp_loss":0,"event_name":"Shining Light","floor":4,"gold_loss":0,"cards_upgraded":["Defend_R","Strike_R"]},{"cards_removed":["Strike_R"],"damage_healed":0,"gold_gain":0,"player_choice":"Card Removal","damage_taken":7,"max_hp_gain":0,"max_hp_loss":0,"event_name":"Golden Wing","floor":13,"gold_loss":0},{"damage_healed":0,"gold_gain":0,"player_choice":"Simplicity","damage_taken":0,"max_hp_gain":0,"max_hp_loss":0,"event_name":"Back to Basics","floor":19,"gold_loss":0,"cards_upgraded":["Strike_R","Strike_R","Defend_R","Defend_R","Defend_R"]},{"damage_healed":0,"gold_gain":0,"player_choice":"Copied","damage_taken":0,"max_hp_gain":0,"max_hp_loss":0,"event_name":"Duplicator","floor":21,"gold_loss":0,"cards_obtained":["Reaper"]},{"damage_healed":0,"gold_gain":0,"player_choice":"Inject Mutagens","damage_taken":0,"relics_obtained":["MutagenicStrength"],"max_hp_gain":0,"max_hp_loss":0,"event_name":"Drug Dealer","floor":29,"gold_loss":0},{"damage_healed":0,"gold_gain":0,"player_choice":"Got Potions","damage_taken":0,"max_hp_gain":0,"max_hp_loss":0,"event_name":"Lab","floor":36,"gold_loss":0},{"damage_healed":0,"gold_gain":0,"player_choice":"Fight","damage_taken":0,"max_hp_gain":0,"max_hp_loss":0,"event_name":"Mysterious Sphere","floor":42,"gold_loss":0}],"is_beta":false,"boss_relics":[{"not_picked":["Astrolabe","Black Star"],"picked":"Cursed Key"},{"not_picked":["Runic Dome","Philosopher\u0027s Stone"],"picked":"Empty Cage"}],"items_purged_floors":[2,46],"is_endless":false,"potions_floor_spawned":[3,5,7,16,18,24,31,33,35,41,44,47],"ascension_level":14}