{"path_per_floor":["M","M","M","?","M","E","R","?","T","?","M","M","R","?","R","B",null,"M","?","M","M","M","R"],"character_chosen":"THE_SILENT","items_purchased":[],"gold_per_floor":[112,131,143,143,160,191,191,191,191,191,208,225,225,225,225,327,327,337,237,251,270,284,284,284],"floor_reached":24,"campfire_rested":2,"playtime":1785,"current_hp_per_floor":[70,70,69,74,72,53,53,46,46,46,45,34,34,27,49,48,75,50,50,48,18,15,37,0],"items_purged":[],"gold":284,"score":210,"play_id":"78b949e5-0663-4d05-a91d-e7b37d3959eb","local_time":"20180408154934","is_prod":false,"is_daily":false,"is_ascension_mode":true,"campfire_upgraded":1,"timestamp":1523195374,"path_taken":["M","M","M","?","M","E","R","?","T","?","?","M","R","?","R","BOSS","M","?","M","M","M","R","M"],"build_version":"2018-04-05v2","purchased_purges":0,"victory":false,"master_deck":["Defend_G","Defend_G","Defend_G","Defend_G","Defend_G","Strike_G","Strike_G","Strike_G","Survivor","Neutralize","PiercingWail","Bouncing Flask+1","Quick Slash","Dagger Spray","Well Laid Plans","Dagger Spray","Bane","Corpse Explosion","Backflip","J.A.X.","Poisoned Stab","Predator+1"],"max_hp_per_floor":[70,70,70,75,75,75,75,75,75,75,75,75,75,75,75,75,75,75,75,75,75,75,75,75],"relics":["Cursed Key","Art of War","Peace Pipe","Bag of Preparation","Black Star"],"card_choices":[{"not_picked":["Deflect","Terror"],"picked":"PiercingWail","floor":1},{"not_picked":["Acrobatics","Dodge and Roll"],"picked":"Bouncing Flask","floor":2},{"not_picked":["Sucker Punch","All Out Attack"],"picked":"Quick Slash","floor":3},{"not_picked":["Underhanded Strike","Deflect"],"picked":"Dagger Spray","floor":5},{"not_picked":["Bouncing Flask","Caltrops"],"picked":"Well Laid Plans","floor":6},{"not_picked":["Deflect","Outmaneuver"],"picked":"Bane","floor":12},{"not_picked":["Storm of Steel","Tactician"],"picked":"Corpse Explosion","floor":16},{"not_picked":["Flying Knee","Dodge and Roll"],"picked":"Backflip","floor":18},{"not_picked":["Deflect","Predator"],"picked":"Poisoned Stab","floor":20},{"not_picked":["Dagger Spray","Caltrops"],"picked":"Predator","floor":21}],"player_experience":112493,"potions_floor_usage":[11,16],"damage_taken":[{"damage":0,"enemies":"2 Louse","floor":1,"turns":2},{"damage":0,"enemies":"Small Slimes","floor":2,"turns":4},{"damage":1,"enemies":"Jaw Worm","floor":3,"turns":3},{"damage":2,"enemies":"Exordium Wildlife","floor":5,"turns":4},{"damage":19,"enemies":"Gremlin Nob","floor":6,"turns":4},{"damage":1,"enemies":"Blue Slaver","floor":11,"turns":3},{"damage":11,"enemies":"Lots of Slimes","floor":12,"turns":3},{"damage":1,"enemies":"Hexaghost","floor":16,"turns":8},{"damage":25,"enemies":"2 Thieves","floor":18,"turns":4},{"damage":2,"enemies":"Shell Parasite","floor":20,"turns":5},{"damage":30,"enemies":"Snake Plant","floor":21,"turns":5},{"damage":3,"enemies":"Cultist and Chosen","floor":22,"turns":4},{"damage":39,"enemies":"Sentry and Sphere","floor":24,"turns":5}],"event_choices":[{"event_name":"Big Fish","player_choice":"Donut","floor":4,"damage_taken":0},{"event_name":"Golden Wing","player_choice":"Card Removal","floor":8,"damage_taken":0},{"event_name":"Transmorgrifier","player_choice":"Transform","floor":10,"damage_taken":0},{"event_name":"Scrap Ooze","player_choice":"success","floor":14,"damage_taken":7},{"event_name":"Drug Dealer","player_choice":"Got JAXXED","floor":19,"damage_taken":0}],"boss_relics":[{"not_picked":["Runic Pyramid","Lizard Tail"],"picked":"Black Star"}],"potions_floor_spawned":[3,5,6,21],"seed_played":"-1130471012422866175","killed_by":"Sentry and Sphere","ascension_level":1,"is_trial":false}