{"gold_per_floor":[363,383,383,401,6,6,37,37,115,135,135,155,185,195,195,273,273,244,169,169,180,196,196,196,214,214,214,214,214,214,3,3,3],"floor_reached":33,"playtime":1345,"items_purged":["Strike_R"],"score":458,"play_id":"346edf72-50e9-4274-ad37-bbb08d247c23","local_time":"20190303131313","is_ascension_mode":true,"campfire_choices":[{"data":"Whirlwind","floor":6.0,"key":"SMITH"},{"data":"Shrug It Off","floor":8.0,"key":"SMITH"},{"data":"Battle Trance","floor":11.0,"key":"SMITH"},{"data":"Berserk","floor":15.0,"key":"SMITH"},{"floor":23,"key":"REST"},{"floor":28,"key":"REST"},{"data":"Inflame","floor":32,"key":"SMITH"}],"neow_cost":"PERCENT_DAMAGE","seed_source_timestamp":62395066562396,"circlet_count":0,"master_deck":["AscendersBane","Strike_R","Strike_R","Strike_R","Defend_R","Defend_R","Defend_R","Defend_R","Bash","Whirlwind+1","Metallicize","Shrug It Off+1","Battle Trance+1","Anger","Berserk+1","Pommel Strike","Barricade","Writhe","Flex","Whirlwind+1","Inflame+1","Cleave+1","Metallicize"],"special_seed":0,"relics":["Burning Blood","Charon\u0027s Ashes","Blood Vial","Self Forming Clay","Pantograph","Calling Bell","Potion Belt","Molten Egg 2","WingedGreaves","Spirit Poop","Bottled Lightning","The Courier","Medical Kit"],"potions_floor_usage":[22,22,33],"damage_taken":[{"damage":0.0,"enemies":"Small Slimes","floor":1.0,"turns":3.0},{"damage":16.0,"enemies":"Cultist","floor":2.0,"turns":4.0},{"damage":1.0,"enemies":"Jaw Worm","floor":4.0,"turns":4.0},{"damage":26.0,"enemies":"Lagavulin","floor":7.0,"turns":6.0},{"damage":0.0,"enemies":"Large Slime","floor":10.0,"turns":3.0},{"damage":16.0,"enemies":"Lots of Slimes","floor":12.0,"turns":2.0},{"damage":13.0,"enemies":"Gremlin Nob","floor":13.0,"turns":4.0},{"damage":8.0,"enemies":"Exordium Thugs","floor":14.0,"turns":4.0},{"damage":35.0,"enemies":"Slime Boss","floor":16.0,"turns":7.0},{"damage":39,"enemies":"2 Thieves","floor":18,"turns":5},{"damage":9,"enemies":"3 Byrds","floor":21,"turns":5},{"damage":24,"enemies":"Snecko","floor":22,"turns":6},{"damage":37,"enemies":"Snake Plant","floor":25,"turns":6},{"damage":91,"enemies":"Champ","floor":33,"turns":15}],"seed_played":"2939834982654684944","potions_obtained":[{"floor":1.0,"key":"Weak Potion"},{"floor":2.0,"key":"Ancient Potion"},{"floor":7.0,"key":"SkillPotion"},{"floor":13.0,"key":"GamblersBrew"},{"floor":18,"key":"Strength Potion"},{"floor":25,"key":"Swift Potion"}],"is_trial":false,"path_per_floor":["M","M","?","M","$","R","E","R","T","M","R","M","E","M","R","B",null,"M","?","?","M","M","R","T","M","T","?","R","?","?","$","R","B"],"character_chosen":"IRONCLAD","items_purchased":["Charon\u0027s Ashes","Medical Kit","Metallicize"],"campfire_rested":2,"item_purchase_floors":[5,31,31],"current_hp_per_floor":[56,46,46,51,51,51,31,31,31,39,39,31,26,26,26,24,62,31,31,31,30,14,36,36,7,7,7,29,29,44,44,44,0],"gold":3,"neow_bonus":"TWO_FIFTY_GOLD","is_prod":false,"is_daily":false,"chose_seed":false,"campfire_upgraded":5,"win_rate":0,"timestamp":1551636793,"path_taken":["M","M","?","M","$","R","E","R","T","M","R","?","E","M","R","BOSS","M","?","?","?","M","R","?","M","T","?","R","?","?","?","R","BOSS"],"build_version":"2019-01-23","purchased_purges":1,"victory":false,"max_hp_per_floor":[75,75,75,75,75,75,75,75,75,75,75,75,75,75,75,75,75,75,75,75,75,75,75,75,75,75,75,75,75,75,75,75,75],"card_choices":[{"not_picked":["Warcry","Headbutt"],"picked":"Whirlwind","floor":1.0},{"not_picked":["Shrug It Off","Heavy Blade"],"picked":"Metallicize","floor":2.0},{"not_picked":["Combust","Havoc"],"picked":"Shrug It Off","floor":4.0},{"not_picked":["Sword Boomerang","Searing Blow","Infernal Blade"],"picked":"SKIP","floor":7.0},{"not_picked":["Sword Boomerang","Flex"],"picked":"Battle Trance","floor":10.0},{"not_picked":["Hemokinesis","Wild Strike"],"picked":"Anger","floor":12.0},{"not_picked":["Havoc","Twin Strike"],"picked":"Berserk","floor":13.0},{"not_picked":["Anger","Sword Boomerang"],"picked":"Pommel Strike","floor":14.0},{"not_picked":["Berserk","Exhume"],"picked":"Barricade","floor":16.0},{"not_picked":["Clothesline+1","Armaments"],"picked":"Flex","floor":18},{"not_picked":["Flex","Anger+1"],"picked":"Whirlwind+1","floor":21},{"not_picked":["Blood for Blood+1","Evolve"],"picked":"Inflame","floor":22},{"not_picked":["Sentinel","Evolve"],"picked":"Cleave+1","floor":25}],"player_experience":798434,"relics_obtained":[{"floor":7.0,"key":"Blood Vial"},{"floor":9.0,"key":"Self Forming Clay"},{"floor":13.0,"key":"Pantograph"},{"floor":17,"key":"Potion Belt"},{"floor":17,"key":"Molten Egg 2"},{"floor":17,"key":"WingedGreaves"},{"floor":24,"key":"Bottled Lightning"},{"floor":26,"key":"The Courier"}],"event_choices":[{"cards_removed":["Strike_R"],"damage_healed":0.0,"max_hp_gain":0.0,"max_hp_loss":0.0,"gold_gain":0.0,"event_name":"Purifier","player_choice":"Purged","floor":3.0,"gold_loss":0.0,"damage_taken":0.0},{"cards_removed":["Normality"],"damage_healed":0,"gold_gain":0,"player_choice":"Gave Gold","damage_taken":0,"max_hp_gain":0,"max_hp_loss":0,"event_name":"Beggar","floor":19,"gold_loss":75},{"cards_removed":["Doubt"],"damage_healed":0,"gold_gain":0,"player_choice":"Offered Curse","damage_taken":0,"relics_obtained":["Spirit Poop"],"max_hp_gain":0,"max_hp_loss":0,"event_name":"Bonfire Elementals","floor":20,"gold_loss":0},{"damage_healed":0,"gold_gain":0,"player_choice":"Ignored","damage_taken":0,"max_hp_gain":0,"max_hp_loss":0,"event_name":"Cursed Tome","floor":27,"gold_loss":0},{"damage_healed":0,"gold_gain":0,"player_choice":"Ignored","damage_taken":0,"max_hp_gain":0,"max_hp_loss":0,"event_name":"Ghosts","floor":29,"gold_loss":0},{"damage_healed":15,"gold_gain":0,"player_choice":"Heal","damage_taken":0,"max_hp_gain":0,"max_hp_loss":0,"event_name":"The Library","floor":30,"gold_loss":0}],"is_beta":false,"boss_relics":[{"not_picked":["Runic Dome","Snecko Eye"],"picked":"Calling Bell"}],"items_purged_floors":[5],"is_endless":false,"potions_floor_spawned":[1,2,7,13,18,25],"killed_by":"Champ","ascension_level":16}