{"gold_per_floor":[119,138,151,3,3,30,48,48,72,72,100,100,114,134,134,233,233,233,233,203,203,203,203,203,165,165,165,165,165,165,0,0,0,0,0,0,0,0,0,0,0],"floor_reached":41,"playtime":3769,"items_purged":[],"score":614,"play_id":"3c43d2b2-6b33-424b-9e6c-40f1b96c65c8","local_time":"20190310015046","is_ascension_mode":true,"campfire_choices":[{"data":"Glass Knife","floor":8,"key":"SMITH"},{"data":"Neutralize","floor":10,"key":"SMITH"},{"data":"Dagger Spray","floor":12,"key":"SMITH"},{"floor":15,"key":"REST"},{"data":"Adrenaline","floor":24,"key":"SMITH"},{"data":"Footwork","floor":29,"key":"SMITH"},{"floor":32,"key":"REST"}],"neow_cost":"NONE","seed_source_timestamp":28399872576675,"circlet_count":0,"master_deck":["Defend_G","Defend_G","Defend_G","Defend_G","Defend_G","Survivor","Neutralize+1","Dagger Spray+1","Backflip","Backflip","Caltrops","Glass Knife+1","Predator","PiercingWail","Adrenaline+1","Unload","Sucker Punch","RitualDagger","Dodge and Roll","Terror","Bite","Bite","Bite","Bite","Backflip","Footwork+1","Escape Plan","Malaise","PiercingWail","Cloak And Dagger","Backflip+1","Well Laid Plans","Calculated Gamble","Venomology","Prepared+1","Bullet Time","Dodge and Roll"],"relics":["Ring of the Snake","Pen Nib","Oddly Smooth Stone","Orichalcum","Ectoplasm","Question Card","The Courier","Vajra","Orrery","Snake Skull"],"potions_floor_usage":[2,6,7,16,37,37,38,40,40,41,41],"damage_taken":[{"damage":0,"enemies":"2 Louse","floor":1,"turns":2},{"damage":10,"enemies":"Cultist","floor":2,"turns":5},{"damage":1,"enemies":"Jaw Worm","floor":3,"turns":5},{"damage":17,"enemies":"3 Sentries","floor":6,"turns":6},{"damage":10,"enemies":"Exordium Wildlife","floor":7,"turns":5},{"damage":12,"enemies":"Lagavulin","floor":11,"turns":9},{"damage":0,"enemies":"Looter","floor":13,"turns":1},{"damage":0,"enemies":"Large Slime","floor":14,"turns":4},{"damage":22,"enemies":"Slime Boss","floor":16,"turns":9},{"damage":0,"enemies":"Spheric Guardian","floor":18,"turns":3},{"damage":0,"enemies":"2 Thieves","floor":20,"turns":3},{"damage":6,"enemies":"Snake Plant","floor":21,"turns":3},{"damage":15,"enemies":"Book of Stabbing","floor":23,"turns":5},{"damage":10,"enemies":"Colosseum Slavers","floor":28,"turns":4},{"damage":20,"enemies":"Slavers","floor":30,"turns":4},{"damage":36,"enemies":"Automaton","floor":33,"turns":12},{"damage":2,"enemies":"3 Shapes","floor":35,"turns":3},{"damage":28,"enemies":"3 Darklings","floor":37,"turns":4},{"damage":17,"enemies":"Spire Growth","floor":38,"turns":6},{"damage":39,"enemies":"Reptomancer","floor":40,"turns":9}],"seed_played":"11535155023452535","potions_obtained":[{"floor":2,"key":"Fruit Juice"},{"floor":3,"key":"SkillPotion"},{"floor":11,"key":"EssenceOfSteel"},{"floor":13,"key":"GamblersBrew"},{"floor":18,"key":"GhostInAJar"},{"floor":21,"key":"AttackPotion"},{"floor":37,"key":"Fire Potion"}],"is_trial":false,"path_per_floor":["M","M","M","$","?","E","M","R","T","R","E","R","M","M","R","B",null,"M","?","M","M","?","E","R","$","T","$","?","R","E","?","R","B",null,"M","?","M","M","?","E","M"],"character_chosen":"THE_SILENT","items_purchased":["Backflip","Caltrops","Explosive Potion","Footwork"],"campfire_rested":2,"item_purchase_floors":[4,4,4,25],"current_hp_per_floor":[70,65,66,66,66,51,43,43,43,43,33,33,35,37,59,39,75,75,69,71,67,67,62,62,62,62,62,58,58,46,46,68,46,75,73,71,45,40,40,11,0],"gold":0,"neow_bonus":"RANDOM_COMMON_RELIC","is_prod":false,"is_daily":false,"chose_seed":false,"campfire_upgraded":5,"win_rate":0,"timestamp":1552175446,"path_taken":["M","M","M","$","?","E","M","R","T","R","E","R","?","M","R","BOSS","M","?","M","M","?","E","R","$","T","?","?","R","E","?","R","BOSS","M","?","M","M","?","E","M"],"build_version":"2019-01-23","purchased_purges":0,"victory":false,"max_hp_per_floor":[70,75,75,75,75,75,75,75,75,75,75,75,75,75,75,75,75,75,75,75,75,75,75,75,75,75,75,75,75,75,75,75,75,75,75,71,71,71,71,71,71],"card_choices":[{"not_picked":["Underhanded Strike","Prepared"],"picked":"Dagger Spray","floor":1},{"not_picked":["Predator","Sucker Punch"],"picked":"Backflip","floor":2},{"not_picked":["Bane","Finisher","Choke"],"picked":"SKIP","floor":3},{"not_picked":["Eviscerate","Outmaneuver"],"picked":"Glass Knife","floor":6},{"not_picked":["Blur","Quick Slash"],"picked":"Predator","floor":7},{"not_picked":["Catalyst","Prepared"],"picked":"PiercingWail","floor":11},{"not_picked":["Prepared","Outmaneuver","Sucker Punch"],"picked":"SKIP","floor":13},{"not_picked":["Prepared","Crippling Poison"],"picked":"Adrenaline","floor":14},{"not_picked":["Storm of Steel","Glass Knife"],"picked":"Unload","floor":16},{"not_picked":["All Out Attack","Blur"],"picked":"Sucker Punch","floor":18},{"not_picked":["Dagger Spray","Flying Knee"],"picked":"Dodge and Roll","floor":20},{"not_picked":["Deflect+1","Cloak And Dagger"],"picked":"Terror","floor":21},{"not_picked":["Deflect","Blade Dance"],"picked":"Backflip","floor":23},{"not_picked":["Sucker Punch","Crippling Poison","Setup+1"],"picked":"Escape Plan","floor":30},{"not_picked":["Die Die Die","Adrenaline","Night Terror"],"picked":"Malaise","floor":33},{"not_picked":["Dagger Spray","Outmaneuver","Caltrops"],"picked":"PiercingWail","floor":34},{"not_picked":["Setup","Outmaneuver","PiercingWail"],"picked":"Cloak And Dagger","floor":34},{"not_picked":["Cloak And Dagger","Crippling Poison+1","Bane+1"],"picked":"Backflip+1","floor":34},{"not_picked":["Wraith Form v2","Deflect","Poisoned Stab+1"],"picked":"Well Laid Plans","floor":34},{"not_picked":["Quick Slash+1","Setup+1","Endless Agony"],"picked":"Calculated Gamble","floor":34},{"not_picked":["Poisoned Stab","Dagger Spray","PiercingWail+1"],"picked":"Venomology","floor":35},{"not_picked":["Bane+1","PiercingWail","Slice"],"picked":"Prepared+1","floor":37},{"not_picked":["Sucker Punch","Tactician+1","Deflect"],"picked":"Bullet Time","floor":38},{"not_picked":["Outmaneuver","Endless Agony+1","Eviscerate"],"picked":"Dodge and Roll","floor":40}],"player_experience":733429,"relics_obtained":[{"floor":6,"key":"Pen Nib"},{"floor":9,"key":"Oddly Smooth Stone"},{"floor":11,"key":"Orichalcum"},{"floor":23,"key":"Question Card"},{"floor":26,"key":"The Courier"},{"floor":30,"key":"Vajra"},{"floor":40,"key":"Snake Skull"}],"event_choices":[{"cards_removed":["Strike_G"],"damage_healed":0,"gold_gain":0,"player_choice":"Purged","damage_taken":0,"max_hp_gain":0,"max_hp_loss":0,"event_name":"Purifier","floor":5,"gold_loss":0},{"damage_healed":0,"gold_gain":0,"player_choice":"Joined the Cult","damage_taken":6,"max_hp_gain":0,"max_hp_loss":0,"event_name":"Nest","floor":19,"gold_loss":0,"cards_obtained":["RitualDagger"]},{"damage_healed":0,"gold_gain":0,"player_choice":"Became a vampire (Vial)","damage_taken":0,"max_hp_gain":0,"max_hp_loss":0,"event_name":"Vampires","floor":22,"relics_lost":["Blood Vial"],"gold_loss":0,"cards_obtained":["Bite","Bite","Bite","Bite","Bite"]},{"damage_healed":0,"gold_gain":0,"player_choice":"Fight","damage_taken":0,"max_hp_gain":0,"max_hp_loss":0,"event_name":"Colosseum","floor":28,"gold_loss":0},{"damage_healed":0,"gold_gain":0,"player_choice":"Fled From Nobs","damage_taken":0,"max_hp_gain":0,"max_hp_loss":0,"event_name":"Colosseum","floor":28,"gold_loss":0},{"damage_healed":0,"gold_gain":0,"player_choice":"Paid Fearfully","damage_taken":0,"max_hp_gain":0,"max_hp_loss":0,"event_name":"Masked Bandits","floor":31,"gold_loss":165},{"damage_healed":0,"gold_gain":0,"player_choice":"Max HP","damage_taken":0,"max_hp_gain":0,"max_hp_loss":4,"event_name":"Winding Halls","floor":36,"gold_loss":0},{"cards_removed":["Bite"],"damage_healed":0,"gold_gain":0,"player_choice":"Removed Attack","damage_taken":0,"max_hp_gain":0,"max_hp_loss":0,"event_name":"Falling","floor":39,"gold_loss":0}],"is_beta":false,"boss_relics":[{"not_picked":["Astrolabe","Snecko Eye"],"picked":"Ectoplasm"},{"not_picked":["Ring of the Serpent","Coffee Dripper"],"picked":"Orrery"}],"items_purged_floors":[],"is_endless":false,"potions_floor_spawned":[2,3,11,13,18,21,28,30,37,38],"killed_by":"4 Shapes","ascension_level":3}