{"path_per_floor":["M","$","M","?","?","$","R","E","T","R","M","R","M","M","R","B",null,"M","$","M","$","M","R","M","E","T","?","M","M","R","E","R","B",null,"M","M","$","M","?","R","?","R","T","?","E","R","T","M","R","B"],"character_chosen":"IRONCLAD","items_purchased":["Flash of Steel","Burning Pact","Pen Nib","Immolate","Battle Trance"],"gold_per_floor":[215,37,50,50,50,12,12,42,42,42,55,55,75,85,85,186,186,202,202,222,69,79,79,98,126,126,41,61,77,77,103,103,202,202,220,233,18,37,37,37,37,37,62,62,92,92,118,128,128,128],"floor_reached":51,"campfire_rested":2,"playtime":2693,"current_hp_per_floor":[77,77,78,62,62,62,62,64,64,64,70,70,76,80,80,39,80,80,80,73,73,75,75,77,37,37,44,44,45,86,80,80,13,87,82,73,73,81,81,81,70,70,70,70,69,69,69,67,95,17],"items_purged":["Strike_R"],"gold":128,"score":873,"play_id":"f12b8bfb-cba0-46df-a6a4-01ca934ecea5","local_time":"20180515033653","is_prod":false,"is_daily":false,"chose_seed":false,"is_ascension_mode":true,"campfire_upgraded":9,"timestamp":1526369813,"path_taken":["M","$","M","?","?","?","R","E","T","R","M","R","M","M","R","BOSS","M","$","M","$","?","R","M","E","T","?","M","M","R","E","R","BOSS","M","M","$","M","?","R","?","R","T","?","E","R","?","?","R","BOSS"],"build_version":"2018-05-12v2","seed_source_timestamp":510397339022088,"purchased_purges":1,"victory":true,"master_deck":["Strike_R","Strike_R","Strike_R","Defend_R","Defend_R","Defend_R+1","Defend_R+1","Bash+1","Flash of Steel","Power Through+1","Burning Pact+1","Evolve+1","Rampage+1","Uppercut+1","Offering+1","Reckless Charge","True Grit+1","Wild Strike+1","Fiend Fire+1","Seeing Red","Sever Soul+1","Feed+1","Iron Wave+1","Immolate+1","Battle Trance+1","Madness+1","Madness","Disarm+1","Ghostly Armor"],"max_hp_per_floor":[80,80,80,80,80,80,80,80,80,80,80,80,80,80,80,80,80,80,80,80,80,80,80,80,80,80,87,87,87,87,87,87,87,87,87,87,87,91,91,91,91,91,91,91,91,91,91,95,95,99],"relics":["Black Blood","Anchor","Shuriken","Sozu","Pen Nib","Regal Pillow","Molten Egg 2","Strawberry","Ice Cream","Lantern","Red Skull","War Paint"],"card_choices":[{"not_picked":["Blood for Blood","Reckless Charge","Flex"],"picked":"SKIP","floor":1},{"not_picked":["Entrench","Flex"],"picked":"Power Through","floor":3},{"not_picked":["Bloodletting","Anger"],"picked":"Evolve","floor":8},{"not_picked":["Pummel","Body Slam"],"picked":"Rampage","floor":11},{"not_picked":["Twin Strike","Warcry","Flex"],"picked":"SKIP","floor":13},{"not_picked":["Spot Weakness","Heavy Blade"],"picked":"Uppercut","floor":14},{"not_picked":["Fiend Fire","Feed"],"picked":"Offering","floor":16},{"not_picked":["Armaments","Havoc"],"picked":"Blood for Blood+1","floor":18},{"not_picked":["Dropkick","Twin Strike"],"picked":"Reckless Charge","floor":20},{"not_picked":["Armaments","Thunderclap+1"],"picked":"True Grit","floor":22},{"not_picked":["Berserk","Clothesline"],"picked":"Wild Strike+1","floor":24},{"not_picked":["Pommel Strike","Armaments+1"],"picked":"Fiend Fire","floor":25},{"not_picked":["Metallicize+1","Infernal Blade","Burning Pact"],"picked":"SKIP","floor":28},{"not_picked":["Cleave+1","Body Slam+1"],"picked":"Seeing Red","floor":29},{"not_picked":["Armaments+1","Dark Embrace"],"picked":"Sever Soul+1","floor":31},{"not_picked":["Impervious","Barricade"],"picked":"Feed+1","floor":33},{"not_picked":["Cleave+1","Bloodletting+1","Havoc"],"picked":"SKIP","floor":35},{"not_picked":["Armaments+1","Uppercut+1"],"picked":"Iron Wave+1","floor":36},{"not_picked":["Headbutt+1","Armaments+1","Disarm"],"picked":"SKIP","floor":38},{"not_picked":["Headbutt+1","Rage"],"picked":"Disarm+1","floor":45},{"not_picked":["Reckless Charge+1","Evolve"],"picked":"Ghostly Armor","floor":48}],"player_experience":136249,"potions_floor_usage":[8,20,25],"damage_taken":[{"damage":9,"enemies":"Jaw Worm","floor":1,"turns":4},{"damage":5,"enemies":"2 Louse","floor":3,"turns":3},{"damage":19,"enemies":"3 Sentries","floor":8,"turns":13},{"damage":0,"enemies":"Small Slimes","floor":11,"turns":3},{"damage":0,"enemies":"Gremlin Gang","floor":13,"turns":6},{"damage":0,"enemies":"3 Louse","floor":14,"turns":3},{"damage":47,"enemies":"The Guardian","floor":16,"turns":11},{"damage":6,"enemies":"Shell Parasite","floor":18,"turns":4},{"damage":13,"enemies":"3 Byrds","floor":20,"turns":4},{"damage":4,"enemies":"Snake Plant","floor":22,"turns":2},{"damage":4,"enemies":"Centurion and Healer","floor":24,"turns":3},{"damage":46,"enemies":"Gremlin Leader","floor":25,"turns":5},{"damage":6,"enemies":"Snecko","floor":28,"turns":4},{"damage":5,"enemies":"3 Cultists","floor":29,"turns":4},{"damage":12,"enemies":"Book of Stabbing","floor":31,"turns":5},{"damage":73,"enemies":"Automaton","floor":33,"turns":7},{"damage":15,"enemies":"Flame Bruiser 1 Orb","floor":35,"turns":4},{"damage":19,"enemies":"Orb Walker","floor":36,"turns":3},{"damage":6,"enemies":"Flame Bruiser 2 Orb","floor":38,"turns":5},{"damage":11,"enemies":"Nemesis","floor":45,"turns":5},{"damage":16,"enemies":"Sphere and 2 Shapes","floor":48,"turns":5},{"damage":92,"enemies":"Time Eater","floor":50,"turns":12}],"event_choices":[{"event_name":"Shining Light","player_choice":"Entered Light","floor":4,"damage_taken":0},{"event_name":"Purifier","player_choice":"One Purge","floor":5,"damage_taken":0},{"event_name":"Addict","player_choice":"Obtained Relic","floor":27,"damage_taken":0},{"event_name":"Mysterious Sphere","player_choice":"Ignore","floor":39,"damage_taken":0},{"event_name":"Winding Halls","player_choice":"Embrace Madness","floor":41,"damage_taken":0}],"boss_relics":[{"not_picked":["Runic Dome","Velvet Choker"],"picked":"Sozu"},{"not_picked":["Astrolabe","Orrery"],"picked":"Black Blood"}],"potions_floor_spawned":[1,13,16,18,20,25,28,31,38],"seed_played":"-7203358477206856891","ascension_level":4,"is_trial":false}