{"gold_per_floor":[119,134,59,72,72,127,127,145,145,162,162,188,199,6,6,6],"floor_reached":16,"playtime":864,"items_purged":[],"score":207,"play_id":"776e1218-0068-4723-9cc0-4d0db0416d9d","local_time":"20190309125604","is_ascension_mode":true,"campfire_choices":[{"floor":7,"key":"REST"},{"data":"Neutralize","floor":11,"key":"SMITH"},{"floor":15,"key":"REST"}],"neow_cost":"NONE","seed_source_timestamp":478556725435654,"circlet_count":0,"master_deck":["AscendersBane","Defend_G","Defend_G","Defend_G","Defend_G","Defend_G","Strike_G","Strike_G","Strike_G","Strike_G","Survivor","Neutralize+1","Crippling Poison","Masterful Stab","Flying Knee","Sucker Punch","Choke","Backflip+1","Slice","Dodge and Roll+1","Infinite Blades","Blur+1"],"special_seed":0,"relics":["Ring of the Snake","NeowsBlessing","Tiny Chest","Dream Catcher","Toxic Egg 2"],"potions_floor_usage":[10,13,13,16],"damage_taken":[{"damage":0,"enemies":"2 Louse","floor":1,"turns":1},{"damage":0,"enemies":"Small Slimes","floor":2,"turns":1},{"damage":0,"enemies":"Jaw Worm","floor":4,"turns":1},{"damage":58,"enemies":"3 Sentries","floor":6,"turns":16},{"damage":0,"enemies":"3 Louse","floor":8,"turns":3},{"damage":5,"enemies":"Lots of Slimes","floor":10,"turns":4},{"damage":21,"enemies":"Gremlin Nob","floor":12,"turns":4},{"damage":0,"enemies":"Red Slaver","floor":13,"turns":5},{"damage":22,"enemies":"Slime Boss","floor":16,"turns":7}],"seed_played":"-1968552575519614823","potions_obtained":[{"floor":2,"key":"Dexterity Potion"},{"floor":6,"key":"GhostInAJar"},{"floor":10,"key":"Swift Potion"}],"is_trial":false,"path_per_floor":["M","M","?","M","?","E","R","M","T","M","R","E","M","$","R","B"],"character_chosen":"THE_SILENT","items_purchased":["Dodge and Roll+1","FearPotion","Infinite Blades"],"campfire_rested":2,"item_purchase_floors":[14,14,14],"current_hp_per_floor":[59,59,59,59,64,6,27,27,27,22,22,1,1,1,22,0],"gold":6,"neow_bonus":"THREE_ENEMY_KILL","is_prod":false,"is_daily":false,"chose_seed":false,"campfire_upgraded":1,"win_rate":0,"timestamp":1552154164,"path_taken":["M","M","?","M","?","E","R","M","T","M","R","E","M","$","R","BOSS"],"build_version":"2019-01-23","purchased_purges":0,"victory":false,"max_hp_per_floor":[66,66,66,66,71,71,71,71,71,71,71,71,71,71,71,71],"card_choices":[{"not_picked":["Quick Slash","Dagger Spray"],"picked":"Crippling Poison","floor":1},{"not_picked":["Sucker Punch","Tactician"],"picked":"Masterful Stab","floor":2},{"not_picked":["Flechettes","Expertise","Tactician"],"picked":"SKIP","floor":4},{"not_picked":["Setup","Bane"],"picked":"Flying Knee","floor":6},{"not_picked":["Acrobatics","Concentrate"],"picked":"Sucker Punch","floor":8},{"not_picked":["Eviscerate","Underhanded Strike"],"picked":"Choke","floor":10},{"not_picked":["Flechettes","Venomology"],"picked":"Backflip","floor":12},{"not_picked":["Choke","Prepared+1"],"picked":"Slice","floor":13},{"not_picked":["Caltrops","Dagger Throw"],"picked":"Blur+1","floor":15}],"player_experience":902371,"relics_obtained":[{"floor":6,"key":"Tiny Chest"},{"floor":9,"key":"Dream Catcher"},{"floor":12,"key":"Toxic Egg 2"}],"event_choices":[{"cards_removed":["Strike_G"],"damage_healed":0,"gold_gain":0,"player_choice":"Card Removal","damage_taken":0,"max_hp_gain":0,"max_hp_loss":0,"event_name":"The Cleric","floor":3,"gold_loss":75},{"damage_healed":0,"gold_gain":0,"player_choice":"Donut","damage_taken":0,"max_hp_gain":5,"max_hp_loss":0,"event_name":"Big Fish","floor":5,"gold_loss":0}],"is_beta":false,"boss_relics":[],"items_purged_floors":[],"is_endless":false,"potions_floor_spawned":[2,6,8,10],"killed_by":"Slime Boss","ascension_level":17}