{"gold_per_floor":[114,39,39,49,49,49,84,84,84,159,175,194,194,209,209,209],"floor_reached":16,"playtime":796,"items_purged":["Parasite"],"score":120,"play_id":"9a0e3fe3-76ae-4f23-a7cd-8c1ad07edd19","local_time":"20180804021551","is_ascension_mode":true,"campfire_choices":[{"data":"Pommel Strike","floor":6,"key":"SMITH"},{"floor":8,"key":"REST"},{"data":"Cleave","floor":13,"key":"SMITH"},{"data":"1","floor":15,"key":"LIFT"}],"neow_cost":"CURSE","seed_source_timestamp":387818588830571,"circlet_count":0,"master_deck":["Strike_R","Strike_R","Strike_R","Strike_R","Strike_R","Defend_R","Defend_R","Defend_R","Defend_R","Bash","Pommel Strike+1","Cleave+1"],"relics":["Burning Blood","Ice Cream","Golden Idol","Girya","Meat on the Bone"],"potions_floor_usage":[14,14],"damage_taken":[{"damage":6,"enemies":"Jaw Worm","floor":1,"turns":5},{"damage":8,"enemies":"2 Louse","floor":4,"turns":2},{"damage":33,"enemies":"3 Sentries","floor":7,"turns":11},{"damage":5,"enemies":"Small Slimes","floor":11,"turns":3},{"damage":12,"enemies":"Blue Slaver","floor":12,"turns":5},{"damage":2,"enemies":"Large Slime","floor":14,"turns":4},{"damage":57,"enemies":"The Guardian","floor":16,"turns":9}],"seed_played":"-3624509475645110855","potions_obtained":[{"floor":1,"key":"FearPotion"},{"floor":11,"key":"Ancient Potion"},{"floor":12,"key":"Explosive Potion"}],"is_trial":false,"path_per_floor":["M","$","?","M","?","R","E","R","T","?","M","M","R","M","R"],"character_chosen":"IRONCLAD","items_purchased":[],"campfire_rested":1,"item_purchase_floors":[],"current_hp_per_floor":[80,77,77,75,56,56,29,52,52,41,54,48,48,52,52,0],"gold":209,"neow_bonus":"ONE_RARE_RELIC","is_prod":false,"is_daily":false,"chose_seed":false,"campfire_upgraded":2,"win_rate":0,"timestamp":1533338151,"path_taken":["M","$","?","?","?","R","E","R","T","?","M","M","R","?","R","BOSS"],"build_version":"2018-08-02","purchased_purges":1,"victory":false,"max_hp_per_floor":[80,77,77,77,77,77,77,77,77,77,77,77,77,77,77,77],"card_choices":[{"not_picked":["Flex","Headbutt"],"picked":"Pommel Strike","floor":1},{"not_picked":["Iron Wave","Flex","Dual Wield"],"picked":"SKIP","floor":4},{"not_picked":["Exhume","True Grit","Reckless Charge"],"picked":"SKIP","floor":7},{"not_picked":["Wild Strike","Infernal Blade"],"picked":"Cleave","floor":11},{"not_picked":["Perfected Strike","Cleave","Headbutt"],"picked":"SKIP","floor":12},{"not_picked":["Clash","Sword Boomerang","Spot Weakness"],"picked":"SKIP","floor":14}],"player_experience":174936,"relics_obtained":[{"floor":7,"key":"Girya"},{"floor":9,"key":"Meat on the Bone"}],"event_choices":[{"event_name":"Liars Game","player_choice":"disagreed","floor":3,"damage_taken":0},{"event_name":"Golden Idol","player_choice":"Take Damage","floor":5,"damage_taken":0},{"event_name":"World of Goop","player_choice":"Gather Gold","floor":10,"damage_taken":0}],"is_beta":false,"boss_relics":[],"items_purged_floors":[2],"is_endless":false,"potions_floor_spawned":[1,11,12],"killed_by":"The Guardian","ascension_level":4}