{"path_per_floor":["M","M","M","?","?","R","E","R","T","E","M","M","E","M","R","B",null,"M","$","?","M","M","M","R","?","T","R","M","R","?","M","R","B",null,"M","$","?","$","M","M","R","M","T","M","R","$","R","M","R"],"character_chosen":"IRONCLAD","items_purchased":["Mummified Hand","Deep Breath","Pommel Strike","Pen Nib"],"gold_per_floor":[112,132,143,143,143,143,178,178,205,230,246,266,297,309,309,406,406,420,345,345,365,382,397,397,397,421,421,438,438,438,458,458,561,561,572,99,99,99,109,119,119,131,155,171,171,18,18,28,28,28],"floor_reached":50,"campfire_rested":1,"playtime":2709,"current_hp_per_floor":[80,80,79,79,79,79,80,80,80,68,57,58,44,47,47,33,68,63,63,63,57,51,22,46,46,46,46,51,51,51,56,56,19,65,76,76,66,66,77,71,80,80,80,70,80,80,80,67,77,0],"items_purged":["Strike_R","Defend_R"],"gold":28,"score":583,"play_id":"0aa04632-2d77-4038-9034-d7cf4f4bb105","local_time":"20180515164915","is_prod":false,"is_daily":false,"chose_seed":false,"is_ascension_mode":true,"campfire_upgraded":10,"timestamp":1526417355,"path_taken":["M","M","M","?","?","R","E","R","T","E","M","M","E","M","R","BOSS","M","$","?","M","M","M","R","?","T","R","M","R","?","M","R","BOSS","M","$","?","?","M","M","R","M","T","M","R","$","R","M","R","BOSS"],"build_version":"2018-05-14v2","seed_source_timestamp":557923428344324,"purchased_purges":3,"victory":false,"master_deck":["Strike_R+1","Strike_R+1","Strike_R+1","Strike_R+1","Defend_R+1","Defend_R+1","Defend_R+1","Bash+1","Perfected Strike+1","Inflame+1","Perfected Strike+1","Shrug It Off+1","Dual Wield+1","Seeing Red+1","Impervious+1","Brutality+1","Limit Break","Metallicize+1","Evolve+1","Exhume","Deep Breath","Pommel Strike+1","Madness","Madness","Pommel Strike+1","Rupture+1","Bloodletting+1","Seeing Red+1"],"max_hp_per_floor":[80,80,80,80,80,80,80,80,80,80,80,80,80,80,80,80,80,80,80,80,80,80,80,80,80,80,80,80,80,80,80,80,80,80,80,80,80,80,80,80,80,80,80,80,80,80,80,80,80,80],"relics":["Burning Blood","Juzu Bracelet","Potion Belt","Bag of Preparation","Bird Faced Urn","Mark of Pain","Oddly Smooth Stone","Eternal Feather","Mummified Hand","Bronze Scales","Pen Nib"],"card_choices":[{"not_picked":["Havoc","Infernal Blade"],"picked":"Perfected Strike","floor":1},{"not_picked":["Seeing Red","Rupture"],"picked":"Inflame","floor":2},{"not_picked":["Flex","Heavy Blade"],"picked":"Perfected Strike","floor":3},{"not_picked":["Sword Boomerang","Heavy Blade"],"picked":"Shrug It Off","floor":7},{"not_picked":["Wild Strike","Flex"],"picked":"Dual Wield","floor":10},{"not_picked":["Cleave","Second Wind"],"picked":"Seeing Red","floor":11},{"not_picked":["Entrench","Evolve","Sword Boomerang"],"picked":"SKIP","floor":12},{"not_picked":["Power Through","Body Slam"],"picked":"Impervious","floor":13},{"not_picked":["Flex","Iron Wave"],"picked":"Brutality","floor":14},{"not_picked":["Brutality","Immolate"],"picked":"Limit Break","floor":16},{"not_picked":["Dual Wield","Uppercut","Iron Wave"],"picked":"SKIP","floor":18},{"not_picked":["Disarm","Cleave","Combust+1"],"picked":"SKIP","floor":21},{"not_picked":["Anger","Thunderclap","Headbutt"],"picked":"SKIP","floor":22},{"not_picked":["Flex","Iron Wave"],"picked":"Metallicize+1","floor":23},{"not_picked":["Armaments","Inflame"],"picked":"Evolve","floor":28},{"not_picked":["Sword Boomerang","Disarm","Anger+1"],"picked":"SKIP","floor":31},{"not_picked":["Berserk","Double Tap"],"picked":"Exhume","floor":33},{"not_picked":["Clash+1","Sever Soul+1","Warcry"],"picked":"SKIP","floor":35},{"not_picked":["Battle Trance","Thunderclap"],"picked":"Pommel Strike","floor":39},{"not_picked":["Flame Barrier","Twin Strike"],"picked":"Rupture","floor":40},{"not_picked":["Shrug It Off","Corruption","Anger"],"picked":"SKIP","floor":42},{"not_picked":["Dual Wield","Sword Boomerang+1"],"picked":"Bloodletting+1","floor":44},{"not_picked":["Clothesline","Iron Wave"],"picked":"Seeing Red+1","floor":48}],"player_experience":147578,"potions_floor_usage":[7,10,12,21,28,39,50],"damage_taken":[{"damage":6,"enemies":"2 Louse","floor":1,"turns":3},{"damage":0,"enemies":"Cultist","floor":2,"turns":2},{"damage":7,"enemies":"Jaw Worm","floor":3,"turns":2},{"damage":5,"enemies":"Gremlin Nob","floor":7,"turns":3},{"damage":18,"enemies":"3 Sentries","floor":10,"turns":6},{"damage":17,"enemies":"Exordium Thugs","floor":11,"turns":4},{"damage":5,"enemies":"Gremlin Gang","floor":12,"turns":4},{"damage":20,"enemies":"Lagavulin","floor":13,"turns":5},{"damage":3,"enemies":"3 Louse","floor":14,"turns":3},{"damage":24,"enemies":"Hexaghost","floor":16,"turns":7},{"damage":15,"enemies":"Shell Parasite","floor":18,"turns":6},{"damage":14,"enemies":"Chosen","floor":21,"turns":3},{"damage":18,"enemies":"3 Cultists","floor":22,"turns":5},{"damage":39,"enemies":"Slaver and Parasite","floor":23,"turns":6},{"damage":5,"enemies":"Centurion and Healer","floor":28,"turns":5},{"damage":11,"enemies":"3 Cultists","floor":31,"turns":6},{"damage":57,"enemies":"Champ","floor":33,"turns":15},{"damage":5,"enemies":"3 Shapes","floor":35,"turns":6},{"damage":3,"enemies":"Flame Bruiser 1 Orb","floor":39,"turns":4},{"damage":18,"enemies":"4 Shapes","floor":40,"turns":5},{"damage":1,"enemies":"Flame Bruiser 2 Orb","floor":42,"turns":2},{"damage":20,"enemies":"Spire Growth","floor":44,"turns":5},{"damage":21,"enemies":"4 Shapes","floor":48,"turns":7},{"damage":83,"enemies":"Donu and Deca","floor":50,"turns":6}],"relics_obtained":[{"floor":7,"key":"Juzu Bracelet"},{"floor":9,"key":"Potion Belt"},{"floor":10,"key":"Bag of Preparation"},{"floor":13,"key":"Bird Faced Urn"},{"floor":26,"key":"Oddly Smooth Stone"},{"floor":43,"key":"Bronze Scales"}],"event_choices":[{"event_name":"Accursed Blacksmith","player_choice":"Forge","floor":4,"damage_taken":0},{"event_name":"Upgrade Shrine","player_choice":"Upgraded","floor":5,"damage_taken":0},{"event_name":"Vampires","player_choice":"Ignored","floor":20,"damage_taken":0},{"event_name":"Drug Dealer","player_choice":"Ignored","floor":25,"damage_taken":0},{"event_name":"Back to Basics","player_choice":"Simplicity","floor":30,"damage_taken":0},{"event_name":"Winding Halls","player_choice":"Embrace Madness","floor":37,"damage_taken":0}],"boss_relics":[{"not_picked":["Pandora\u0027s Box","Ectoplasm"],"picked":"Mark of Pain"},{"not_picked":["Black Star","Sozu"],"picked":"Eternal Feather"}],"potions_floor_spawned":[2,3,7,10,14,23,28,31,33,40,48],"seed_played":"5782349428525364072","killed_by":"Donu and Deca","ascension_level":5,"potions_obtained":[{"floor":2,"key":"SteroidPotion"},{"floor":3,"key":"SteroidPotion"},{"floor":7,"key":"SteroidPotion"},{"floor":10,"key":"Fire Potion"},{"floor":14,"key":"Swift Potion"},{"floor":23,"key":"PowerPotion"},{"floor":28,"key":"SpeedPotion"},{"floor":31,"key":"Fire Potion"},{"floor":33,"key":"Ancient Potion"},{"floor":40,"key":"Fire Potion"},{"floor":48,"key":"FearPotion"}],"is_trial":false}