{"path_per_floor":["M","M","?","M","?","E","M","R","T","E","?","$","R","M","R","B",null,"M","M","?","M","M","E","R","?","T","?","T","?","R","?","R","B",null,"M","$","M","?","M"],"character_chosen":"IRONCLAD","items_purchased":["Rampage","Block Potion"],"gold_per_floor":[14,31,31,46,46,72,90,90,90,118,194,41,41,55,55,156,156,156,111,111,111,111,111,111,71,71,71,71,71,71,71,71,71,71,71,21,21,21,21],"floor_reached":40,"campfire_rested":2,"playtime":3841,"current_hp_per_floor":[80,80,80,80,80,47,48,48,48,42,42,42,66,68,68,50,80,67,69,69,71,70,54,54,54,54,54,54,39,64,64,64,30,85,82,82,84,84,50],"items_purged":["Brutality"],"gold":21,"play_id":"63a9019f-e450-49d7-a879-a63ea63e0e48","is_prod":false,"is_daily":false,"campfire_rituals":0,"campfire_upgraded":4,"is_hardmode":false,"path_taken":["M","M","?","M","?","E","M","R","T","E","?","$","R","?","R","BOSS","M","?","?","M","M","E","R","?","T","?","?","?","R","?","R","BOSS","M","?","M","?","M","E"],"build_version":"2018-01-18-PROD3","purchased_purges":1,"victory":false,"master_deck":["Strike_R","Strike_R","Defend_R","Defend_R","Defend_R","Defend_R","Bash","Uppercut","Battle Trance","Armaments","Disarm","True Grit","Offering","Rampage","Power Through","Double Tap","Cleave","Flex","Demon Form","Immolate","Sword Boomerang","Disarm","Metallicize"],"max_hp_per_floor":[80,80,80,80,80,80,80,80,80,80,80,80,80,80,80,80,80,80,80,80,80,80,80,80,80,80,80,80,85,85,85,85,85,85,85,85,85,85,85],"relics":["Burning Blood","Happy Flower","Frozen Eye","Dodecahedron","Ectoplasm","Pen Nib","Blood Vial","Juzu Bracelet","Cursed Key"],"campfire_meditates":0,"card_choices":[{"not_picked":["Body Slam","Sever Soul"],"picked":"Uppercut"},{"not_picked":["Sword Boomerang","Iron Wave"],"picked":"Battle Trance"},{"not_picked":["Battle Trance","Ghostly Armor"],"picked":"Armaments"},{"not_picked":["Cleave","Power Through"],"picked":"Disarm"},{"not_picked":["Shrug It Off","Thunderclap"],"picked":"True Grit"},{"not_picked":["Sentinel","Clash"],"picked":"Offering"},{"not_picked":["Hemokinesis","Heavy Blade"],"picked":"Power Through"},{"not_picked":["Exhume","Juggernaut"],"picked":"Double Tap"},{"not_picked":["Warcry","Perfected Strike"],"picked":"Cleave"},{"not_picked":["Heavy Blade","Shrug It Off"],"picked":"Flex"},{"not_picked":["Heavy Blade","Reckless Charge"],"picked":"Demon Form"},{"not_picked":["Dark Embrace","Bludgeon"],"picked":"Immolate"},{"not_picked":["Inflame","Iron Wave"],"picked":"Sword Boomerang"},{"not_picked":["Bloodletting","Pommel Strike"],"picked":"Disarm"},{"not_picked":["Pommel Strike","Barricade"],"picked":"Metallicize"}],"player_experience":265737,"potions_floor_usage":[19,22,23,35,37],"damage_taken":[{"damage":0,"enemies":"2 Louse","floor":1,"turns":2},{"damage":4,"enemies":"Cultist","floor":2,"turns":3},{"damage":6,"enemies":"Jaw Worm","floor":4,"turns":3},{"damage":39,"enemies":"3 Sentries","floor":6,"turns":9},{"damage":5,"enemies":"Large Slime","floor":7,"turns":8},{"damage":12,"enemies":"Gremlin Nob","floor":10,"turns":4},{"damage":4,"enemies":"Looter","floor":14,"turns":3},{"damage":24,"enemies":"The Guardian","floor":16,"turns":11},{"damage":19,"enemies":"Spheric Guardian","floor":18,"turns":6},{"damage":4,"enemies":"2 Thieves","floor":19,"turns":4},{"damage":4,"enemies":"Snake Plant","floor":21,"turns":4},{"damage":7,"enemies":"Slaver and Parasite","floor":22,"turns":6},{"damage":22,"enemies":"Slavers","floor":23,"turns":5},{"damage":42,"enemies":"Automaton","floor":33,"turns":8},{"damage":9,"enemies":"3 Darklings","floor":35,"turns":6},{"damage":6,"enemies":"3 Shapes","floor":37,"turns":4},{"damage":41,"enemies":"Sphere and 2 Shapes","floor":39,"turns":4},{"damage":56,"enemies":"Giant Head","floor":40,"turns":8}],"event_choices":[{"event_name":"Match and Keep!","player_choice":"1 cards matched","floor":3,"damage_taken":0},{"event_name":"Match and Keep!","player_choice":"1 cards matched","floor":3,"damage_taken":0},{"event_name":"Liars Game","player_choice":"disagreed","floor":5,"damage_taken":0},{"event_name":"Golden Wing","player_choice":"Gained Gold","floor":11,"damage_taken":0},{"event_name":"Back to Basics","player_choice":"Simplicity","floor":20,"damage_taken":0},{"event_name":"The Woman in Blue","player_choice":"Bought 3 Potions","floor":25,"damage_taken":0},{"event_name":"Addict","player_choice":"Ignored","floor":27,"damage_taken":0},{"event_name":"Forgotten Altar","player_choice":"Shed Blood","floor":29,"damage_taken":0},{"event_name":"Drug Dealer","player_choice":"Ignored","floor":31,"damage_taken":0}],"boss_relics":[{"not_picked":["Velvet Choker","Runic Cube"],"picked":"Ectoplasm"},{"not_picked":["Question Card","Tiny House"],"picked":"Cursed Key"}],"potions_floor_spawned":[4,6,10,14,18,19,21,35],"seed_played":"-6431141302832962503","killed_by":"Giant Head","is_trial":false}