{"path_per_floor":["M","M","M","M","M","R","?","R","T","R","M","M","R","$","R","B",null,"M","?","?","$","?","R","M"],"character_chosen":"DEFECT","items_purchased":["Capacitor"],"gold_per_floor":[116,126,139,150,168,168,133,133,157,157,168,185,185,87,87,190,190,204,119,148,148,148,148,163,163],"floor_reached":25,"campfire_rested":1,"playtime":3796,"current_hp_per_floor":[75,72,72,32,29,29,47,47,47,47,47,46,46,46,46,49,75,58,58,15,15,6,28,25,0],"items_purged":["Strike_B"],"gold":163,"score":203,"play_id":"1d99960c-0738-4437-91d5-46ac9c114161","local_time":"20180515191819","is_prod":false,"is_daily":false,"chose_seed":false,"is_ascension_mode":true,"campfire_upgraded":5,"timestamp":1526426299,"path_taken":["M","M","M","M","?","R","?","R","T","R","M","M","R","$","R","BOSS","M","?","?","$","?","R","?","M"],"build_version":"2018-05-14v2","seed_source_timestamp":565789250796542,"purchased_purges":2,"victory":false,"master_deck":["Defend_B","Defend_B","Defend_B","Zap+1","Dualcast","Ball Lightning","Skim","Defragment+1","Rainbow+1","Self Repair","Go for the Eyes","Leap+1","Capacitor+1","Machine Learning","Scrape+1","Go for the Eyes+1","Creative AI+1","Melter","Stack+1","Conserve Battery+1"],"max_hp_per_floor":[75,75,75,75,75,75,75,75,75,75,75,75,75,75,75,75,75,75,75,75,75,75,75,75,75],"relics":["Cracked Core","Vajra","Astrolabe","DataDisk","Red Mask"],"card_choices":[{"not_picked":["Beam Cell","Steam Power"],"picked":"Ball Lightning","floor":1},{"not_picked":["Sweeping Beam","Static Discharge"],"picked":"Skim","floor":2},{"not_picked":["Go for the Eyes","Streamline"],"picked":"Defragment","floor":3},{"not_picked":["Barrage","Doom and Gloom"],"picked":"Rainbow","floor":4},{"not_picked":["Ball Lightning","Go for the Eyes"],"picked":"Self Repair","floor":5},{"not_picked":["Beam Cell","Streamline"],"picked":"Go for the Eyes","floor":11},{"not_picked":["Ball Lightning","Hologram"],"picked":"Leap","floor":12},{"not_picked":["Meteor Strike","Hyperbeam"],"picked":"Machine Learning","floor":16},{"not_picked":["Rebound+1","Streamline"],"picked":"Melter","floor":18},{"not_picked":["Skim+1","Streamline"],"picked":"Stack+1","floor":20},{"not_picked":["Static Discharge","Skim"],"picked":"Conserve Battery+1","floor":24}],"player_experience":155297,"potions_floor_usage":[20,25,25,25],"damage_taken":[{"damage":0,"enemies":"Cultist","floor":1,"turns":3},{"damage":3,"enemies":"Jaw Worm","floor":2,"turns":3},{"damage":0,"enemies":"2 Louse","floor":3,"turns":1},{"damage":40,"enemies":"Exordium Thugs","floor":4,"turns":5},{"damage":3,"enemies":"Looter","floor":5,"turns":4},{"damage":7,"enemies":"Blue Slaver","floor":11,"turns":3},{"damage":8,"enemies":"Exordium Wildlife","floor":12,"turns":3},{"damage":4,"enemies":"Hexaghost","floor":16,"turns":7},{"damage":24,"enemies":"Chosen","floor":18,"turns":6},{"damage":50,"enemies":"Masked Bandits","floor":20,"turns":6},{"damage":10,"enemies":"3 Byrds","floor":24,"turns":4},{"damage":37,"enemies":"Cultist and Chosen","floor":25,"turns":5}],"relics_obtained":[{"floor":9,"key":"Vajra"},{"floor":20,"key":"Red Mask"}],"event_choices":[{"event_name":"The Cleric","player_choice":"Healed","floor":7,"damage_taken":0},{"event_name":"Addict","player_choice":"Obtained Relic","floor":19,"damage_taken":0},{"event_name":"Masked Bandits","player_choice":"Fought over 119 gold","floor":20,"damage_taken":0},{"event_name":"Cursed Tome","player_choice":"Stopped","floor":22,"damage_taken":0}],"boss_relics":[{"not_picked":["Eternal Feather","Tiny House"],"picked":"Astrolabe"}],"potions_floor_spawned":[4,5,11,20,24],"seed_played":"4757791476163526903","killed_by":"Cultist and Chosen","ascension_level":1,"potions_obtained":[{"floor":4,"key":"Dexterity Potion"},{"floor":5,"key":"FocusPotion"},{"floor":11,"key":"SpeedPotion"},{"floor":20,"key":"GamblersBrew"}],"is_trial":false}