{"path_per_floor":["M","M","M","?","?","E","M","E","T","E","M","R","E","M","R","B",null,"M","M","M","M","$","E","$","E","T","R","M","?","?","M","R","B",null,"M","M","?","$","M","E","R","?","T","M","R","E","R","?","R","B"],"character_chosen":"THE_SILENT","items_purchased":["Mercury Hourglass"],"gold_per_floor":[114,124,139,139,139,166,186,216,216,242,258,258,293,306,306,407,407,362,362,362,362,67,67,17,17,17,17,17,17,17,17,17,17,17,17,17,17,17,17,17,17,0,0,0,0,0,0,0,0,0],"floor_reached":51,"campfire_rested":0,"playtime":4404,"current_hp_per_floor":[63,63,63,63,63,29,29,23,23,34,38,38,37,42,42,47,64,66,72,72,69,69,61,61,54,54,54,50,50,36,56,56,63,77,83,83,71,71,82,83,83,83,83,85,85,84,84,84,84,87],"items_purged":["Strike_G","Strike_G"],"gold":0,"score":1268,"play_id":"612d1a69-5e57-435b-80c1-f7f7701e1447","local_time":"20180417195056","is_prod":false,"is_daily":false,"chose_seed":false,"is_ascension_mode":true,"campfire_upgraded":3,"timestamp":1523987456,"path_taken":["M","M","M","?","?","E","M","E","T","E","?","R","E","M","R","BOSS","M","M","M","M","$","E","$","E","T","R","M","?","?","M","R","BOSS","M","M","?","?","?","E","R","?","T","M","R","E","R","?","R","BOSS"],"build_version":"2018-04-12","seed_source_timestamp":2317819935693,"purchased_purges":2,"victory":true,"master_deck":["Defend_G","Defend_G","Defend_G","Defend_G","Defend_G","Strike_G","Strike_G","Strike_G","Survivor","Neutralize","AscendersBane","Predator","Footwork","Night Terror","Backflip","Skewer+1","Acrobatics","Bullet Time","Caltrops+1","Backflip","A Thousand Cuts+1","Storm of Steel","Caltrops","After Image+1","Footwork+1","Dagger Throw","Accuracy+1","Storm of Steel+1","Injury"],"max_hp_per_floor":[70,70,70,70,70,70,70,70,70,70,70,70,70,70,70,70,70,70,72,72,74,74,74,74,74,74,74,74,74,79,81,81,81,81,83,83,83,83,83,83,83,83,83,85,85,87,87,87,87,87],"relics":["Snecko Eye","Thread and Needle","Bird Faced Urn","Meat on the Bone","Smiling Mask","Shovel","Singing Bowl","Ectoplasm","Mercury Hourglass","Bag of Preparation","Tiny Chest","Du-Vu Doll","Bronze Scales","Centennial Puzzle","Cursed Key","Tingsha","Toxic Egg 2","Red Mask","Dodecahedron","Regal Pillow","Anchor","Gremlin Horn"],"card_choices":[{"not_picked":["Dagger Spray","Well Laid Plans"],"picked":"Flying Knee","floor":1},{"not_picked":["Flying Knee","Bane"],"picked":"Predator","floor":2},{"not_picked":["Deadly Poison","Sucker Punch"],"picked":"Footwork","floor":3},{"not_picked":["Slice","PiercingWail"],"picked":"Backflip","floor":10},{"not_picked":["Prepared","Terror"],"picked":"Skewer","floor":11},{"not_picked":["Dagger Spray","Prepared"],"picked":"Acrobatics","floor":14},{"not_picked":["Glass Knife","Unload"],"picked":"Bullet Time","floor":16},{"not_picked":["Deflect","Quick Slash"],"picked":"Caltrops","floor":18},{"not_picked":["Poisoned Stab","Prepared"],"picked":"Backflip","floor":20},{"not_picked":["Eviscerate","Underhanded Strike"],"picked":"A Thousand Cuts","floor":23},{"not_picked":["Skewer","Quick Slash"],"picked":"Storm of Steel","floor":25},{"not_picked":["Reflex","Poisoned Stab"],"picked":"Caltrops","floor":28},{"not_picked":["Grand Finale","Night Terror"],"picked":"After Image","floor":33},{"not_picked":["Calculated Gamble","Leg Sweep"],"picked":"Footwork","floor":36},{"not_picked":["Cloak And Dagger","PiercingWail"],"picked":"Dagger Throw","floor":37},{"not_picked":["Masterful Stab","Backstab"],"picked":"Accuracy","floor":39},{"not_picked":["Bane","Slice"],"picked":"Storm of Steel","floor":40}],"player_experience":337881,"potions_floor_usage":[16,23,31,37,50,50],"damage_taken":[{"damage":0,"enemies":"Small Slimes","floor":1,"turns":3},{"damage":0,"enemies":"2 Louse","floor":2,"turns":3},{"damage":0,"enemies":"Cultist","floor":3,"turns":3},{"damage":34,"enemies":"3 Sentries","floor":6,"turns":13},{"damage":0,"enemies":"2 Fungi Beasts","floor":7,"turns":4},{"damage":6,"enemies":"Lagavulin","floor":8,"turns":5},{"damage":3,"enemies":"3 Sentries","floor":10,"turns":13},{"damage":10,"enemies":"Exordium Thugs","floor":11,"turns":5},{"damage":3,"enemies":"Lagavulin","floor":13,"turns":4},{"damage":1,"enemies":"Looter","floor":14,"turns":4},{"damage":15,"enemies":"Hexaghost","floor":16,"turns":15},{"damage":0,"enemies":"2 Thieves","floor":18,"turns":4},{"damage":0,"enemies":"3 Byrds","floor":19,"turns":4},{"damage":0,"enemies":"Centurion and Healer","floor":20,"turns":5},{"damage":5,"enemies":"3 Cultists","floor":21,"turns":5},{"damage":12,"enemies":"Book of Stabbing","floor":23,"turns":5},{"damage":11,"enemies":"Gremlin Leader","floor":25,"turns":4},{"damage":6,"enemies":"Snake Plant","floor":28,"turns":3},{"damage":2,"enemies":"Centurion and Healer","floor":31,"turns":5},{"damage":7,"enemies":"Champ","floor":33,"turns":7},{"damage":0,"enemies":"3 Darklings","floor":35,"turns":3},{"damage":0,"enemies":"3 Shapes","floor":36,"turns":3},{"damage":20,"enemies":"Mysterious Sphere","floor":37,"turns":5},{"damage":1,"enemies":"3 Darklings","floor":39,"turns":4},{"damage":0,"enemies":"Giant Head","floor":40,"turns":6},{"damage":3,"enemies":"Maw","floor":44,"turns":4},{"damage":10,"enemies":"Nemesis","floor":46,"turns":5},{"damage":0,"enemies":"Donu and Deca","floor":50,"turns":6}],"event_choices":[{"event_name":"Liars Game","player_choice":"disagreed","floor":4,"damage_taken":0},{"event_name":"Match and Keep!","player_choice":"1 cards matched","floor":5,"damage_taken":0},{"event_name":"Vampires","player_choice":"Ignored","floor":29,"damage_taken":0},{"event_name":"Forgotten Altar","player_choice":"Shed Blood","floor":30,"damage_taken":0},{"event_name":"Mysterious Sphere","player_choice":"Fight","floor":37,"damage_taken":0},{"event_name":"Tomb of Lord Red Mask","player_choice":"Paid","floor":42,"damage_taken":0}],"boss_relics":[{"not_picked":["Runic Pyramid","Tiny House"],"picked":"Ectoplasm"},{"not_picked":["White Beast Statue","Philosopher\u0027s Stone"],"picked":"Cursed Key"}],"potions_floor_spawned":[7,10,11,13,16,18,20,23,33,36,37,39],"seed_played":"5556924780945141239","ascension_level":11,"is_trial":false}