{"gold_per_floor":[219,229,154,165,176,176,126,140,213,213,224,259,279,279,279,379,379,398,398,497,516,441,441,457,457,484,348,364,378,378,397,397,492,492,506,506,506,516,87,87,97,97,121,121,24,37,37,37,37,37],"floor_reached":51,"playtime":5942,"items_purged":["Strike_R","Strike_R","Strike_R"],"score":599,"play_id":"d2c934e8-00c1-40b6-8a32-051e5f9642f8","local_time":"20190219060337","is_ascension_mode":false,"campfire_choices":[{"data":"True Grit","floor":6.0,"key":"SMITH"},{"data":"Armaments","floor":10.0,"key":"SMITH"},{"data":"Carnage","floor":15.0,"key":"SMITH"},{"data":"Offering","floor":23,"key":"SMITH"},{"data":"Warcry","floor":25,"key":"SMITH"},{"data":"Disarm","floor":30,"key":"SMITH"},{"data":"Inflame","floor":32,"key":"SMITH"},{"data":"Fiend Fire","floor":40,"key":"SMITH"},{"data":"Battle Trance","floor":42,"key":"SMITH"},{"data":"Bash","floor":44,"key":"SMITH"},{"data":"Clothesline","floor":49,"key":"SMITH"}],"neow_cost":"NONE","seed_source_timestamp":10834833178816,"circlet_count":0,"master_deck":["Defend_R+1","Defend_R+1","Defend_R","Defend_R","Bash+1","Sword Boomerang+1","True Grit+1","Intimidate","Armaments+1","Anger+1","Carnage+1","Iron Wave","Battle Trance+1","Offering+1","Inflame+1","Thunderclap","Warcry+1","Disarm+1","Disarm","Evolve","Reaper","Fiend Fire+1","Shrug It Off+1","Flex","Clothesline+1","Writhe"],"special_seed":0,"relics":["Burning Blood","Ornamental Fan","Torii","Coffee Dripper","Oddly Smooth Stone","Velvet Choker","Question Card","War Paint"],"potions_floor_usage":[33,33,50,50],"damage_taken":[{"damage":8.0,"enemies":"2 Louse","floor":1.0,"turns":4.0},{"damage":6.0,"enemies":"Jaw Worm","floor":2.0,"turns":3.0},{"damage":0.0,"enemies":"Small Slimes","floor":4.0,"turns":3.0},{"damage":12.0,"enemies":"3 Louse","floor":5.0,"turns":5.0},{"damage":3.0,"enemies":"2 Fungi Beasts","floor":8.0,"turns":3.0},{"damage":2.0,"enemies":"Blue Slaver","floor":11.0,"turns":5.0},{"damage":20.0,"enemies":"Gremlin Nob","floor":12.0,"turns":4.0},{"damage":6.0,"enemies":"3 Louse","floor":13.0,"turns":3.0},{"damage":10.0,"enemies":"Slime Boss","floor":16.0,"turns":10.0},{"damage":0,"enemies":"Chosen","floor":18,"turns":4},{"damage":6,"enemies":"3 Byrds","floor":21,"turns":5},{"damage":6,"enemies":"3 Cultists","floor":24,"turns":3},{"damage":6,"enemies":"Snake Plant","floor":28,"turns":2},{"damage":7,"enemies":"Snecko","floor":29,"turns":5},{"damage":6,"enemies":"Cultist and Chosen","floor":31,"turns":3},{"damage":64,"enemies":"Champ","floor":33,"turns":9},{"damage":7,"enemies":"3 Darklings","floor":35,"turns":4},{"damage":7,"enemies":"Orb Walker","floor":38,"turns":3},{"damage":19,"enemies":"3 Darklings","floor":41,"turns":6},{"damage":15,"enemies":"Maw","floor":46,"turns":6},{"damage":78,"enemies":"Awakened One","floor":50,"turns":23}],"seed_played":"6258835837133649505","potions_obtained":[{"floor":1.0,"key":"SteroidPotion"},{"floor":2.0,"key":"Explosive Potion"},{"floor":12.0,"key":"Energy Potion"},{"floor":13.0,"key":"Regen Potion"},{"floor":21,"key":"SkillPotion"},{"floor":35,"key":"BloodPotion"}],"is_trial":false,"path_per_floor":["M","M","$","M","M","R","?","M","T","R","M","E","M","?","R","B",null,"M","?","?","M","?","R","M","R","T","$","M","M","R","M","R","B",null,"M","?","?","M","$","R","M","R","T","R","$","M","?","?","R","B",null],"character_chosen":"IRONCLAD","items_purchased":["Disarm","Question Card","Dexterity Potion","SpeedPotion","Flex"],"campfire_rested":0,"item_purchase_floors":[27,39,39,45,45],"current_hp_per_floor":[78,78,78,80,74,74,74,77,77,77,80,66,66,50,50,46,80,80,80,80,80,80,80,80,80,80,80,80,79,79,79,79,21,80,80,80,80,79,79,79,72,72,72,72,72,63,80,80,80,32],"gold":37,"neow_bonus":"HUNDRED_GOLD","is_prod":false,"is_daily":false,"chose_seed":false,"campfire_upgraded":11,"win_rate":0,"timestamp":1550549017,"path_taken":["M","M","$","M","M","R","?","M","T","R","M","E","M","?","R","BOSS","M","?","?","M","?","R","M","R","T","$","M","M","R","M","R","BOSS","M","?","?","M","$","R","M","R","T","R","?","M","?","?","R","BOSS"],"build_version":"2019-01-23","purchased_purges":3,"victory":true,"max_hp_per_floor":[80,80,80,80,80,80,80,80,80,80,80,80,80,80,80,80,80,80,80,80,80,80,80,80,80,80,80,80,80,80,80,80,80,80,80,80,80,80,80,80,80,80,80,80,80,80,80,80,80,80],"card_choices":[{"not_picked":["Bloodletting","Feel No Pain"],"picked":"Sword Boomerang","floor":1.0},{"not_picked":["Flex","Bloodletting"],"picked":"True Grit","floor":2.0},{"not_picked":["Thunderclap","Disarm"],"picked":"Intimidate","floor":4.0},{"not_picked":["Corruption","Exhume"],"picked":"Armaments","floor":5.0},{"not_picked":["Heavy Blade","Perfected Strike"],"picked":"Anger","floor":8.0},{"not_picked":["Body Slam","Corruption"],"picked":"Carnage","floor":11.0},{"not_picked":["Reaper","Rupture"],"picked":"Iron Wave","floor":12.0},{"not_picked":["Warcry","Headbutt"],"picked":"Battle Trance","floor":13.0},{"not_picked":["Double Tap","Dark Embrace"],"picked":"Offering","floor":16.0},{"not_picked":["Corruption","Pommel Strike"],"picked":"Inflame","floor":18},{"not_picked":["Dual Wield","Feel No Pain+1"],"picked":"Thunderclap","floor":21},{"not_picked":["Wild Strike","Dropkick"],"picked":"Warcry","floor":24},{"not_picked":["Headbutt","Thunderclap"],"picked":"Disarm","floor":28},{"not_picked":["Sword Boomerang+1","Heavy Blade+1"],"picked":"Evolve","floor":29},{"not_picked":["Feel No Pain","Flame Barrier"],"picked":"Reaper","floor":31},{"not_picked":["Exhume","Impervious"],"picked":"Fiend Fire","floor":33},{"not_picked":["Fire Breathing","Warcry","Twin Strike"],"picked":"SKIP","floor":35},{"not_picked":["Twin Strike","Clash","Bloodletting+1"],"picked":"SKIP","floor":38},{"not_picked":["Shockwave+1","Carnage+1","Rupture"],"picked":"Shrug It Off+1","floor":41},{"not_picked":["Combust+1","Iron Wave","Cleave+1"],"picked":"Clothesline","floor":46}],"player_experience":403930,"relics_obtained":[{"floor":9.0,"key":"Ornamental Fan"},{"floor":12.0,"key":"Torii"},{"floor":26,"key":"Oddly Smooth Stone"},{"floor":43,"key":"War Paint"}],"event_choices":[{"cards_removed":["Strike_R"],"damage_healed":0.0,"max_hp_gain":0.0,"max_hp_loss":0.0,"gold_gain":0.0,"event_name":"The Cleric","player_choice":"Card Removal","floor":7.0,"gold_loss":50.0,"damage_taken":0.0},{"damage_healed":0.0,"max_hp_gain":0.0,"max_hp_loss":0.0,"gold_gain":0.0,"event_name":"Shining Light","player_choice":"Entered Light","floor":14.0,"gold_loss":0.0,"damage_taken":16.0,"cards_upgraded":["Sword Boomerang","Anger"]},{"damage_healed":0,"gold_gain":0,"player_choice":"Ignored","damage_taken":0,"max_hp_gain":0,"max_hp_loss":0,"event_name":"Ghosts","floor":19,"gold_loss":0},{"damage_healed":0,"gold_gain":99,"player_choice":"Stole From Cult","damage_taken":0,"max_hp_gain":0,"max_hp_loss":0,"event_name":"Nest","floor":20,"gold_loss":0},{"cards_removed":["Strike_R"],"damage_healed":0,"gold_gain":0,"player_choice":"Gave Gold","damage_taken":0,"max_hp_gain":0,"max_hp_loss":0,"event_name":"Beggar","floor":22,"gold_loss":75},{"damage_healed":0,"gold_gain":0,"player_choice":"Ignored","damage_taken":0,"max_hp_gain":0,"max_hp_loss":0,"event_name":"Tomb of Lord Red Mask","floor":36,"gold_loss":0},{"damage_healed":0,"gold_gain":0,"player_choice":"Ignored","damage_taken":0,"max_hp_gain":0,"max_hp_loss":0,"event_name":"Mysterious Sphere","floor":37,"gold_loss":0},{"damage_healed":20,"gold_gain":0,"player_choice":"Writhe","damage_taken":0,"max_hp_gain":0,"max_hp_loss":0,"event_name":"Winding Halls","floor":47,"gold_loss":0,"cards_obtained":["Writhe"]},{"damage_healed":0,"gold_gain":0,"player_choice":"Leave","damage_taken":0,"max_hp_gain":0,"max_hp_loss":0,"event_name":"FaceTrader","floor":48,"gold_loss":0}],"is_beta":false,"boss_relics":[{"not_picked":["Astrolabe","Eternal Feather"],"picked":"Coffee Dripper"},{"not_picked":["Black Star","White Beast Statue"],"picked":"Velvet Choker"}],"items_purged_floors":[3,27,39],"is_endless":false,"potions_floor_spawned":[1,2,12,13,21,24,35],"ascension_level":0}