{"gold_per_floor":[119,137,137,147,147,147,180,180,204,103,132,0,0,17,17,122,122,122,72,72,72,72,72,72,72,72,72,72,72,72,72,72,72,72,72,0,0,0,0,0,0,0,0,0,0,0,0,0,0,0],"floor_reached":51,"playtime":5986,"items_purged":["Strike_B","Strike_B","Strike_B"],"score":854,"play_id":"1ae2c422-68c2-49cd-b105-5d46252206d7","local_time":"20190305202012","is_ascension_mode":true,"campfire_choices":[{"data":"Coolheaded","floor":6,"key":"SMITH"},{"data":"Compile Driver","floor":8,"key":"SMITH"},{"data":"Hologram","floor":13,"key":"SMITH"},{"data":"Loop","floor":15,"key":"SMITH"},{"data":"Biased Cognition","floor":24,"key":"SMITH"},{"data":"Darkness","floor":30,"key":"SMITH"},{"data":"Hologram","floor":32,"key":"SMITH"},{"data":"Capacitor","floor":44,"key":"SMITH"},{"data":"Leap","floor":46,"key":"SMITH"},{"floor":49,"key":"REST"}],"neow_cost":"NONE","seed_source_timestamp":31159403939764,"circlet_count":0,"master_deck":["Defend_B","Defend_B+1","Defend_B+1","Defend_B","Zap+1","Dualcast","Coolheaded+1","Compile Driver+1","Cold Snap+1","Doom and Gloom+1","Echo Form","Loop+1","Hologram+1","Darkness+1","Biased Cognition+1","Go for the Eyes+1","Self Repair+1","Capacitor+1","Leap+1","Chill","Genetic Algorithm","Hologram+1","Reboot","Stack","Consume+1","BootSequence+1","Turbo+1","Steam+1"],"relics":["Cracked Core","Strawberry","Smiling Mask","DataDisk","Ectoplasm","Whetstone","Blue Candle","Vajra","Pen Nib","Black Star","Red Mask","Gambling Chip","Bottled Tornado","Centennial Puzzle","Boot","War Paint","Toxic Egg 2","Bottled Flame","Orichalcum","Bronze Scales"],"potions_floor_usage":[16,23,28,50,50],"damage_taken":[{"damage":0,"enemies":"2 Louse","floor":1,"turns":3},{"damage":0,"enemies":"Cultist","floor":2,"turns":3},{"damage":5,"enemies":"Jaw Worm","floor":4,"turns":3},{"damage":20,"enemies":"Gremlin Nob","floor":7,"turns":5},{"damage":18,"enemies":"3 Sentries","floor":11,"turns":6},{"damage":8,"enemies":"Exordium Thugs","floor":14,"turns":5},{"damage":26,"enemies":"Hexaghost","floor":16,"turns":7},{"damage":1,"enemies":"Chosen","floor":18,"turns":4},{"damage":0,"enemies":"Shell Parasite","floor":20,"turns":4},{"damage":17,"enemies":"3 Cultists","floor":21,"turns":5},{"damage":18,"enemies":"Gremlin Leader","floor":23,"turns":4},{"damage":2,"enemies":"Book of Stabbing","floor":25,"turns":5},{"damage":6,"enemies":"Snecko","floor":27,"turns":4},{"damage":6,"enemies":"Shelled Parasite and Fungi","floor":28,"turns":4},{"damage":15,"enemies":"Gremlin Leader","floor":29,"turns":7},{"damage":15,"enemies":"Cultist and Chosen","floor":31,"turns":6},{"damage":19,"enemies":"Champ","floor":33,"turns":8},{"damage":19,"enemies":"3 Shapes","floor":35,"turns":6},{"damage":19,"enemies":"Mind Bloom Boss Battle","floor":37,"turns":7},{"damage":19,"enemies":"3 Darklings","floor":38,"turns":4},{"damage":3,"enemies":"Nemesis","floor":40,"turns":9},{"damage":2,"enemies":"Giant Head","floor":42,"turns":7},{"damage":56,"enemies":"Reptomancer","floor":45,"turns":6},{"damage":4,"enemies":"Jaw Worm Horde","floor":48,"turns":4},{"damage":39,"enemies":"Time Eater","floor":50,"turns":12}],"seed_played":"-4771056394487276930","potions_obtained":[{"floor":1,"key":"SpeedPotion"},{"floor":2,"key":"Weak Potion"},{"floor":4,"key":"Fire Potion"},{"floor":14,"key":"Regen Potion"},{"floor":18,"key":"SpeedPotion"},{"floor":31,"key":"SteroidPotion"},{"floor":37,"key":"EssenceOfSteel"},{"floor":45,"key":"SmokeBomb"}],"is_trial":false,"path_per_floor":["M","M","?","M","?","R","E","R","T","$","E","$","R","M","R","B",null,"M","$","M","M","?","E","R","E","T","M","M","E","R","M","R","B",null,"M","?","?","M","T","E","$","E","T","R","E","R","$","M","R","B",null],"character_chosen":"DEFECT","items_purchased":["Dexterity Potion","Loop","Hologram"],"campfire_rested":1,"item_purchase_floors":[10,12,12],"current_hp_per_floor":[82,82,82,77,77,77,64,64,64,64,46,46,46,38,38,26,89,88,88,88,81,81,63,63,71,71,65,69,64,64,59,59,40,89,70,70,61,52,52,69,69,87,87,87,51,51,51,57,83,44],"gold":0,"neow_bonus":"TEN_PERCENT_HP_BONUS","is_prod":false,"is_daily":false,"chose_seed":false,"campfire_upgraded":9,"win_rate":0,"timestamp":1551810012,"path_taken":["M","M","?","M","?","R","E","R","T","$","E","$","R","M","R","BOSS","M","$","M","M","?","E","R","E","T","M","M","E","R","M","R","BOSS","M","?","?","?","?","E","$","E","T","R","E","R","$","M","R","BOSS"],"build_version":"2019-01-23","purchased_purges":3,"victory":true,"max_hp_per_floor":[82,82,82,82,82,82,89,89,89,89,89,89,89,89,89,89,89,89,89,89,89,89,89,89,89,89,89,89,89,89,89,89,89,89,89,89,89,89,89,89,89,89,89,89,89,89,89,89,89,89],"card_choices":[{"not_picked":["Blizzard","Chaos"],"picked":"Coolheaded","floor":1},{"not_picked":["Streamline","Defragment"],"picked":"Compile Driver","floor":2},{"not_picked":["Turbo","Steam Power"],"picked":"Cold Snap","floor":4},{"not_picked":["Force Field","Storm"],"picked":"Doom and Gloom","floor":7},{"not_picked":["Streamline","Reinforced Body"],"picked":"Echo Form","floor":11},{"not_picked":["Hologram","Scrape"],"picked":"Darkness","floor":14},{"not_picked":["Electrodynamics","Creative AI"],"picked":"Biased Cognition","floor":16},{"not_picked":["Ball Lightning","Steam"],"picked":"Go for the Eyes+1","floor":18},{"not_picked":["Turbo+1","Rebound+1"],"picked":"Self Repair+1","floor":20},{"not_picked":["Steam","Gash+1"],"picked":"Capacitor","floor":21},{"not_picked":["Scrape","Heatsinks","Thunder Strike"],"picked":"SKIP","floor":23},{"not_picked":["Blizzard","Rip and Tear"],"picked":"Leap","floor":25},{"not_picked":["Compile Driver+1","Static Discharge"],"picked":"Chill","floor":27},{"not_picked":["Compile Driver+1","Fusion"],"picked":"Genetic Algorithm","floor":28},{"not_picked":["Rebound","Recycle","Go for the Eyes+1"],"picked":"SKIP","floor":29},{"not_picked":["Rebound","Chaos"],"picked":"Hologram","floor":31},{"not_picked":["Thunder Strike","Machine Learning"],"picked":"Reboot","floor":33},{"not_picked":["Sunder+1","Fusion+1","Storm+1"],"picked":"SKIP","floor":35},{"not_picked":["Leap","Gash+1"],"picked":"Stack","floor":37},{"not_picked":["Go for the Eyes","Skim+1","Hologram+1"],"picked":"SKIP","floor":38},{"not_picked":["Sunder","Loop+1"],"picked":"Consume+1","floor":40},{"not_picked":["Hello World+1","Capacitor"],"picked":"BootSequence+1","floor":42},{"not_picked":["Gash+1","Ball Lightning+1"],"picked":"Turbo+1","floor":45},{"not_picked":["Hologram+1","Double Energy+1"],"picked":"Steam+1","floor":48}],"player_experience":651908,"relics_obtained":[{"floor":7,"key":"Strawberry"},{"floor":9,"key":"Smiling Mask"},{"floor":11,"key":"DataDisk"},{"floor":23,"key":"Whetstone"},{"floor":25,"key":"Blue Candle"},{"floor":26,"key":"Vajra"},{"floor":29,"key":"Pen Nib"},{"floor":37,"key":"Gambling Chip"},{"floor":39,"key":"Bottled Tornado"},{"floor":40,"key":"Centennial Puzzle"},{"floor":40,"key":"Boot"},{"floor":42,"key":"War Paint"},{"floor":42,"key":"Toxic Egg 2"},{"floor":43,"key":"Bottled Flame"},{"floor":45,"key":"Orichalcum"},{"floor":45,"key":"Bronze Scales"}],"event_choices":[{"damage_healed":0,"gold_gain":0,"player_choice":"Grow","damage_taken":0,"max_hp_gain":0,"max_hp_loss":0,"event_name":"Living Wall","floor":3,"gold_loss":0,"cards_upgraded":["Zap"]},{"damage_healed":0,"gold_gain":0,"player_choice":"Ignored","damage_taken":0,"max_hp_gain":0,"max_hp_loss":0,"event_name":"Liars Game","floor":5,"gold_loss":0},{"cards_removed":["Strike_B"],"damage_healed":0,"gold_gain":0,"player_choice":"Purged","damage_taken":0,"max_hp_gain":0,"max_hp_loss":0,"event_name":"Purifier","floor":22,"gold_loss":0},{"damage_healed":0,"gold_gain":0,"player_choice":"Paid","damage_taken":0,"relics_obtained":["Red Mask"],"max_hp_gain":0,"max_hp_loss":0,"event_name":"Tomb of Lord Red Mask","floor":36,"gold_loss":72},{"damage_healed":0,"gold_gain":0,"player_choice":"Fight","damage_taken":0,"max_hp_gain":0,"max_hp_loss":0,"event_name":"MindBloom","floor":37,"gold_loss":0}],"is_beta":false,"boss_relics":[{"not_picked":["Astrolabe","Philosopher\u0027s Stone"],"picked":"Ectoplasm"},{"not_picked":["Coffee Dripper","Runic Pyramid"],"picked":"Black Star"}],"items_purged_floors":[10,12,19],"is_endless":false,"potions_floor_spawned":[1,2,4,14,18,20,31,37,40,45],"ascension_level":2}