{"path_per_floor":["M","M","M","?","$","E","M","E","T","R","M","R","$","M","R","B",null,"M","?","$","M","?","R"],"character_chosen":"IRONCLAD","items_purchased":["Pen Nib","Toxic Egg 2"],"gold_per_floor":[115,129,147,97,22,50,68,94,120,120,140,140,40,52,52,147,447,462,462,72,89,89,89,89],"floor_reached":24,"campfire_rested":1,"playtime":1415,"item_purchase_floors":[20,20],"current_hp_per_floor":[62,68,65,65,65,47,44,32,32,32,37,37,37,29,50,27,61,58,58,58,52,52,52,0],"items_purged":["Strike_R","Strike_R"],"gold":89,"score":319,"play_id":"88e51366-845e-41cd-8b9d-9bc84e7a104c","local_time":"20180519063248","is_prod":false,"is_daily":false,"chose_seed":false,"is_ascension_mode":true,"campfire_upgraded":3,"timestamp":1526725968,"campfire_choices":[{"data":"Rampage","floor":10,"key":"SMITH"},{"data":"Barricade","floor":12,"key":"SMITH"},{"floor":15,"key":"REST"},{"data":"Iron Wave","floor":23,"key":"SMITH"}],"path_taken":["M","M","M","?","$","E","M","E","T","R","M","R","$","M","R","BOSS","M","?","$","?","?","R","M"],"build_version":"2018-05-18","seed_source_timestamp":867716215850581,"purchased_purges":2,"victory":false,"master_deck":["Defend_R","Defend_R","Defend_R","Bash","AscendersBane","Clothesline","Rampage+1","Headbutt","Bloodletting","Iron Wave+1","Barricade+1","Thunderclap","Shrug It Off","Feed","Clumsy","Ghostly Armor+1"],"max_hp_per_floor":[72,72,72,72,72,72,72,72,72,72,72,72,72,72,72,72,72,72,72,72,72,72,72,72],"relics":["Burning Blood","Oddly Smooth Stone","Potion Belt","Omamori","Calling Bell","Anchor","Self Forming Clay","Old Coin","Pen Nib","Toxic Egg 2"],"card_choices":[{"not_picked":["Warcry","Body Slam"],"picked":"Clothesline","floor":1},{"not_picked":["Disarm","Havoc"],"picked":"Rampage","floor":2},{"not_picked":["Entrench","Clash"],"picked":"Headbutt","floor":3},{"not_picked":["Combust","Warcry"],"picked":"Bloodletting","floor":6},{"not_picked":["Body Slam","Infernal Blade"],"picked":"Iron Wave","floor":7},{"not_picked":["Entrench","Fire Breathing"],"picked":"Barricade","floor":8},{"not_picked":["Pummel","Headbutt"],"picked":"Thunderclap","floor":11},{"not_picked":["Reckless Charge","Warcry"],"picked":"Shrug It Off","floor":14},{"not_picked":["Limit Break","Brutality"],"picked":"Feed","floor":16},{"not_picked":["Wild Strike+1","Heavy Blade","Rampage"],"picked":"SKIP","floor":18},{"not_picked":["Bloodletting+1","Hemokinesis+1"],"picked":"Ghostly Armor+1","floor":21}],"player_experience":202948,"potions_floor_usage":[16,16,18],"damage_taken":[{"damage":16,"enemies":"Small Slimes","floor":1,"turns":6},{"damage":0,"enemies":"2 Louse","floor":2,"turns":4},{"damage":9,"enemies":"Jaw Worm","floor":3,"turns":3},{"damage":24,"enemies":"Gremlin Nob","floor":6,"turns":4},{"damage":9,"enemies":"Looter","floor":7,"turns":4},{"damage":18,"enemies":"3 Sentries","floor":8,"turns":11},{"damage":1,"enemies":"Blue Slaver","floor":11,"turns":4},{"damage":14,"enemies":"Gremlin Gang","floor":14,"turns":6},{"damage":29,"enemies":"Slime Boss","floor":16,"turns":11},{"damage":9,"enemies":"Chosen","floor":18,"turns":6},{"damage":12,"enemies":"Shell Parasite","floor":21,"turns":12},{"damage":60,"enemies":"Chosen and Byrds","floor":24,"turns":7}],"relics_obtained":[{"floor":6,"key":"Oddly Smooth Stone"},{"floor":8,"key":"Potion Belt"},{"floor":9,"key":"Omamori"},{"floor":17,"key":"Anchor"},{"floor":17,"key":"Self Forming Clay"},{"floor":17,"key":"Old Coin"}],"event_choices":[{"event_name":"The Cleric","player_choice":"Card Removal","floor":4,"damage_taken":0},{"event_name":"Back to Basics","player_choice":"Elegance","floor":19,"damage_taken":0},{"event_name":"Vampires","player_choice":"Ignored","floor":22,"damage_taken":0}],"boss_relics":[{"not_picked":["Black Star","Black Blood"],"picked":"Calling Bell"}],"items_purged_floors":[5,13],"potions_floor_spawned":[1,3,11,18],"seed_played":"2439310006152132824","killed_by":"Chosen and Byrds","ascension_level":11,"potions_obtained":[{"floor":1,"key":"Energy Potion"},{"floor":3,"key":"PowerPotion"},{"floor":11,"key":"SteroidPotion"},{"floor":18,"key":"FearPotion"}],"is_trial":false}