{"path_per_floor":["M","?","M","M","M","E","?","M","T","E","M","$","R","M","R","B",null,"M","?","M","M","?","R","M","R","T","E","M","?","R","M","R"],"character_chosen":"THE_SILENT","items_purchased":["Paper Crane"],"gold_per_floor":[116,191,205,224,239,266,266,278,304,335,345,12,12,25,25,125,125,142,142,153,168,128,128,140,140,165,200,220,220,220,238,238],"floor_reached":33,"campfire_rested":3,"playtime":6142,"current_hp_per_floor":[63,52,52,52,52,43,43,30,30,5,3,3,21,21,39,13,63,60,44,27,27,27,27,24,24,24,21,21,21,54,37,37],"items_purged":["Regret"],"gold":238,"play_id":"70d31eeb-a2e3-4a9d-abcf-5faf365206f6","is_prod":false,"is_daily":false,"campfire_rituals":0,"campfire_upgraded":3,"is_hardmode":false,"path_taken":["M","?","M","M","M","E","?","M","T","E","?","$","R","M","R","BOSS","M","?","M","M","?","R","M","R","T","E","?","?","R","M","R","BOSS"],"build_version":"2018-01-11-PROD2","purchased_purges":1,"victory":false,"master_deck":["Defend_G","Defend_G","Defend_G","Defend_G","Defend_G","Strike_G","Strike_G","Strike_G","Strike_G","Strike_G","Survivor","Neutralize","Adrenaline","Dash","Flying Knee","Flying Knee","Flechettes","Quick Slash","Backflip","Sucker Punch","Cloak And Dagger","Glass Knife","Backflip","Acrobatics","Malaise","Accuracy","Bane","PiercingWail"],"max_hp_per_floor":[63,63,63,63,63,63,63,63,63,63,63,63,63,63,63,63,63,63,63,63,63,63,63,63,63,63,63,63,63,63,63,63],"relics":["Ring of the Snake","Tough Bandages","Sundial","Oddly Smooth Stone","Darkstone Periapt","Paper Crane","Black Star","Enchiridion","Singing Bowl","Omamori","Regal Pillow"],"campfire_meditates":0,"card_choices":[{"not_picked":["Unload","Night Terror"],"picked":"Adrenaline"},{"not_picked":["Eviscerate","Acrobatics"],"picked":"Dash"},{"not_picked":["Malaise","All Out Attack"],"picked":"Flying Knee"},{"not_picked":["Slice","Underhanded Strike"],"picked":"Flying Knee"},{"not_picked":["Crippling Poison","Deflect"],"picked":"Flechettes"},{"not_picked":["Underhanded Strike","Reflex"],"picked":"Quick Slash"},{"not_picked":["Adrenaline","Flying Knee"],"picked":"Backflip"},{"not_picked":["Dagger Throw","Underhanded Strike"],"picked":"Sucker Punch"},{"not_picked":["Quick Slash","Dagger Spray"],"picked":"Cloak And Dagger"},{"not_picked":["Die Die Die","Envenom"],"picked":"Glass Knife"},{"not_picked":["Heel Hook","Poisoned Stab"],"picked":"Backflip"},{"not_picked":["Deadly Poison","Distraction"],"picked":"Acrobatics"},{"not_picked":["Endless Agony","Dagger Throw"],"picked":"Malaise"},{"not_picked":["Slice","Endless Agony"],"picked":"Accuracy"},{"not_picked":["Dodge and Roll","Skewer"],"picked":"Night Terror"},{"not_picked":["Skewer","Eviscerate"],"picked":"PiercingWail"}],"player_experience":185671,"potions_floor_usage":[10,10,16,16,21,27,28,28,31,33],"damage_taken":[{"damage":0,"enemies":"Small Slimes","floor":1,"turns":3},{"damage":0,"enemies":"2 Louse","floor":3,"turns":3},{"damage":0,"enemies":"Jaw Worm","floor":4,"turns":4},{"damage":0,"enemies":"3 Louse","floor":5,"turns":5},{"damage":9,"enemies":"Gremlin Nob","floor":6,"turns":4},{"damage":13,"enemies":"2 Fungi Beasts","floor":8,"turns":3},{"damage":25,"enemies":"3 Sentries","floor":10,"turns":7},{"damage":2,"enemies":"Gremlin Gang","floor":11,"turns":3},{"damage":0,"enemies":"Large Slime","floor":14,"turns":5},{"damage":26,"enemies":"The Guardian","floor":16,"turns":13},{"damage":3,"enemies":"3 Byrds","floor":18,"turns":6},{"damage":17,"enemies":"2 Thieves","floor":20,"turns":4},{"damage":0,"enemies":"3 Cultists","floor":21,"turns":6},{"damage":3,"enemies":"Snecko","floor":24,"turns":5},{"damage":3,"enemies":"Book of Stabbing","floor":27,"turns":6},{"damage":0,"enemies":"Chosen and Byrds","floor":28,"turns":10},{"damage":17,"enemies":"Slaver and Parasite","floor":31,"turns":7},{"damage":39,"enemies":"Automaton","floor":33,"turns":8}],"event_choices":[{"event_name":"World of Goop","player_choice":"Gather Gold","floor":2,"damage_taken":0},{"event_name":"Big Fish","player_choice":"Box","floor":7,"damage_taken":0},{"event_name":"Cursed Tome","player_choice":"Obtained Book","floor":19,"damage_taken":0},{"event_name":"The Woman in Blue","player_choice":"Bought 3 Potions","floor":22,"damage_taken":0},{"event_name":"Transmorgrifier","player_choice":"Transform","floor":29,"damage_taken":0}],"boss_relics":[{"not_picked":["The Specimen","Runic Pyramid"],"picked":"Black Star"}],"potions_floor_spawned":[1,3,8,14,20,24,27,28],"seed_played":"2702235443027501742","killed_by":"Automaton","is_trial":false}