{"path_per_floor":["M","$","M","M","?","R","E","?","T","M","R","?","R","M","R","B",null,"M","$","?","M","M","R","M","R","T","E","R","M","E","M","R","B",null,"M","$","?","?","M","R","M","R","T","R","M","M","$","T","R","B"],"character_chosen":"IRONCLAD","items_purchased":["Shrug It Off","Headbutt","Juggernaut","Sundial","Paper Frog","Whetstone","Letter Opener"],"gold_per_floor":[114,40,53,72,22,22,50,70,70,80,80,80,80,100,100,229,229,244,105,105,119,132,132,146,146,169,205,205,229,263,281,281,407,407,427,43,293,626,638,638,649,649,695,695,712,728,71,126,126,126],"floor_reached":51,"campfire_rested":1,"playtime":2789,"current_hp_per_floor":[76,76,80,80,80,80,79,69,69,67,67,47,47,50,50,54,74,61,61,61,61,60,60,57,57,57,57,57,59,60,54,54,47,72,55,55,55,55,58,58,51,51,51,51,58,50,50,50,74,52],"items_purged":["Strike_R"],"gold":126,"score":871,"play_id":"24866346-9669-46fc-9a24-9e89d328c98e","local_time":"20180515173711","is_prod":false,"is_daily":false,"chose_seed":false,"is_ascension_mode":true,"campfire_upgraded":8,"timestamp":1526420231,"path_taken":["M","$","M","M","?","R","E","?","T","M","R","?","R","?","R","BOSS","M","$","?","M","?","R","M","R","T","E","R","M","E","M","R","BOSS","M","$","?","?","M","R","?","R","T","R","M","M","?","?","R","BOSS"],"build_version":"2018-05-14v2","seed_source_timestamp":560719572439082,"purchased_purges":1,"victory":true,"master_deck":["Defend_R","Defend_R","Defend_R","Defend_R","Bash+1","Iron Wave","Shrug It Off","Headbutt+1","Uppercut+1","Iron Wave","Blood for Blood+1","Iron Wave+1","Rage+1","Fiend Fire+1","Shrug It Off","Juggernaut+1","Blood for Blood+1","Whirlwind+1","Disarm+1","Battle Trance+1","Flame Barrier+1","Offering","Rupture+1","Disarm+1","Iron Wave+1","Feel No Pain+1","Regret","Warcry+1"],"max_hp_per_floor":[80,80,80,80,80,80,80,80,80,80,80,80,80,80,80,80,80,80,80,80,80,80,80,80,80,80,80,80,80,80,80,80,80,80,80,80,80,80,80,80,80,80,80,80,80,80,80,80,80,80],"relics":["Burning Blood","Bag of Preparation","Pantograph","Odd Mushroom","Meat on the Bone","Velvet Choker","Art of War","Girya","Kunai","Astrolabe","Sundial","Happy Flower","Paper Frog","Whetstone","Letter Opener","Tiny Chest"],"card_choices":[{"not_picked":["Blood for Blood","Corruption"],"picked":"Iron Wave","floor":1},{"not_picked":["Cleave","Iron Wave"],"picked":"Uppercut","floor":3},{"not_picked":["Heavy Blade","Flex"],"picked":"Iron Wave","floor":4},{"not_picked":["Anger","Body Slam"],"picked":"Blood for Blood","floor":7},{"not_picked":["Searing Blow","Sword Boomerang"],"picked":"Iron Wave","floor":8},{"not_picked":["True Grit","Iron Wave"],"picked":"Rage","floor":10},{"not_picked":["Carnage","Dual Wield","Rage"],"picked":"SKIP","floor":14},{"not_picked":["Carnage","Dual Wield","Rage"],"picked":"SKIP","floor":14},{"not_picked":["Berserk","Exhume"],"picked":"Fiend Fire","floor":16},{"not_picked":["Sword Boomerang+1","Headbutt+1"],"picked":"Shrug It Off","floor":18},{"not_picked":["Infernal Blade","Burning Pact"],"picked":"Whirlwind","floor":21},{"not_picked":["Heavy Blade","Blood for Blood","Entrench+1"],"picked":"SKIP","floor":22},{"not_picked":["Heavy Blade","Entrench","Perfected Strike"],"picked":"SKIP","floor":24},{"not_picked":["Flex+1","Armaments"],"picked":"Disarm","floor":27},{"not_picked":["Dropkick","Flex"],"picked":"Battle Trance+1","floor":29},{"not_picked":["Thunderclap","Dropkick"],"picked":"Flame Barrier+1","floor":30},{"not_picked":["Cleave","Pommel Strike","Heavy Blade"],"picked":"SKIP","floor":31},{"not_picked":["Feed","Demon Form"],"picked":"Offering","floor":33},{"not_picked":["Twin Strike+1","Dropkick"],"picked":"Feel No Pain+1","floor":35},{"not_picked":["Havoc","Sword Boomerang","Pummel"],"picked":"SKIP","floor":39},{"not_picked":["Carnage","Perfected Strike+1","Inflame"],"picked":"SKIP","floor":41},{"not_picked":["Metallicize","Carnage","Entrench+1"],"picked":"SKIP","floor":45},{"not_picked":["Infernal Blade+1","Blood for Blood"],"picked":"Warcry+1","floor":46}],"player_experience":150287,"potions_floor_usage":[7,16,27,27,30,33,35,46,50,50,50],"damage_taken":[{"damage":10,"enemies":"2 Louse","floor":1,"turns":2},{"damage":2,"enemies":"Small Slimes","floor":3,"turns":3},{"damage":4,"enemies":"Jaw Worm","floor":4,"turns":3},{"damage":7,"enemies":"Gremlin Nob","floor":7,"turns":3},{"damage":16,"enemies":"The Mushroom Lair","floor":8,"turns":4},{"damage":8,"enemies":"3 Louse","floor":10,"turns":4},{"damage":3,"enemies":"Looter","floor":14,"turns":2},{"damage":27,"enemies":"The Guardian","floor":16,"turns":11},{"damage":19,"enemies":"2 Thieves","floor":18,"turns":5},{"damage":6,"enemies":"3 Byrds","floor":21,"turns":5},{"damage":7,"enemies":"Centurion and Healer","floor":22,"turns":5},{"damage":21,"enemies":"Snecko","floor":24,"turns":7},{"damage":18,"enemies":"Slavers","floor":27,"turns":8},{"damage":4,"enemies":"Snake Plant","floor":29,"turns":5},{"damage":5,"enemies":"Book of Stabbing","floor":30,"turns":5},{"damage":12,"enemies":"Sentry and Sphere","floor":31,"turns":5},{"damage":50,"enemies":"Collector","floor":33,"turns":9},{"damage":23,"enemies":"3 Darklings","floor":35,"turns":6},{"damage":3,"enemies":"3 Shapes","floor":39,"turns":6},{"damage":25,"enemies":"Spire Growth","floor":41,"turns":4},{"damage":11,"enemies":"Sphere and 2 Shapes","floor":45,"turns":3},{"damage":14,"enemies":"Maw","floor":46,"turns":6},{"damage":46,"enemies":"Donu and Deca","floor":50,"turns":7}],"relics_obtained":[{"floor":7,"key":"Pantograph"},{"floor":8,"key":"Odd Mushroom"},{"floor":9,"key":"Meat on the Bone"},{"floor":26,"key":"Art of War"},{"floor":27,"key":"Girya"},{"floor":30,"key":"Kunai"},{"floor":43,"key":"Happy Flower"},{"floor":48,"key":"Tiny Chest"}],"event_choices":[{"event_name":"The Cleric","player_choice":"Card Removal","floor":5,"damage_taken":0},{"event_name":"Mushrooms","player_choice":"Fought Mushrooms","floor":8,"damage_taken":0},{"event_name":"Golden Idol","player_choice":"Take Damage","floor":12,"damage_taken":0},{"event_name":"Duplicator","player_choice":"One dupe","floor":20,"damage_taken":0},{"event_name":"Golden Shrine","player_choice":"Desecrate","floor":37,"damage_taken":0},{"event_name":"The Moai Head","player_choice":"Gave Idol","floor":38,"damage_taken":0}],"boss_relics":[{"not_picked":["Philosopher\u0027s Stone","Tiny House"],"picked":"Velvet Choker"},{"not_picked":["White Beast Statue","Runic Dome"],"picked":"Astrolabe"}],"potions_floor_spawned":[1,8,10,16,22,29,30,33,39,45,46],"seed_played":"-6445169593807777780","ascension_level":5,"potions_obtained":[{"floor":1,"key":"AttackPotion"},{"floor":8,"key":"Dexterity Potion"},{"floor":10,"key":"AttackPotion"},{"floor":16,"key":"Strength Potion"},{"floor":22,"key":"Dexterity Potion"},{"floor":29,"key":"LiquidBronze"},{"floor":30,"key":"Dexterity Potion"},{"floor":33,"key":"EssenceOfSteel"},{"floor":39,"key":"Dexterity Potion"},{"floor":45,"key":"SpeedPotion"},{"floor":46,"key":"PowerPotion"}],"is_trial":false}