{"gold_per_floor":[20,36,111,123,123,123,50,68,68,88,108,125,74,93,93,198,198,214,214],"floor_reached":19,"playtime":1896,"items_purged":[],"score":161,"play_id":"217130d4-16db-42b9-a063-c1951666e54e","local_time":"20190219185402","is_ascension_mode":false,"campfire_choices":[{"data":"Pommel Strike","floor":6,"key":"SMITH"},{"data":"Hemokinesis","floor":15,"key":"SMITH"}],"neow_cost":"NO_GOLD","seed_source_timestamp":7654436390056,"circlet_count":0,"master_deck":["Strike_R","Strike_R","Strike_R","Strike_R","Defend_R","Defend_R","Defend_R","Bash","Shrug It Off","Clothesline","Pommel Strike+1","Battle Trance","Intimidate","Headbutt","Bloodletting","Inflame","Shrug It Off","Hemokinesis+1","Fiend Fire","Shrug It Off","Swift Strike"],"relics":["Burning Blood","Singing Bowl","Odd Mushroom","Snecko Eye"],"potions_floor_usage":[16],"damage_taken":[{"damage":1,"enemies":"Cultist","floor":1,"turns":3},{"damage":5,"enemies":"2 Louse","floor":2,"turns":3},{"damage":2,"enemies":"Jaw Worm","floor":4,"turns":4},{"damage":9,"enemies":"Large Slime","floor":8,"turns":8},{"damage":20,"enemies":"The Mushroom Lair","floor":10,"turns":6},{"damage":4,"enemies":"Red Slaver","floor":11,"turns":4},{"damage":12,"enemies":"Exordium Thugs","floor":12,"turns":7},{"damage":8,"enemies":"Lots of Slimes","floor":14,"turns":5},{"damage":42,"enemies":"Hexaghost","floor":16,"turns":7},{"damage":10,"enemies":"Chosen","floor":18,"turns":3}],"seed_played":"-543264921196663209","potions_obtained":[{"floor":4,"key":"Ancient Potion"},{"floor":8,"key":"Energy Potion"},{"floor":14,"key":"Poison Potion"}],"is_trial":false,"path_per_floor":["M","M","?","M","?","R","$","M","T","?","M","M","$","M","R","B",null,"M","?"],"character_chosen":"IRONCLAD","items_purchased":["Battle Trance","Shrug It Off"],"campfire_rested":0,"item_purchase_floors":[7,13],"current_hp_per_floor":[80,80,69,73,73,73,73,70,70,56,58,52,52,50,50,14,80,76,76],"gold":214,"neow_bonus":"REMOVE_TWO","is_prod":false,"is_daily":false,"chose_seed":false,"campfire_upgraded":2,"win_rate":0,"timestamp":1550595242,"path_taken":["M","M","?","M","?","R","?","M","T","?","M","M","$","M","R","BOSS","M","?"],"build_version":"2019-01-23","purchased_purges":0,"victory":false,"max_hp_per_floor":[80,80,80,80,80,80,80,80,80,80,80,80,80,80,80,80,80,80,80],"card_choices":[{"not_picked":["Perfected Strike","Wild Strike"],"picked":"Shrug It Off","floor":1},{"not_picked":["Headbutt","Iron Wave"],"picked":"Clothesline","floor":2},{"not_picked":["Clothesline","Shrug It Off"],"picked":"Pommel Strike","floor":4},{"not_picked":["Pommel Strike","Clothesline"],"picked":"Intimidate","floor":8},{"not_picked":["Clothesline","Power Through"],"picked":"Headbutt","floor":10},{"not_picked":["Flex","Pummel"],"picked":"Bloodletting","floor":11},{"not_picked":["Blood for Blood","Juggernaut"],"picked":"Inflame","floor":12},{"not_picked":["Shockwave","Corruption"],"picked":"Hemokinesis","floor":14},{"not_picked":["Barricade","Bludgeon"],"picked":"Fiend Fire","floor":16},{"not_picked":["Searing Blow+1","Armaments"],"picked":"Shrug It Off","floor":18}],"player_experience":417973,"relics_obtained":[{"floor":9,"key":"Singing Bowl"},{"floor":10,"key":"Odd Mushroom"}],"event_choices":[{"damage_healed":0,"gold_gain":75,"player_choice":"Gather Gold","damage_taken":11,"max_hp_gain":0,"max_hp_loss":0,"event_name":"World of Goop","floor":3,"gold_loss":0},{"damage_healed":0,"gold_gain":0,"player_choice":"Ignored","damage_taken":0,"max_hp_gain":0,"max_hp_loss":0,"event_name":"Liars Game","floor":5,"gold_loss":0},{"damage_healed":0,"gold_gain":0,"player_choice":"Fought Mushrooms","damage_taken":0,"max_hp_gain":0,"max_hp_loss":0,"event_name":"Mushrooms","floor":10,"gold_loss":0}],"is_beta":false,"boss_relics":[{"not_picked":["Black Star","Tiny House"],"picked":"Snecko Eye"}],"items_purged_floors":[],"is_endless":false,"potions_floor_spawned":[4,8,14],"ascension_level":0}