{"gold_per_floor":[111,126,136,147,147,179,195,195,221,236,252,264,264,292,292,292],"floor_reached":16,"playtime":1201,"items_purged":[],"score":116,"play_id":"1741fc69-9470-43eb-8771-a503f601c7e6","local_time":"20181218221647","is_ascension_mode":false,"campfire_choices":[{"data":"Backstab","floor":8,"key":"SMITH"},{"floor":13,"key":"RECALL"},{"floor":15,"key":"REST"}],"neow_cost":"NONE","seed_source_timestamp":532011732943709,"circlet_count":0,"master_deck":["Defend_G","Defend_G","Defend_G","Defend_G","Defend_G","Strike_G+1","Strike_G","Strike_G","Strike_G","Strike_G","Survivor","Neutralize+1","Terror","PiercingWail","Acrobatics","Well Laid Plans","Backstab+1"],"relics":["Ring of the Snake","Whetstone","The Courier","Omamori"],"potions_floor_usage":[14,16,16],"damage_taken":[{"damage":0,"enemies":"Small Slimes","floor":1,"turns":3},{"damage":0,"enemies":"Cultist","floor":2,"turns":4},{"damage":1,"enemies":"2 Louse","floor":3,"turns":2},{"damage":3,"enemies":"Lots of Slimes","floor":4,"turns":6},{"damage":23,"enemies":"3 Sentries","floor":6,"turns":13},{"damage":1,"enemies":"Red Slaver","floor":7,"turns":3},{"damage":0,"enemies":"3 Louse","floor":10,"turns":3},{"damage":5,"enemies":"Exordium Thugs","floor":11,"turns":5},{"damage":1,"enemies":"Large Slime","floor":12,"turns":6},{"damage":15,"enemies":"Gremlin Nob","floor":14,"turns":4},{"damage":53,"enemies":"Slime Boss","floor":16,"turns":14}],"seed_played":"6109463389724029202","potions_obtained":[{"floor":1,"key":"Swift Potion"},{"floor":3,"key":"Ancient Potion"},{"floor":6,"key":"Block Potion"}],"is_trial":false,"path_per_floor":["M","M","M","M","?","E","M","R","T","M","M","M","R","E","R","B"],"character_chosen":"THE_SILENT","items_purchased":[],"campfire_rested":1,"item_purchase_floors":[],"current_hp_per_floor":[70,70,69,66,70,47,46,46,46,46,41,40,40,25,46,0],"gold":292,"neow_bonus":"RANDOM_COMMON_RELIC","is_prod":false,"is_daily":false,"chose_seed":false,"campfire_upgraded":1,"win_rate":0,"timestamp":1545193007,"path_taken":["M","M","M","M","?","E","?","R","T","M","M","M","R","E","R","BOSS"],"build_version":"2018-12-13","purchased_purges":0,"victory":false,"max_hp_per_floor":[70,70,70,70,70,70,70,70,70,70,70,70,70,70,70,70],"card_choices":[{"not_picked":["Deadly Poison","Heel Hook"],"picked":"Terror","floor":1},{"not_picked":["Accuracy","Flying Knee"],"picked":"PiercingWail","floor":2},{"not_picked":["Slice","Dagger Spray"],"picked":"Acrobatics","floor":3},{"not_picked":["All Out Attack","Quick Slash"],"picked":"Predator","floor":4},{"not_picked":["Calculated Gamble","Underhanded Strike"],"picked":"Well Laid Plans","floor":6},{"not_picked":["Choke","Slice"],"picked":"Backstab","floor":7},{"not_picked":["Blade Dance","Riddle With Holes","Bane"],"picked":"SKIP","floor":10},{"not_picked":["Underhanded Strike","Eviscerate","Deflect"],"picked":"SKIP","floor":11},{"not_picked":["Finisher","Deadly Poison","Blade Dance"],"picked":"SKIP","floor":12},{"not_picked":["Skewer","Prepared","Bane"],"picked":"SKIP","floor":14}],"player_experience":276140,"relics_obtained":[{"floor":6,"key":"The Courier"},{"floor":14,"key":"Omamori"}],"event_choices":[{"cards_removed":["Predator"],"damage_healed":4,"gold_gain":0,"player_choice":"Offered Uncommon","damage_taken":0,"max_hp_gain":0,"max_hp_loss":0,"event_name":"Bonfire Elementals","floor":5,"gold_loss":0}],"is_beta":false,"boss_relics":[],"items_purged_floors":[],"is_endless":false,"potions_floor_spawned":[1,3,6,7],"killed_by":"Slime Boss","ascension_level":0}