{"gold_per_floor":[109,128,145,4,4,4,36,36,61,61,81,81,96,119,119,215,215,231,131,145,159,159,159,186,202,202,254,254],"floor_reached":28,"playtime":3589,"items_purged":["Strike_B"],"score":369,"play_id":"302eb80c-61d9-422e-bbe6-bcc9e8af4021","local_time":"20190224162120","is_ascension_mode":true,"campfire_choices":[{"data":"Madness","floor":6,"key":"SMITH"},{"data":"Zap","floor":8,"key":"SMITH"},{"floor":12,"key":"REST"},{"data":"Sunder","floor":15,"key":"SMITH"},{"floor":23,"key":"REST"}],"neow_cost":"NONE","seed_source_timestamp":323796501815900,"circlet_count":0,"master_deck":["AscendersBane","Strike_B","Strike_B","Strike_B","Defend_B","Defend_B","Defend_B","Defend_B","Zap+1","Dualcast","Madness+1","Coolheaded","Sweeping Beam","Go for the Eyes","Blind","All For One","Sunder+1","Echo Form","Redo+1","Beam Cell","Reprogram+1","Hologram","Turbo+1"],"relics":["Cracked Core","Vajra","Lantern","Blood Vial","Enchiridion","PreservedInsect","Pen Nib"],"potions_floor_usage":[11,16,21,24,28],"damage_taken":[{"damage":0,"enemies":"Cultist","floor":1,"turns":3},{"damage":0,"enemies":"2 Louse","floor":2,"turns":3},{"damage":4,"enemies":"Jaw Worm","floor":3,"turns":6},{"damage":58,"enemies":"Gremlin Nob","floor":7,"turns":7},{"damage":12,"enemies":"Exordium Wildlife","floor":11,"turns":4},{"damage":6,"enemies":"Large Slime","floor":13,"turns":3},{"damage":13,"enemies":"Hexaghost","floor":16,"turns":9},{"damage":11,"enemies":"Chosen","floor":18,"turns":4},{"damage":17,"enemies":"2 Thieves","floor":20,"turns":3},{"damage":10,"enemies":"Centurion and Healer","floor":21,"turns":7},{"damage":24,"enemies":"Gremlin Leader","floor":24,"turns":6},{"damage":20,"enemies":"Shelled Parasite and Fungi","floor":25,"turns":6},{"damage":18,"enemies":"Book of Stabbing","floor":28,"turns":2}],"seed_played":"-2787115422002778539","potions_obtained":[{"floor":3,"key":"Regen Potion"},{"floor":11,"key":"Strength Potion"},{"floor":13,"key":"LiquidBronze"},{"floor":16,"key":"Regen Potion"},{"floor":21,"key":"Weak Potion"},{"floor":25,"key":"SteroidPotion"}],"is_trial":false,"path_per_floor":["M","M","M","$","?","R","E","R","T","?","M","R","M","T","R","B",null,"M","$","M","M","?","R","E","M","T","T","E"],"character_chosen":"DEFECT","items_purchased":["Blind","Weak Potion","Beam Cell"],"campfire_rested":2,"item_purchase_floors":[4,4,19],"current_hp_per_floor":[68,68,64,64,69,69,11,11,11,11,11,35,29,29,29,18,65,56,56,41,48,32,56,34,16,16,16,0],"gold":254,"neow_bonus":"RANDOM_COLORLESS","is_prod":false,"is_daily":false,"chose_seed":false,"campfire_upgraded":3,"win_rate":0,"timestamp":1551043280,"path_taken":["M","M","M","$","?","R","E","R","T","?","M","R","M","?","R","BOSS","M","$","M","M","?","R","E","M","T","?","E"],"build_version":"2019-01-23","purchased_purges":1,"victory":false,"max_hp_per_floor":[75,75,75,75,80,80,80,80,80,80,80,80,80,80,80,80,80,80,80,80,80,80,80,80,80,80,80,80],"card_choices":[{"not_picked":["Compile Driver","Gash"],"picked":"Coolheaded","floor":1},{"not_picked":["Reprogram","Hologram"],"picked":"Sweeping Beam","floor":2},{"not_picked":["Steam","White Noise"],"picked":"Go for the Eyes","floor":3},{"not_picked":["Undo","Rebound"],"picked":"All For One","floor":7},{"not_picked":["Darkness","Cold Snap"],"picked":"Sunder","floor":11},{"not_picked":["Lockon","Leap","Redo"],"picked":"SKIP","floor":13},{"not_picked":["Buffer","All For One"],"picked":"Echo Form","floor":16},{"not_picked":["Blizzard","Sunder"],"picked":"Redo+1","floor":18},{"not_picked":["Melter","FTL"],"picked":"Reprogram+1","floor":20},{"not_picked":["Go for the Eyes","Beam Cell"],"picked":"Hologram","floor":21},{"not_picked":["Force Field","Barrage"],"picked":"Turbo+1","floor":24},{"not_picked":["Sweeping Beam","Reprogram","Genetic Algorithm"],"picked":"SKIP","floor":25}],"player_experience":713724,"relics_obtained":[{"floor":7,"key":"Vajra"},{"floor":9,"key":"Lantern"},{"floor":14,"key":"Blood Vial"},{"floor":22,"key":"Enchiridion"},{"floor":24,"key":"PreservedInsect"},{"floor":27,"key":"Pen Nib"}],"event_choices":[{"damage_healed":0,"gold_gain":0,"player_choice":"Donut","damage_taken":0,"max_hp_gain":5,"max_hp_loss":0,"event_name":"Big Fish","floor":5,"gold_loss":0},{"damage_healed":0,"gold_gain":0,"player_choice":"Ignored","damage_taken":0,"max_hp_gain":0,"max_hp_loss":0,"event_name":"Shining Light","floor":10,"gold_loss":0},{"damage_healed":0,"gold_gain":0,"player_choice":"Obtained Book","damage_taken":16,"max_hp_gain":0,"max_hp_loss":0,"event_name":"Cursed Tome","floor":22,"gold_loss":0}],"is_beta":false,"boss_relics":[{"not_picked":["Velvet Choker","Calling Bell","Snecko Eye"]}],"items_purged_floors":[19],"is_endless":false,"potions_floor_spawned":[3,11,13,16,20,21,25],"killed_by":"Book of Stabbing","ascension_level":11}