{"gold_per_floor":[110,110,110,126,126,126,160,160,160,160,160,192,192,219,219,295,295,307,71,71,85,0,29,29,29],"floor_reached":25,"playtime":1093,"items_purged":["Strike_R"],"score":477,"play_id":"d45474dc-72b7-4fa2-8ba2-2e048e3711b1","local_time":"20190305004342","is_ascension_mode":true,"campfire_choices":[{"data":"Bash","floor":6,"key":"SMITH"},{"data":"Seeing Red","floor":8,"key":"SMITH"},{"data":"Demon Form","floor":11,"key":"SMITH"},{"data":"Feel No Pain","floor":15,"key":"SMITH"},{"data":"Clothesline","floor":24,"key":"SMITH"}],"neow_cost":"NONE","seed_source_timestamp":88940447583604,"circlet_count":0,"master_deck":["AscendersBane","Strike_R+1","Strike_R","Strike_R","Strike_R+1","Defend_R","Defend_R","Defend_R","Defend_R","Bash+1","Iron Wave+1","Seeing Red+1","Demon Form+1","Shrug It Off","Feel No Pain+1","Impervious","Reaper","Clothesline+1","Pummel","Second Wind+1","Feel No Pain","Pummel"],"relics":["Burning Blood","NeowsBlessing","PreservedInsect","Centennial Puzzle","Question Card","Orichalcum","Orrery","Anchor","Bronze Scales","Vajra"],"potions_floor_usage":[14,23],"damage_taken":[{"damage":0,"enemies":"Small Slimes","floor":1,"turns":1},{"damage":0,"enemies":"Jaw Worm","floor":4,"turns":1},{"damage":0,"enemies":"Gremlin Nob","floor":7,"turns":1},{"damage":10,"enemies":"Lagavulin","floor":12,"turns":6},{"damage":12,"enemies":"3 Sentries","floor":14,"turns":7},{"damage":37,"enemies":"The Guardian","floor":16,"turns":8},{"damage":24,"enemies":"Spheric Guardian","floor":18,"turns":8},{"damage":12,"enemies":"Chosen","floor":21,"turns":8},{"damage":40,"enemies":"Book of Stabbing","floor":23,"turns":5},{"damage":54,"enemies":"Gremlin Leader","floor":25,"turns":4}],"seed_played":"-8921558775787844815","potions_obtained":[{"floor":4,"key":"FearPotion"},{"floor":12,"key":"BloodPotion"},{"floor":16,"key":"PowerPotion"}],"is_trial":false,"path_per_floor":["M","?","?","M","$","R","E","R","T","$","R","E","?","E","R","B",null,"M","$","?","M","?","E","R","E"],"character_chosen":"IRONCLAD","items_purchased":["Anchor"],"campfire_rested":0,"item_purchase_floors":[19],"current_hp_per_floor":[74,51,75,75,75,75,75,75,75,75,75,71,71,72,72,41,67,65,65,65,69,69,48,48,0],"gold":29,"neow_bonus":"THREE_ENEMY_KILL","is_prod":false,"is_daily":false,"chose_seed":false,"campfire_upgraded":5,"win_rate":0,"timestamp":1551764622,"path_taken":["M","?","?","M","$","R","E","R","T","?","R","E","?","E","R","BOSS","M","$","?","M","?","E","R","E"],"build_version":"2019-01-23","purchased_purges":1,"victory":false,"max_hp_per_floor":[75,75,75,75,75,75,75,75,75,75,75,75,75,75,75,75,75,75,75,75,75,75,75,75,75],"card_choices":[{"not_picked":["Flex","Cleave"],"picked":"Iron Wave","floor":1},{"not_picked":["Rage","Searing Blow"],"picked":"Seeing Red","floor":4},{"not_picked":["Anger","Wild Strike"],"picked":"Demon Form","floor":7},{"not_picked":["Intimidate","Pummel"],"picked":"Shrug It Off","floor":12},{"not_picked":["Headbutt","Feed","Thunderclap"],"picked":"Feel No Pain","floor":14},{"not_picked":["Limit Break","Juggernaut","Barricade"],"picked":"Impervious","floor":16},{"not_picked":["Pommel Strike","Shrug It Off","Thunderclap"],"picked":"Reaper","floor":17},{"not_picked":["Heavy Blade","Twin Strike","Anger"],"picked":"Clothesline","floor":17},{"not_picked":["Twin Strike","Thunderclap","Cleave"],"picked":"Pummel","floor":17},{"not_picked":["Warcry","Flex","Power Through"],"picked":"Second Wind+1","floor":18},{"not_picked":["Headbutt","Sword Boomerang","Body Slam","Iron Wave"],"picked":"SKIP","floor":21},{"not_picked":["Flex","Pommel Strike","Twin Strike"],"picked":"Pummel","floor":23}],"player_experience":852833,"relics_obtained":[{"floor":7,"key":"PreservedInsect"},{"floor":9,"key":"Centennial Puzzle"},{"floor":12,"key":"Question Card"},{"floor":14,"key":"Orichalcum"},{"floor":23,"key":"Vajra"}],"event_choices":[{"damage_healed":0,"gold_gain":0,"player_choice":"Entered Light","damage_taken":23,"max_hp_gain":0,"max_hp_loss":0,"event_name":"Shining Light","floor":2,"gold_loss":0,"cards_upgraded":["Strike_R","Strike_R"]},{"damage_healed":25,"gold_gain":0,"player_choice":"Banana","damage_taken":0,"max_hp_gain":0,"max_hp_loss":0,"event_name":"Big Fish","floor":3,"gold_loss":0},{"damage_healed":0,"gold_gain":0,"player_choice":"Grow","damage_taken":0,"max_hp_gain":0,"max_hp_loss":0,"event_name":"Living Wall","floor":13,"gold_loss":0,"cards_upgraded":["Iron Wave"]},{"damage_healed":0,"gold_gain":0,"player_choice":"Read","damage_taken":0,"max_hp_gain":0,"max_hp_loss":0,"event_name":"The Library","floor":20,"gold_loss":0,"cards_obtained":["Feel No Pain"]},{"damage_healed":0,"gold_gain":0,"player_choice":"Obtained Relic","damage_taken":0,"relics_obtained":["Bronze Scales"],"max_hp_gain":0,"max_hp_loss":0,"event_name":"Addict","floor":22,"gold_loss":85}],"is_beta":false,"boss_relics":[{"not_picked":["Pandora\u0027s Box","Ectoplasm"],"picked":"Orrery"}],"items_purged_floors":[19],"is_endless":false,"potions_floor_spawned":[4,12,16,21],"killed_by":"Gremlin Leader","ascension_level":17}