{"gold_per_floor":[114,129,149,149,159,159,217,217,217,256,268,292,318,330,342,354],"floor_reached":16,"playtime":638,"items_purged":[],"score":184,"play_id":"df5dcf21-5c0a-4cdf-a208-32d2bdee4c2f","local_time":"20190305021929","is_ascension_mode":true,"campfire_choices":[{"data":"Doom and Gloom","floor":6,"key":"SMITH"},{"floor":8,"key":"REST"},{"floor":11,"key":"REST"},{"data":"Leap","floor":15,"key":"SMITH"}],"neow_cost":"NONE","seed_source_timestamp":95144305950814,"circlet_count":0,"master_deck":["AscendersBane","Strike_B","Strike_B","Strike_B","Strike_B","Defend_B","Defend_B","Defend_B","Defend_B","Zap+1","Dualcast","Genetic Algorithm+1","Capacitor","Leap+1","Doom and Gloom+1","Electrodynamics+1","Coolheaded","Coolheaded","Leap"],"relics":["Cracked Core","Blood Vial","Molten Egg 2","MawBank","Calipers"],"potions_floor_usage":[7,10,16],"damage_taken":[{"damage":7,"enemies":"Jaw Worm","floor":1,"turns":3},{"damage":6,"enemies":"Small Slimes","floor":2,"turns":4},{"damage":0,"enemies":"2 Louse","floor":3,"turns":4},{"damage":11,"enemies":"Blue Slaver","floor":5,"turns":5},{"damage":32,"enemies":"Gremlin Nob","floor":7,"turns":4},{"damage":34,"enemies":"3 Sentries","floor":10,"turns":4},{"damage":5,"enemies":"Gremlin Gang","floor":12,"turns":3},{"damage":0,"enemies":"3 Louse","floor":13,"turns":2},{"damage":24,"enemies":"Hexaghost","floor":16,"turns":14}],"seed_played":"-7473139251770724733","potions_obtained":[{"floor":2,"key":"Strength Potion"},{"floor":3,"key":"PowerPotion"},{"floor":13,"key":"Regen Potion"}],"is_trial":false,"path_per_floor":["M","M","M","?","M","R","?","R","T","E","R","M","M","?","R","B"],"character_chosen":"DEFECT","items_purchased":[],"campfire_rested":2,"item_purchase_floors":[],"current_hp_per_floor":[59,55,57,57,48,48,18,39,39,7,28,25,27,6,6,0],"gold":354,"neow_bonus":"RANDOM_COMMON_RELIC","is_prod":false,"is_daily":false,"chose_seed":false,"campfire_upgraded":2,"win_rate":0,"timestamp":1551770369,"path_taken":["M","M","M","?","M","R","?","R","T","E","R","M","M","?","R","BOSS"],"build_version":"2019-01-23","purchased_purges":0,"victory":false,"max_hp_per_floor":[71,71,71,71,71,71,71,71,71,71,71,71,71,71,71,71],"card_choices":[{"not_picked":["Streamline","Auto Shields"],"picked":"Genetic Algorithm","floor":1},{"not_picked":["Redo","Compile Driver"],"picked":"Capacitor","floor":2},{"not_picked":["Stack","Storm"],"picked":"Leap","floor":3},{"not_picked":["Streamline","Gash"],"picked":"Doom and Gloom","floor":5},{"not_picked":["Coolheaded","Go for the Eyes"],"picked":"Electrodynamics","floor":7},{"not_picked":["Barrage+1","Redo"],"picked":"Coolheaded","floor":10},{"not_picked":["Fusion","Rebound+1"],"picked":"Coolheaded","floor":12},{"not_picked":["Steam Power","Melter+1"],"picked":"Leap","floor":13}],"player_experience":858936,"relics_obtained":[{"floor":7,"key":"Molten Egg 2"},{"floor":9,"key":"MawBank"},{"floor":10,"key":"Calipers"}],"event_choices":[{"damage_healed":0,"gold_gain":0,"player_choice":"Grow","damage_taken":0,"max_hp_gain":0,"max_hp_loss":0,"event_name":"Living Wall","floor":4,"gold_loss":0,"cards_upgraded":["Zap"]},{"damage_healed":0,"gold_gain":0,"player_choice":"Searched \u00271\u0027 times","damage_taken":0,"max_hp_gain":0,"max_hp_loss":0,"event_name":"Dead Adventurer","floor":7,"gold_loss":0},{"damage_healed":0,"gold_gain":0,"player_choice":"Entered Light","damage_taken":21,"max_hp_gain":0,"max_hp_loss":0,"event_name":"Shining Light","floor":14,"gold_loss":0,"cards_upgraded":["Electrodynamics","Genetic Algorithm"]}],"is_beta":false,"boss_relics":[],"items_purged_floors":[],"is_endless":false,"potions_floor_spawned":[2,3,13],"killed_by":"Hexaghost","ascension_level":16}