{"gold_per_floor":[111,36,51,71,88,113,113,131,131,131,144,177,177,189,189,284,284,303,303,323,84,104,104,137,137,207,207,235,253,269,269,269,370,370,388,298,316,316,316,345,360,360,360,377,35,35,35,45,45,45],"floor_reached":50,"playtime":1748,"items_purged":["Defend_B","Defend_B","Strike_B"],"score":743,"play_id":"58297c83-153f-4cf1-9e81-6615be981d44","local_time":"20180928210538","is_ascension_mode":true,"campfire_choices":[{"data":"Hyperbeam","floor":7,"key":"SMITH"},{"floor":10,"key":"REST"},{"floor":15,"key":"REST"},{"data":"Sunder","floor":23,"key":"SMITH"},{"data":"Beam Cell","floor":25,"key":"SMITH"},{"data":"Doom and Gloom","floor":27,"key":"SMITH"},{"data":"Core Surge","floor":32,"key":"SMITH"},{"data":"Fission","floor":42,"key":"SMITH"},{"floor":47,"key":"REST"},{"data":"Machine Learning","floor":49,"key":"SMITH"}],"neow_cost":"NONE","seed_source_timestamp":447372980310921,"circlet_count":0,"master_deck":["Strike_B","Strike_B","Strike_B","Defend_B+1","Zap","Dualcast","Hyperbeam+1","Doom and Gloom+1","Steam","Core Surge+1","Sunder+1","Hologram+1","Machine Learning+1","BootSequence+1","Beam Cell+1","Steam Power+1","Reinforced Body+1","Auto Shields","Ghostly","Ghostly","Ghostly","Ghostly","Ghostly","Fission+1","Chaos+1","Hyperbeam+1","Undo+1","Go for the Eyes+1","White Noise+1","Panacea+1","Recycle+1"],"relics":["Cracked Core","The Courier","FossilizedHelix","Turnip","Snecko Eye","MutagenicStrength","Regal Pillow","Gremlin Horn","Blue Candle","Omamori","Lizard Tail","Bag of Preparation","Toxic Egg 2","Orichalcum"],"potions_floor_usage":[16,28,28,30,33,50],"damage_taken":[{"damage":0,"enemies":"2 Louse","floor":1,"turns":1},{"damage":0,"enemies":"Small Slimes","floor":3,"turns":1},{"damage":0,"enemies":"Cultist","floor":4,"turns":3},{"damage":3,"enemies":"3 Louse","floor":5,"turns":2},{"damage":62,"enemies":"Lagavulin","floor":6,"turns":7},{"damage":9,"enemies":"Large Slime","floor":8,"turns":3},{"damage":0,"enemies":"Looter","floor":11,"turns":2},{"damage":0,"enemies":"Gremlin Nob","floor":12,"turns":3},{"damage":0,"enemies":"Lots of Slimes","floor":14,"turns":2},{"damage":14,"enemies":"The Guardian","floor":16,"turns":10},{"damage":11,"enemies":"2 Thieves","floor":18,"turns":3},{"damage":5,"enemies":"Shell Parasite","floor":20,"turns":4},{"damage":0,"enemies":"Centurion and Healer","floor":22,"turns":2},{"damage":0,"enemies":"Slavers","floor":24,"turns":2},{"damage":33,"enemies":"Book of Stabbing","floor":28,"turns":4},{"damage":10,"enemies":"Cultist and Chosen","floor":29,"turns":7},{"damage":0,"enemies":"Shelled Parasite and Fungi","floor":30,"turns":1},{"damage":25,"enemies":"Champ","floor":33,"turns":7},{"damage":0,"enemies":"3 Shapes","floor":35,"turns":3},{"damage":0,"enemies":"3 Darklings","floor":37,"turns":2},{"damage":1,"enemies":"2 Orb Walkers","floor":40,"turns":3},{"damage":0,"enemies":"Spire Growth","floor":41,"turns":2},{"damage":0,"enemies":"Maw","floor":44,"turns":7},{"damage":0,"enemies":"4 Shapes","floor":48,"turns":1},{"damage":64,"enemies":"Time Eater","floor":50,"turns":8}],"seed_played":"-7682113296142390294","potions_obtained":[{"floor":1,"key":"Ancient Potion"},{"floor":4,"key":"EssenceOfSteel"},{"floor":8,"key":"SpeedPotion"},{"floor":12,"key":"FairyPotion"},{"floor":22,"key":"LiquidBronze"},{"floor":28,"key":"FocusPotion"},{"floor":29,"key":"Explosive Potion"},{"floor":30,"key":"SpeedPotion"},{"floor":40,"key":"Explosive Potion"}],"is_trial":false,"path_per_floor":["M","$","M","M","M","E","R","M","T","R","M","E","?","M","R","B",null,"M","?","M","$","M","R","E","R","T","R","E","M","M","?","R","B",null,"M","?","M","?","?","E","M","R","T","M","$","?","R","M","R"],"character_chosen":"DEFECT","items_purchased":["Beam Cell","Regal Pillow","Orichalcum","Ancient Potion","White Noise+1"],"campfire_rested":3,"item_purchase_floors":[21,21,45,45,45],"current_hp_per_floor":[75,75,75,75,72,10,10,1,1,23,23,23,8,8,30,16,60,49,49,44,44,44,44,44,44,44,44,11,1,1,1,1,3,29,29,29,29,29,29,28,28,28,28,28,28,28,35,35,35,0],"gold":45,"neow_bonus":"ONE_RANDOM_RARE_CARD","is_prod":false,"is_daily":false,"chose_seed":false,"campfire_upgraded":7,"win_rate":0,"timestamp":1538183138,"path_taken":["M","$","M","M","M","E","R","M","T","R","M","E","?","M","R","BOSS","M","?","M","$","M","R","E","R","T","R","E","M","?","?","R","BOSS","M","?","M","?","?","E","M","R","T","M","$","?","R","M","R","BOSS"],"build_version":"2018-09-27","purchased_purges":3,"victory":false,"max_hp_per_floor":[75,75,75,75,75,75,75,75,75,75,75,75,75,75,75,75,75,75,75,75,75,75,75,75,75,75,75,75,75,75,37,37,37,37,37,37,37,35,35,35,35,35,35,35,35,35,35,35,35,35],"card_choices":[{"not_picked":["Redo","Sweeping Beam","Scrape"],"picked":"SKIP","floor":1},{"not_picked":["Ball Lightning","Loop"],"picked":"Doom and Gloom","floor":3},{"not_picked":["Sweeping Beam","Capacitor"],"picked":"Steam","floor":4},{"not_picked":["Stack","Hello World","Go for the Eyes"],"picked":"SKIP","floor":5},{"not_picked":["Auto Shields","Compile Driver"],"picked":"Core Surge","floor":6},{"not_picked":["Streamline","Go for the Eyes"],"picked":"Sunder","floor":8},{"not_picked":["Hologram","Leap","Static Discharge"],"picked":"SKIP","floor":11},{"not_picked":["Glacier","Blizzard"],"picked":"Hologram","floor":12},{"not_picked":["Sweeping Beam","Turbo","Heatsinks"],"picked":"SKIP","floor":14},{"not_picked":["Fission","Thunder Strike"],"picked":"Machine Learning","floor":16},{"not_picked":["Barrage+1","Steam"],"picked":"BootSequence","floor":18},{"not_picked":["Ball Lightning","Capacitor+1","Steam"],"picked":"SKIP","floor":20},{"not_picked":["Rebound+1","Barrage"],"picked":"Steam Power+1","floor":22},{"not_picked":["Hello World+1","Multi-Cast","Ball Lightning"],"picked":"SKIP","floor":24},{"not_picked":["Chill","Double Energy"],"picked":"Reinforced Body+1","floor":28},{"not_picked":["Conserve Battery+1","Undo","Rip and Tear"],"picked":"SKIP","floor":29},{"not_picked":["Tempest","Force Field"],"picked":"Auto Shields","floor":30},{"not_picked":["Thunder Strike","Rainbow"],"picked":"Fission","floor":33},{"not_picked":["Gash","Double Energy+1"],"picked":"Chaos+1","floor":35},{"not_picked":["Sweeping Beam+1","Redo","BootSequence+1"],"picked":"SKIP","floor":37},{"not_picked":["Coolheaded","Doom and Gloom","Cold Snap"],"picked":"SKIP","floor":40},{"not_picked":["Gash","Double Energy"],"picked":"Undo+1","floor":41},{"not_picked":["Leap+1","Ball Lightning"],"picked":"Go for the Eyes+1","floor":44},{"not_picked":["Transmutation+1","Master of Strategy+1"],"picked":"Panacea+1","floor":46},{"not_picked":["Stack+1","Hello World"],"picked":"Recycle+1","floor":48}],"player_experience":615826,"relics_obtained":[{"floor":6,"key":"The Courier"},{"floor":9,"key":"FossilizedHelix"},{"floor":12,"key":"Turnip"},{"floor":24,"key":"Gremlin Horn"},{"floor":26,"key":"Blue Candle"},{"floor":28,"key":"Omamori"},{"floor":40,"key":"Bag of Preparation"},{"floor":43,"key":"Toxic Egg 2"}],"event_choices":[{"event_name":"Shining Light","player_choice":"Entered Light","floor":13,"damage_taken":0},{"event_name":"Drug Dealer","player_choice":"Inject Mutagens","floor":19,"damage_taken":0},{"event_name":"Ghosts","player_choice":"Became a Ghost","floor":31,"damage_taken":0},{"event_name":"Designer","player_choice":"Full Service","floor":36,"damage_taken":0},{"event_name":"Winding Halls","player_choice":"Max HP","floor":38,"damage_taken":0},{"event_name":"Duplicator","player_choice":"One dupe","floor":39,"damage_taken":0},{"event_name":"SensoryStone","player_choice":"Memory 1","floor":46,"damage_taken":0}],"is_beta":false,"boss_relics":[{"not_picked":["FrozenCore","Coffee Dripper"],"picked":"Snecko Eye"},{"not_picked":["Velvet Choker","Cursed Key"],"picked":"Lizard Tail"}],"items_purged_floors":[2,21,45],"is_endless":false,"potions_floor_spawned":[1,4,8,12,14,22,28,29,30,40,48],"killed_by":"Time Eater","ascension_level":5}