{"path_per_floor":["M","M","?","M","?","E","$","R","T","M","M","R","M","$","R","B",null,"M","?","M","M","M","R"],"character_chosen":"THE_SILENT","items_purchased":["Footwork","Noxious Fumes"],"gold_per_floor":[113,127,127,142,92,128,90,90,169,184,200,200,220,105,105,236,236,255,170,194,208,233,233],"floor_reached":24,"campfire_rested":2,"playtime":2114,"current_hp_per_floor":[70,70,53,50,50,15,15,36,36,36,36,36,36,36,57,57,70,55,55,51,26,12,12],"items_purged":["Injury"],"gold":233,"play_id":"ba000748-124e-4d87-8070-f1528e635b4b","is_prod":false,"is_daily":false,"campfire_rituals":0,"campfire_upgraded":1,"is_hardmode":false,"path_taken":["M","M","?","M","?","E","?","R","T","M","?","R","M","?","R","BOSS","M","?","?","M","M","R","M"],"build_version":"2018-01-11-PROD2","purchased_purges":1,"victory":false,"master_deck":["Defend_G","Defend_G","Defend_G","Defend_G","Defend_G","Strike_G","Strike_G","Strike_G","Strike_G","Survivor","Neutralize","Poisoned Stab","Backflip","Calculated Gamble","Quick Slash","Footwork","Dash","Footwork","Backstab","Noxious Fumes","Unload","Pain","Dagger Throw","Deadly Poison","Backflip","Quick Slash"],"max_hp_per_floor":[70,70,70,70,70,70,70,70,70,70,70,70,70,70,70,70,70,70,70,70,70,70,70],"relics":["Cursed Key","Golden Idol","Peace Pipe","Gremlin Horn","The Specimen","Shovel","Omamori"],"campfire_meditates":0,"card_choices":[{"not_picked":["Underhanded Strike","Prepared"],"picked":"Poisoned Stab"},{"not_picked":["Cloak And Dagger","Heel Hook"],"picked":"Backflip"},{"not_picked":["Skewer","All Out Attack"],"picked":"Calculated Gamble"},{"not_picked":["Bane","Skewer"],"picked":"Quick Slash"},{"not_picked":["Prepared","Poisoned Stab"],"picked":"Dash"},{"not_picked":["Deflect","Bane"],"picked":"Footwork"},{"not_picked":["Dash","Cloak And Dagger"],"picked":"Backstab"},{"not_picked":["Die Die Die","Venomology"],"picked":"Unload"},{"not_picked":["Cloak And Dagger","Catalyst"],"picked":"Dagger Throw"},{"not_picked":["Malaise","Riddle With Holes"],"picked":"Deadly Poison"},{"not_picked":["Sucker Punch","Underhanded Strike"],"picked":"Backflip"},{"not_picked":["Dagger Throw","Riddle With Holes"],"picked":"Quick Slash"}],"player_experience":155241,"potions_floor_usage":[6,16,20,24],"damage_taken":[{"damage":0,"enemies":"2 Louse","floor":1,"turns":3},{"damage":0,"enemies":"Small Slimes","floor":2,"turns":3},{"damage":3,"enemies":"Jaw Worm","floor":4,"turns":4},{"damage":35,"enemies":"Gremlin Nob","floor":6,"turns":6},{"damage":0,"enemies":"2 Fungi Beasts","floor":10,"turns":5},{"damage":0,"enemies":"Large Slime","floor":11,"turns":5},{"damage":0,"enemies":"Exordium Wildlife","floor":13,"turns":5},{"damage":0,"enemies":"The Guardian","floor":16,"turns":11},{"damage":15,"enemies":"Spheric Guardian","floor":18,"turns":6},{"damage":4,"enemies":"Chosen","floor":20,"turns":6},{"damage":25,"enemies":"Snake Plant","floor":21,"turns":5},{"damage":14,"enemies":"Sentry and Sphere","floor":22,"turns":8},{"damage":23,"enemies":"3 Cultists","floor":24,"turns":3}],"event_choices":[{"event_name":"Golden Idol","player_choice":"Take Damage","floor":3,"damage_taken":0},{"event_name":"The Cleric","player_choice":"Card Removal","floor":5,"damage_taken":0},{"event_name":"Addict","player_choice":"Obtained Relic","floor":19,"damage_taken":0}],"boss_relics":[{"not_picked":["Velvet Choker","Eternal Feather"],"picked":"The Specimen"}],"potions_floor_spawned":[2,4,13,20,22],"seed_played":"-4063366935496196855","killed_by":"3 Cultists","is_trial":false}