{"gold_per_floor":[118,130,130,143,72,97,97,116,116,131,131,151,151,167,167,167],"floor_reached":16,"playtime":928,"items_purged":[],"score":104,"play_id":"1ecbe6e4-e0d2-4aa6-b602-7b6366db2eb3","local_time":"20190309205259","is_ascension_mode":false,"campfire_choices":[{"floor":7,"key":"RECALL"},{"floor":11,"key":"REST"},{"floor":15,"key":"REST"}],"neow_cost":"NONE","seed_source_timestamp":598902145341877,"circlet_count":0,"master_deck":["Defend_G","Defend_G","Defend_G","Defend_G","Defend_G","Strike_G","Strike_G","Strike_G","Strike_G","Strike_G","Survivor","Neutralize","Outmaneuver+1","Endless Agony","Caltrops","Skewer","Predator"],"relics":["Fusion Hammer","Bronze Scales","The Courier"],"potions_floor_usage":[6,6,14,16],"damage_taken":[{"damage":0,"enemies":"Jaw Worm","floor":1,"turns":4},{"damage":1,"enemies":"Cultist","floor":2,"turns":5},{"damage":0,"enemies":"2 Louse","floor":4,"turns":5},{"damage":41,"enemies":"3 Sentries","floor":6,"turns":12},{"damage":16,"enemies":"Exordium Thugs","floor":8,"turns":4},{"damage":0,"enemies":"Blue Slaver","floor":10,"turns":3},{"damage":8,"enemies":"Lots of Slimes","floor":12,"turns":3},{"damage":0,"enemies":"Gremlin Gang","floor":14,"turns":2},{"damage":49,"enemies":"The Guardian","floor":16,"turns":12}],"seed_played":"4416857027828724886","potions_obtained":[{"floor":2,"key":"Weak Potion"},{"floor":4,"key":"Regen Potion"},{"floor":8,"key":"SteroidPotion"},{"floor":14,"key":"LiquidBronze"}],"is_trial":false,"path_per_floor":["M","M","?","M","$","E","R","M","T","M","R","M","?","M","R","B"],"character_chosen":"THE_SILENT","items_purchased":["Caltrops"],"campfire_rested":2,"item_purchase_floors":[5],"current_hp_per_floor":[70,69,69,69,69,43,43,27,27,27,48,40,28,28,49,0],"gold":167,"neow_bonus":"BOSS_RELIC","is_prod":false,"is_daily":false,"chose_seed":false,"campfire_upgraded":0,"win_rate":0,"timestamp":1552157579,"path_taken":["M","M","?","M","?","E","R","M","T","M","R","M","?","M","R","BOSS"],"build_version":"2019-01-23","purchased_purges":0,"victory":false,"max_hp_per_floor":[70,70,70,70,70,70,70,70,70,70,70,70,70,70,70,70],"card_choices":[{"not_picked":["Sucker Punch","Bane"],"picked":"Outmaneuver","floor":1},{"not_picked":["Dagger Throw","Flying Knee","Underhanded Strike"],"picked":"SKIP","floor":2},{"not_picked":["Deadly Poison","Acrobatics"],"picked":"Endless Agony","floor":4},{"not_picked":["Blur","Noxious Fumes"],"picked":"Skewer","floor":6},{"not_picked":["Deadly Poison","Quick Slash","Poisoned Stab"],"picked":"SKIP","floor":8},{"not_picked":["Dodge and Roll","Cloak And Dagger"],"picked":"Predator","floor":10},{"not_picked":["Underhanded Strike","Dodge and Roll","Masterful Stab"],"picked":"SKIP","floor":12},{"not_picked":["Deadly Poison","Slice","Flying Knee"],"picked":"SKIP","floor":14}],"player_experience":229718,"relics_obtained":[{"floor":6,"key":"Bronze Scales"}],"event_choices":[{"damage_healed":0,"gold_gain":0,"player_choice":"Upgraded","damage_taken":0,"max_hp_gain":0,"max_hp_loss":0,"event_name":"Upgrade Shrine","floor":3,"gold_loss":0,"cards_upgraded":["Outmaneuver"]},{"damage_healed":0,"gold_gain":0,"player_choice":"Success","damage_taken":12,"relics_obtained":["The Courier"],"max_hp_gain":0,"max_hp_loss":0,"event_name":"Scrap Ooze","floor":13,"gold_loss":0}],"is_beta":false,"boss_relics":[],"items_purged_floors":[],"is_endless":false,"potions_floor_spawned":[2,4,8,14],"killed_by":"The Guardian","ascension_level":0}