{"path_per_floor":["M","$","?","$","?","E","R","M","T","M","M","?","M","M","R"],"character_chosen":"IRONCLAD","items_purchased":["Blue Candle","Rupture","Feel No Pain"],"gold_per_floor":[360,38,38,0,0,30,30,50,50,66,78,78,91,112,112,112],"floor_reached":16,"campfire_rested":0,"playtime":970,"current_hp_per_floor":[72,72,79,79,79,69,69,61,61,67,51,51,42,42,42,0],"items_purged":[],"gold":112,"score":153,"play_id":"28e40088-2acd-4a23-8749-91788e512f1c","local_time":"20180506015157","is_prod":false,"is_daily":false,"chose_seed":false,"is_ascension_mode":true,"campfire_upgraded":2,"timestamp":1525585917,"path_taken":["M","$","?","?","?","E","R","M","T","M","M","?","M","M","R","BOSS"],"build_version":"2018-05-03","seed_source_timestamp":357785081825282,"purchased_purges":1,"victory":false,"master_deck":["Strike_R","Strike_R","Strike_R","Strike_R","Defend_R","Defend_R","Defend_R","Defend_R","Bash","AscendersBane","Writhe","Whirlwind+1","Rupture+1","Normality","Feel No Pain","Double Tap","Dual Wield","Shockwave","Dark Embrace","Injury"],"max_hp_per_floor":[80,80,87,87,87,87,87,87,87,87,87,87,87,87,87,87],"relics":["Burning Blood","Blue Candle","Strawberry","Happy Flower","Orichalcum","Golden Idol"],"card_choices":[{"not_picked":["Heavy Blade","Sword Boomerang"],"picked":"Whirlwind","floor":1},{"not_picked":["Shrug It Off","Spot Weakness"],"picked":"Double Tap","floor":6},{"not_picked":["Perfected Strike","Flex"],"picked":"Dual Wield","floor":8},{"not_picked":["Entrench","Cleave"],"picked":"Shockwave","floor":10},{"not_picked":["Iron Wave","Dual Wield"],"picked":"Dark Embrace","floor":11}],"player_experience":517006,"potions_floor_usage":[6,14,16],"damage_taken":[{"damage":6,"enemies":"Small Slimes","floor":1,"turns":5},{"damage":16,"enemies":"Gremlin Nob","floor":6,"turns":4},{"damage":14,"enemies":"Cultist","floor":8,"turns":5},{"damage":0,"enemies":"2 Louse","floor":10,"turns":1},{"damage":22,"enemies":"Exordium Wildlife","floor":11,"turns":5},{"damage":15,"enemies":"Large Slime","floor":13,"turns":6},{"damage":6,"enemies":"Exordium Thugs","floor":14,"turns":2},{"damage":45,"enemies":"Hexaghost","floor":16,"turns":9}],"event_choices":[{"event_name":"Accursed Blacksmith","player_choice":"Rummage","floor":3,"damage_taken":0},{"event_name":"Living Wall","player_choice":"Forget","floor":5,"damage_taken":0},{"event_name":"Golden Idol","player_choice":"Take Wound","floor":12,"damage_taken":0}],"boss_relics":[],"potions_floor_spawned":[1,6,11],"seed_played":"-3792722229377480346","killed_by":"Hexaghost","ascension_level":10,"is_trial":false}