{"gold_per_floor":[110,126,146,156,52,52,78,78,78,108,108,14,25,58,58,58],"floor_reached":16,"playtime":828,"items_purged":[],"score":216,"play_id":"50bef20f-0a70-41ce-9373-2edf7b14aece","local_time":"20190304223727","is_ascension_mode":true,"campfire_choices":[{"data":"Zap","floor":6.0,"key":"SMITH"},{"data":"Go for the Eyes","floor":11.0,"key":"SMITH"},{"data":"Machine Learning","floor":15,"key":"SMITH"}],"neow_cost":"NONE","seed_source_timestamp":81529658497185,"circlet_count":0,"master_deck":["AscendersBane","Strike_B","Strike_B","Strike_B","Strike_B","Defend_B","Defend_B","Defend_B","Defend_B","Zap+1","Dualcast","Self Repair","Conserve Battery","FTL","Go for the Eyes+1","Gash","Rebound","BootSequence","Glacier","Gash","Machine Learning+1"],"special_seed":0,"relics":["Cracked Core","Mummified Hand","Cables","Bottled Flame","Pear"],"potions_floor_usage":[16],"damage_taken":[{"damage":0.0,"enemies":"Cultist","floor":1.0,"turns":4.0},{"damage":0.0,"enemies":"2 Louse","floor":2.0,"turns":3.0},{"damage":0.0,"enemies":"Small Slimes","floor":3.0,"turns":3.0},{"damage":27.0,"enemies":"Exordium Thugs","floor":4.0,"turns":4.0},{"damage":27.0,"enemies":"Lagavulin","floor":7.0,"turns":6.0},{"damage":35.0,"enemies":"Gremlin Nob","floor":10.0,"turns":4.0},{"damage":0.0,"enemies":"3 Louse","floor":13.0,"turns":2.0},{"damage":8.0,"enemies":"Lagavulin","floor":14.0,"turns":7.0},{"damage":52,"enemies":"Slime Boss","floor":16,"turns":8}],"seed_played":"-7970925014012993258","potions_obtained":[{"floor":3.0,"key":"Swift Potion"},{"floor":7.0,"key":"Explosive Potion"},{"floor":14,"key":"FearPotion"}],"is_trial":false,"path_per_floor":["M","M","M","M","$","R","E","?","T","E","R","$","M","E","R","B"],"character_chosen":"DEFECT","items_purchased":["Gash","PowerPotion","Glacier","Block Potion"],"campfire_rested":0,"item_purchase_floors":[5,5,12,12],"current_hp_per_floor":[71,78,78,58,58,58,38,64,64,36,36,36,43,52,52,0],"gold":58,"neow_bonus":"TEN_PERCENT_HP_BONUS","is_prod":false,"is_daily":false,"chose_seed":false,"campfire_upgraded":3,"win_rate":0,"timestamp":1551757047,"path_taken":["M","M","M","M","?","R","E","?","T","E","R","$","M","E","R","BOSS"],"build_version":"2019-01-23","purchased_purges":0,"victory":false,"max_hp_per_floor":[78,78,78,78,78,78,78,78,78,78,78,78,78,88,88,88],"card_choices":[{"not_picked":["Compile Driver","Rip and Tear"],"picked":"Self Repair","floor":1.0},{"not_picked":["Steam","Fusion"],"picked":"Conserve Battery","floor":2.0},{"not_picked":["Loop","Chaos"],"picked":"FTL","floor":3.0},{"not_picked":["Gash","Skim"],"picked":"Go for the Eyes","floor":4.0},{"not_picked":["Reprogram","Rip and Tear"],"picked":"Rebound","floor":7.0},{"not_picked":["Stack","Compile Driver"],"picked":"BootSequence","floor":10.0},{"not_picked":["Hologram","Conserve Battery"],"picked":"Gash","floor":13.0},{"not_picked":["Conserve Battery","Doom and Gloom"],"picked":"Machine Learning","floor":14}],"player_experience":845576,"relics_obtained":[{"floor":7.0,"key":"Mummified Hand"},{"floor":9.0,"key":"Cables"},{"floor":10.0,"key":"Bottled Flame"},{"floor":14,"key":"Pear"}],"event_choices":[{"damage_healed":26.0,"max_hp_gain":0.0,"max_hp_loss":0.0,"gold_gain":0.0,"event_name":"Big Fish","player_choice":"Banana","floor":8.0,"gold_loss":0.0,"damage_taken":0.0}],"is_beta":false,"boss_relics":[],"items_purged_floors":[],"is_endless":false,"potions_floor_spawned":[3,7,14],"killed_by":"Slime Boss","ascension_level":16}