{"gold_per_floor":[114,125,200,57,75,101,112,112,136,151,179,190,190,210,210,210],"floor_reached":16,"playtime":866,"items_purged":[],"score":114,"play_id":"7a502d13-afd2-4de7-8faf-7ed7df613848","local_time":"20180723131151","is_ascension_mode":false,"campfire_choices":[{"data":"Cleave","floor":8,"key":"SMITH"},{"data":"Shrug It Off","floor":15,"key":"SMITH"}],"neow_cost":"","seed_source_timestamp":927423226582551,"circlet_count":0,"master_deck":["Strike_R","Strike_R","Strike_R","Strike_R","Strike_R","Defend_R","Defend_R","Defend_R","Defend_R","Bash","Shrug It Off+1","Cleave+1","Pommel Strike+1"],"relics":["Burning Blood","Art of War","Pen Nib","Vajra","Orichalcum"],"potions_floor_usage":[6,14,16,16],"damage_taken":[{"damage":6,"enemies":"Cultist","floor":1,"turns":3},{"damage":0,"enemies":"2 Louse","floor":2,"turns":4},{"damage":6,"enemies":"Jaw Worm","floor":5,"turns":5},{"damage":22,"enemies":"3 Sentries","floor":6,"turns":12},{"damage":8,"enemies":"Exordium Thugs","floor":7,"turns":5},{"damage":3,"enemies":"Exordium Wildlife","floor":10,"turns":3},{"damage":20,"enemies":"Gremlin Nob","floor":11,"turns":4},{"damage":0,"enemies":"Large Slime","floor":12,"turns":3},{"damage":6,"enemies":"Exordium Thugs","floor":14,"turns":3},{"damage":47,"enemies":"Hexaghost","floor":16,"turns":12}],"seed_played":"5650013593540198978","potions_obtained":[{"floor":5,"key":"SpeedPotion"},{"floor":10,"key":"Swift Potion"},{"floor":11,"key":"SpeedPotion"},{"floor":14,"key":"Swift Potion"}],"is_trial":false,"path_per_floor":["M","M","?","$","M","E","M","R","T","M","E","M","?","M","R"],"character_chosen":"IRONCLAD","items_purchased":["Art of War"],"campfire_rested":0,"item_purchase_floors":[4],"current_hp_per_floor":[80,80,69,69,69,53,51,51,51,54,40,46,46,46,46,0],"gold":210,"neow_bonus":"","is_prod":false,"is_daily":false,"chose_seed":false,"campfire_upgraded":2,"win_rate":0,"timestamp":1532340711,"path_taken":["M","M","?","?","?","E","M","R","T","M","E","M","?","M","R","BOSS"],"build_version":"2018-07-19v2","purchased_purges":0,"victory":false,"max_hp_per_floor":[80,80,80,80,80,80,80,80,80,80,80,80,80,80,80,80],"card_choices":[{"not_picked":["Warcry","Heavy Blade"],"picked":"Shrug It Off","floor":1},{"not_picked":["Fire Breathing","Flex","Clothesline"],"picked":"SKIP","floor":2},{"not_picked":["Pommel Strike","Intimidate","Armaments"],"picked":"SKIP","floor":5},{"not_picked":["Searing Blow","Headbutt"],"picked":"Cleave","floor":6},{"not_picked":["Clothesline","Spot Weakness","Cleave"],"picked":"SKIP","floor":7},{"not_picked":["Thunderclap","Disarm","Perfected Strike"],"picked":"SKIP","floor":10},{"not_picked":["Rampage","Flame Barrier"],"picked":"Pommel Strike","floor":11},{"not_picked":["Flex","Headbutt","Fiend Fire"],"picked":"SKIP","floor":12},{"not_picked":["Pummel","Feel No Pain","True Grit"],"picked":"SKIP","floor":14}],"player_experience":129466,"relics_obtained":[{"floor":6,"key":"Pen Nib"},{"floor":9,"key":"Vajra"},{"floor":11,"key":"Orichalcum"}],"event_choices":[{"event_name":"World of Goop","player_choice":"Gather Gold","floor":3,"damage_taken":0},{"event_name":"Living Wall","player_choice":"Grow","floor":13,"damage_taken":0}],"is_beta":false,"boss_relics":[],"items_purged_floors":[],"is_endless":false,"potions_floor_spawned":[5,10,11,14],"killed_by":"Hexaghost","ascension_level":0}