{"gold_per_floor":[117,2,13,26,44,73,87,87,140,155,155,183,196,215,215,319,319,339,339,355,375,375,406,61,61,85,85,19,30,50,149,149,250,250,250],"floor_reached":35,"playtime":5451,"items_purged":["Clumsy","Strike_G"],"score":450,"play_id":"d4564c25-3794-483f-8c1d-263565810e3f","local_time":"20190310004744","is_ascension_mode":true,"campfire_choices":[{"floor":8,"key":"REST"},{"data":"Noxious Fumes","floor":15,"key":"SMITH"},{"data":"Footwork","floor":25,"key":"SMITH"},{"floor":27,"key":"REST"},{"floor":32,"key":"REST"}],"neow_cost":"CURSE","seed_source_timestamp":22936854681519,"circlet_count":0,"master_deck":["Survivor","Neutralize","Tools of the Trade","Quick Slash","Well Laid Plans","Malaise","Skewer","Caltrops","Leg Sweep","Noxious Fumes+1","Blade Dance","Blur","Blur","Footwork+1","Die Die Die+1","Deflect","Acrobatics","Caltrops","Malaise","Noxious Fumes","Outmaneuver","Corpse Explosion","Heel Hook+1","Glass Knife+1","Calculated Gamble","Skewer+1","Dagger Spray+1","Sucker Punch+1","Tools of the Trade","Setup"],"relics":["Ring of the Snake","Dodecahedron","Regal Pillow","Molten Egg 2","Philosopher\u0027s Stone","Juzu Bracelet","Calipers","Tiny Chest","Ancient Tea Set","Nunchaku","Pandora\u0027s Box"],"potions_floor_usage":[5,14,19,23,30],"damage_taken":[{"damage":0,"enemies":"Jaw Worm","floor":1,"turns":6},{"damage":1,"enemies":"Cultist","floor":3,"turns":4},{"damage":0,"enemies":"Small Slimes","floor":4,"turns":5},{"damage":0,"enemies":"2 Fungi Beasts","floor":5,"turns":4},{"damage":31,"enemies":"Gremlin Nob","floor":6,"turns":6},{"damage":10,"enemies":"Gremlin Gang","floor":7,"turns":7},{"damage":13,"enemies":"Large Slime","floor":10,"turns":7},{"damage":8,"enemies":"Lagavulin","floor":12,"turns":9},{"damage":6,"enemies":"3 Louse","floor":13,"turns":4},{"damage":0,"enemies":"Exordium Wildlife","floor":14,"turns":4},{"damage":17,"enemies":"The Guardian","floor":16,"turns":11},{"damage":0,"enemies":"Spheric Guardian","floor":18,"turns":7},{"damage":1,"enemies":"Shell Parasite","floor":20,"turns":8},{"damage":0,"enemies":"Centurion and Healer","floor":21,"turns":9},{"damage":64,"enemies":"Slavers","floor":23,"turns":6},{"damage":7,"enemies":"Snake Plant","floor":29,"turns":5},{"damage":13,"enemies":"Sentry and Sphere","floor":30,"turns":8},{"damage":30,"enemies":"Automaton","floor":33,"turns":13},{"damage":17,"enemies":"Orb Walker","floor":35,"turns":2}],"seed_played":"-512712374797613651","potions_obtained":[{"floor":3,"key":"EssenceOfSteel"},{"floor":6,"key":"LiquidBronze"},{"floor":7,"key":"Regen Potion"},{"floor":10,"key":"Energy Potion"},{"floor":12,"key":"Fire Potion"},{"floor":19,"key":"Dexterity Potion"},{"floor":19,"key":"Fruit Juice"},{"floor":19,"key":"PowerPotion"},{"floor":23,"key":"Fire Potion"}],"is_trial":false,"path_per_floor":["M","$","M","M","M","E","M","R","T","M","?","E","M","M","R","B",null,"M","?","M","M","?","E","$","R","T","R","?","M","M","?","R","B",null,"M"],"character_chosen":"THE_SILENT","items_purchased":["Well Laid Plans","Noxious Fumes","Tiny Chest","Outmaneuver"],"campfire_rested":3,"item_purchase_floors":[2,24,24,24],"current_hp_per_floor":[70,70,69,69,69,38,28,49,49,36,36,28,22,22,22,5,70,70,75,74,74,74,10,10,10,10,47,47,40,27,27,64,34,75,58],"gold":250,"neow_bonus":"THREE_RARE_CARDS","is_prod":false,"is_daily":false,"chose_seed":false,"campfire_upgraded":2,"win_rate":0,"timestamp":1552171664,"path_taken":["M","$","M","M","M","E","M","R","T","M","?","E","?","M","R","BOSS","M","?","?","M","?","E","$","R","T","R","?","M","M","?","R","BOSS","M"],"build_version":"2019-01-23","purchased_purges":2,"victory":false,"max_hp_per_floor":[70,70,70,70,70,70,70,70,70,70,70,70,70,70,70,70,70,70,75,75,75,75,75,75,75,75,75,75,75,75,75,75,75,75,75],"card_choices":[{"not_picked":["Burst","A Thousand Cuts"],"picked":"Tools of the Trade","floor":0},{"not_picked":["Finisher","Deadly Poison"],"picked":"Quick Slash","floor":1},{"not_picked":["Prepared","Finisher"],"picked":"Malaise","floor":3},{"not_picked":["PiercingWail","Deflect"],"picked":"Skewer","floor":4},{"not_picked":["Dodge and Roll","Cloak And Dagger"],"picked":"Caltrops","floor":5},{"not_picked":["Storm of Steel","Expertise"],"picked":"Leg Sweep","floor":6},{"not_picked":["Dagger Spray","Outmaneuver"],"picked":"Noxious Fumes","floor":7},{"not_picked":["Finisher","Prepared"],"picked":"Blade Dance","floor":10},{"not_picked":["Accuracy","Slice"],"picked":"Blur","floor":12},{"not_picked":["Setup","Prepared"],"picked":"Footwork","floor":13},{"not_picked":["Slice+1","Masterful Stab+1","Outmaneuver"],"picked":"SKIP","floor":14},{"not_picked":["Malaise","Phantasmal Killer"],"picked":"Die Die Die+1","floor":16},{"not_picked":["Slice+1","Masterful Stab+1"],"picked":"Deflect","floor":18},{"not_picked":["Blur","Bane+1"],"picked":"Acrobatics","floor":20},{"not_picked":["Prepared","Blade Dance+1"],"picked":"Caltrops","floor":21},{"not_picked":["Quick Slash+1","Dash+1"],"picked":"Malaise","floor":23},{"not_picked":["Finisher+1","Underhanded Strike+1","Slice+1"],"picked":"SKIP","floor":29},{"not_picked":["Outmaneuver","Prepared","Riddle With Holes+1"],"picked":"SKIP","floor":30},{"not_picked":["Bullet Time","Wraith Form v2"],"picked":"Corpse Explosion","floor":33}],"player_experience":727978,"relics_obtained":[{"floor":6,"key":"Dodecahedron"},{"floor":9,"key":"Regal Pillow"},{"floor":12,"key":"Molten Egg 2"},{"floor":23,"key":"Calipers"},{"floor":26,"key":"Ancient Tea Set"}],"event_choices":[{"damage_healed":0,"gold_gain":0,"cards_transformed":["Strike_G"],"player_choice":"Transformed","damage_taken":0,"max_hp_gain":0,"max_hp_loss":0,"event_name":"Transmorgrifier","floor":11,"gold_loss":0,"cards_obtained":["Blur"]},{"damage_healed":0,"gold_gain":0,"player_choice":"Got Potions","damage_taken":0,"max_hp_gain":0,"max_hp_loss":0,"event_name":"Lab","floor":19,"gold_loss":0},{"damage_healed":0,"gold_gain":0,"player_choice":"Opened","damage_taken":0,"relics_obtained":["Juzu Bracelet"],"max_hp_gain":0,"max_hp_loss":0,"event_name":"The Mausoleum","floor":22,"gold_loss":0},{"damage_healed":0,"gold_gain":0,"player_choice":"Paid Gold","damage_taken":0,"relics_obtained":["Nunchaku"],"max_hp_gain":0,"max_hp_loss":0,"event_name":"WeMeetAgain","floor":28,"gold_loss":66},{"damage_healed":0,"gold_gain":99,"player_choice":"Stole From Cult","damage_taken":0,"max_hp_gain":0,"max_hp_loss":0,"event_name":"Nest","floor":31,"gold_loss":0}],"is_beta":false,"boss_relics":[{"not_picked":["Coffee Dripper","Lizard Tail"],"picked":"Philosopher\u0027s Stone"},{"not_picked":["Calling Bell","WristBlade"],"picked":"Pandora\u0027s Box"}],"items_purged_floors":[2,24],"is_endless":false,"potions_floor_spawned":[3,6,7,10,12,20,23,29],"killed_by":"Orb Walker","ascension_level":3}