{"gold_per_floor":[213,213,69,69,93,93,113,149,149,161,217,229,264,292,304,444,456,484,194,209,119,419,419,462,462,487,387,402,402],"floor_reached":29,"playtime":4326,"items_purged":["Perfected Strike+1","Bash"],"score":264,"play_id":"43650e00-408c-4fc3-a1c6-a5a1bedb4780","local_time":"20181017132947","is_ascension_mode":true,"campfire_choices":[{"data":"Armaments","floor":6,"key":"SMITH"},{"data":"Demon Form","floor":10,"key":"SMITH"},{"floor":15,"key":"REST"},{"data":"Armaments","floor":23,"key":"SMITH"},{"data":"Barricade","floor":25,"key":"SMITH"}],"neow_cost":"NONE","seed_source_timestamp":528256538879135,"circlet_count":0,"master_deck":["Defend_R","Defend_R+1","Defend_R","Defend_R","Armaments+1","Searing Blow","Demon Form+1","Spot Weakness","Inflame","Armaments+1","Battle Trance","Barricade+1","Juggernaut+1","Sentinel+1","Reaper","Impervious","Disarm"],"relics":["Burning Blood","Art of War","Golden Idol","Sundial","MawBank","Orichalcum","Astrolabe","Old Coin","Dream Catcher","Bronze Scales"],"potions_floor_usage":[16],"damage_taken":[{"damage":0,"enemies":"2 Louse","floor":1,"turns":3},{"damage":0,"enemies":"Jaw Worm","floor":5,"turns":4},{"damage":2,"enemies":"Small Slimes","floor":7,"turns":4},{"damage":26,"enemies":"3 Sentries","floor":8,"turns":7},{"damage":13,"enemies":"Lagavulin","floor":11,"turns":6},{"damage":3,"enemies":"2 Fungi Beasts","floor":13,"turns":4},{"damage":10,"enemies":"Blue Slaver","floor":14,"turns":4},{"damage":20,"enemies":"Hexaghost","floor":16,"turns":8},{"damage":28,"enemies":"Spheric Guardian","floor":18,"turns":9},{"damage":22,"enemies":"Shell Parasite","floor":20,"turns":10},{"damage":54,"enemies":"Gremlin Leader","floor":24,"turns":11},{"damage":4,"enemies":"Centurion and Healer","floor":28,"turns":9},{"damage":89,"enemies":"Slavers","floor":29,"turns":4}],"seed_played":"8109108292346191993","potions_obtained":[{"floor":7,"key":"Weak Potion"},{"floor":11,"key":"Explosive Potion"},{"floor":13,"key":"EssenceOfSteel"},{"floor":16,"key":"Energy Potion"}],"is_trial":false,"path_per_floor":["M","?","$","?","M","R","M","E","T","R","E","?","M","M","R","B",null,"M","$","M","?","?","R","E","R","T","$","M"],"character_chosen":"IRONCLAD","items_purchased":["Art of War","Reaper","Impervious"],"campfire_rested":1,"item_purchase_floors":[3,19,19],"current_hp_per_floor":[80,80,80,60,66,66,70,50,50,50,43,43,46,42,66,52,80,58,58,76,76,76,76,80,80,80,80,80,0],"gold":402,"neow_bonus":"HUNDRED_GOLD","is_prod":false,"is_daily":false,"chose_seed":false,"campfire_upgraded":4,"win_rate":0,"timestamp":1539797387,"path_taken":["M","?","$","?","M","R","M","E","T","R","E","?","?","M","R","BOSS","M","$","M","?","?","R","E","R","T","$","M","E"],"build_version":"2018-10-11","purchased_purges":2,"victory":false,"max_hp_per_floor":[80,80,80,80,80,80,80,80,80,80,80,80,80,80,80,80,80,80,80,80,80,80,80,80,80,80,80,80,80],"card_choices":[{"not_picked":["Thunderclap","True Grit"],"picked":"Armaments","floor":1},{"not_picked":["Anger","Cleave"],"picked":"Searing Blow","floor":5},{"not_picked":["Cleave","Blood for Blood"],"picked":"Demon Form","floor":7},{"not_picked":["Clothesline","Wild Strike"],"picked":"Spot Weakness","floor":8},{"not_picked":["Headbutt","Warcry"],"picked":"Inflame","floor":11},{"not_picked":["Iron Wave","Havoc"],"picked":"Armaments","floor":13},{"not_picked":["Inflame","Shrug It Off"],"picked":"Battle Trance","floor":14},{"not_picked":["Double Tap","Exhume"],"picked":"Barricade","floor":16},{"not_picked":["Flex+1","Clash","Pommel Strike+1"],"picked":"SKIP","floor":18},{"not_picked":["Flex+1","Clothesline","Anger"],"picked":"SKIP","floor":20},{"not_picked":["Power Through","Armaments"],"picked":"Disarm","floor":24},{"not_picked":["Iron Wave+1","Armaments","Infernal Blade"],"picked":"SKIP","floor":28}],"player_experience":926543,"relics_obtained":[{"floor":8,"key":"Sundial"},{"floor":9,"key":"MawBank"},{"floor":11,"key":"Orichalcum"},{"floor":24,"key":"Dream Catcher"},{"floor":26,"key":"Bronze Scales"}],"event_choices":[{"event_name":"The Cleric","player_choice":"Leave","floor":2,"damage_taken":0},{"event_name":"Golden Idol","player_choice":"Take Damage","floor":4,"damage_taken":0},{"event_name":"Living Wall","player_choice":"Forget","floor":12,"damage_taken":0},{"event_name":"Designer","player_choice":"Full Service","floor":21,"damage_taken":0},{"event_name":"The Mausoleum","player_choice":"Yes","floor":22,"damage_taken":0}],"is_beta":false,"boss_relics":[{"not_picked":["Ectoplasm","Runic Pyramid"],"picked":"Astrolabe"}],"items_purged_floors":[19,27],"is_endless":false,"potions_floor_spawned":[7,11,13,16,20],"killed_by":"Slavers","ascension_level":1}