{"path_per_floor":["M","M","?","M","?","E","?","M","T","M","M","?","E","M","R","B",null,"M","M","?","M","?","E","M"],"character_chosen":"IRONCLAD","items_purchased":[],"gold_per_floor":[116,129,129,139,214,245,245,262,285,301,316,266,291,310,310,415,415,425,437,437,448,448,477,494],"floor_reached":25,"campfire_rested":0,"playtime":3355,"current_hp_per_floor":[80,76,69,75,64,46,46,35,35,47,54,54,57,55,55,41,87,74,86,86,56,56,36,32],"items_purged":[],"gold":494,"play_id":"8675e8c8-c0a9-4b09-bc82-78bb16be3fad","is_prod":false,"is_daily":false,"campfire_rituals":0,"campfire_upgraded":1,"is_hardmode":false,"path_taken":["M","M","?","M","?","E","?","M","T","?","M","?","E","M","R","BOSS","M","M","?","?","?","E","M","M"],"build_version":"2018-01-11-PROD2","purchased_purges":0,"victory":false,"master_deck":["Strike_R","Strike_R","Defend_R","Defend_R","Defend_R","Defend_R","Bash","True Grit","Headbutt","Sever Soul","Regret","Warcry","Shrug It Off","Havoc","Exhume","Reaper","Havoc","Rampage","Evolve","Corruption","Havoc","Warcry","Havoc","Fire Breathing","Sever Soul"],"max_hp_per_floor":[80,80,80,80,80,80,80,83,83,83,83,83,83,85,85,85,87,89,95,95,95,95,95,95],"relics":["Burning Blood","War Paint","Dead Branch","Meat on the Bone","Bronze Scales","Singing Bowl","Orrery","Centennial Puzzle"],"campfire_meditates":0,"card_choices":[{"not_picked":["Disarm","Infernal Blade"],"picked":"True Grit"},{"not_picked":["True Grit","Shockwave"],"picked":"Headbutt"},{"not_picked":["Havoc","Disarm"],"picked":"Sever Soul"},{"not_picked":["Headbutt","Disarm"],"picked":"Warcry"},{"not_picked":["Clash","Cleave"],"picked":"Shrug It Off"},{"not_picked":["Intimidate","Flex"],"picked":"Havoc"},{"not_picked":["Perfected Strike","Blood for Blood"],"picked":"Exhume"},{"not_picked":["Double Tap","Juggernaut"],"picked":"Reaper"},{"not_picked":["Whirlwind","Body Slam"],"picked":"Havoc"},{"not_picked":["Dual Wield","Pommel Strike"],"picked":"Rampage"},{"not_picked":["Body Slam","Hemokinesis"],"picked":"Evolve"},{"not_picked":["Flex","Twin Strike"],"picked":"Corruption"},{"not_picked":["Infernal Blade","Dark Embrace"],"picked":"Havoc"},{"not_picked":["Wild Strike","Heavy Blade"],"picked":"Warcry"},{"not_picked":["Limit Break","Cleave"],"picked":"Fire Breathing"},{"not_picked":["Reckless Charge","Blood for Blood"],"picked":"Sever Soul"}],"player_experience":92360,"potions_floor_usage":[6,13,16,21,23],"damage_taken":[{"damage":1,"enemies":"Cultist","floor":1,"turns":4},{"damage":10,"enemies":"Small Slimes","floor":2,"turns":4},{"damage":0,"enemies":"Blue Slaver","floor":4,"turns":5},{"damage":24,"enemies":"Gremlin Nob","floor":6,"turns":5},{"damage":32,"enemies":"Exordium Wildlife","floor":8,"turns":9},{"damage":6,"enemies":"2 Fungi Beasts","floor":10,"turns":3},{"damage":11,"enemies":"Large Slime","floor":11,"turns":6},{"damage":15,"enemies":"3 Sentries","floor":13,"turns":7},{"damage":10,"enemies":"3 Louse","floor":14,"turns":4},{"damage":32,"enemies":"The Guardian","floor":16,"turns":7},{"damage":32,"enemies":"2 Thieves","floor":18,"turns":4},{"damage":0,"enemies":"3 Byrds","floor":19,"turns":2},{"damage":37,"enemies":"Snake Plant","floor":21,"turns":5},{"damage":38,"enemies":"Book of Stabbing","floor":23,"turns":4},{"damage":28,"enemies":"Chosen and Byrds","floor":24,"turns":5},{"damage":52,"enemies":"Snecko","floor":25,"turns":5}],"event_choices":[{"event_name":"Golden Wing","player_choice":"Card Removal","floor":3,"damage_taken":0},{"event_name":"World of Goop","player_choice":"Gather Gold","floor":5,"damage_taken":0},{"event_name":"Big Fish","player_choice":"Box","floor":7,"damage_taken":0},{"event_name":"The Cleric","player_choice":"Card Removal","floor":12,"damage_taken":0},{"event_name":"Back to Basics","player_choice":"Elegance","floor":20,"damage_taken":0},{"event_name":"The Library","player_choice":"Read","floor":22,"damage_taken":0}],"boss_relics":[{"not_picked":["Lizard Tail","Runic Cube"],"picked":"Orrery"}],"potions_floor_spawned":[1,2,8,14,19],"seed_played":"7324385875306308983","killed_by":"Snecko","is_trial":false}