{"gold_per_floor":[110,130,140,152,152,182,132,149,172,172,199,199,116,136,136,238,238,257,286,286,296,192,226,240,259,309,338,338],"floor_reached":28,"playtime":1658,"items_purged":["Strike_R","Strike_R"],"score":270,"play_id":"3db82743-be92-4f4e-bb32-beae9ec214ef","local_time":"20190222235307","is_ascension_mode":false,"campfire_choices":[{"data":"Clothesline","floor":10,"key":"SMITH"},{"data":"True Grit","floor":12,"key":"SMITH"},{"floor":15,"key":"REST"}],"neow_cost":"NONE","seed_source_timestamp":22717077972361,"circlet_count":0,"master_deck":["Strike_R","Strike_R","Defend_R","Defend_R","Defend_R","Defend_R","Bash","Pommel Strike","Clothesline+1","Headbutt","True Grit+1","Bloodletting","Bludgeon","Metallicize","Immolate","Battle Trance","Immolate","Shrug It Off","Shrug It Off","Intimidate+1","Feel No Pain"],"relics":["Burning Blood","Shuriken","PreservedInsect","Smiling Mask","Sozu","Red Mask","Boot","Dream Catcher","Omamori"],"potions_floor_usage":[],"damage_taken":[{"damage":0,"enemies":"Small Slimes","floor":1,"turns":3},{"damage":1,"enemies":"Jaw Worm","floor":2,"turns":3},{"damage":1,"enemies":"Cultist","floor":3,"turns":4},{"damage":11,"enemies":"Blue Slaver","floor":4,"turns":5},{"damage":43,"enemies":"Lagavulin","floor":6,"turns":6},{"damage":9,"enemies":"Red Slaver","floor":8,"turns":3},{"damage":6,"enemies":"Gremlin Nob","floor":11,"turns":4},{"damage":3,"enemies":"Large Slime","floor":14,"turns":6},{"damage":49,"enemies":"Slime Boss","floor":16,"turns":13},{"damage":6,"enemies":"Chosen","floor":18,"turns":3},{"damage":14,"enemies":"Masked Bandits","floor":19,"turns":4},{"damage":9,"enemies":"2 Thieves","floor":21,"turns":2},{"damage":12,"enemies":"Book of Stabbing","floor":23,"turns":5},{"damage":1,"enemies":"Snake Plant","floor":24,"turns":4},{"damage":11,"enemies":"3 Cultists","floor":25,"turns":6},{"damage":10,"enemies":"Slavers","floor":27,"turns":2}],"seed_played":"6629488342971287949","potions_obtained":[{"floor":3,"key":"Poison Potion"},{"floor":6,"key":"Swift Potion"},{"floor":8,"key":"FearPotion"},{"floor":14,"key":"Block Potion"}],"is_trial":false,"path_per_floor":["M","M","M","M","?","E","?","M","T","R","E","R","$","M","R","B",null,"M","?","?","M","$","E","M","M","T","E","$"],"character_chosen":"IRONCLAD","items_purchased":["Metallicize","Shrug It Off"],"campfire_rested":1,"item_purchase_floors":[13,22],"current_hp_per_floor":[88,88,88,83,83,46,46,43,43,43,43,43,43,46,72,29,88,88,80,80,77,77,71,76,71,71,67,67],"gold":338,"neow_bonus":"TEN_PERCENT_HP_BONUS","is_prod":false,"is_daily":false,"chose_seed":false,"campfire_upgraded":2,"win_rate":0,"timestamp":1550872387,"path_taken":["M","M","M","M","?","E","?","M","T","R","E","R","$","M","R","BOSS","M","?","?","?","$","E","M","M","T","E","$"],"build_version":"2019-01-23","purchased_purges":2,"victory":false,"max_hp_per_floor":[88,88,88,88,88,88,88,88,88,88,88,88,88,88,88,88,88,88,88,88,88,88,88,88,88,88,88,88],"card_choices":[{"not_picked":["Inflame","Twin Strike"],"picked":"Pommel Strike","floor":1},{"not_picked":["Entrench","True Grit"],"picked":"Clothesline","floor":2},{"not_picked":["Uppercut","Flex"],"picked":"Headbutt","floor":3},{"not_picked":["Body Slam","Rage"],"picked":"True Grit","floor":4},{"not_picked":["Entrench","Feel No Pain"],"picked":"Bloodletting","floor":6},{"not_picked":["Infernal Blade","Body Slam","Headbutt"],"picked":"SKIP","floor":8},{"not_picked":["Searing Blow","Sword Boomerang"],"picked":"Bludgeon","floor":11},{"not_picked":["Pommel Strike","Heavy Blade","Fire Breathing"],"picked":"SKIP","floor":14},{"not_picked":["Feed","Juggernaut"],"picked":"Immolate","floor":16},{"not_picked":["Body Slam","Clash","Twin Strike"],"picked":"SKIP","floor":18},{"not_picked":["Cleave+1","Intimidate"],"picked":"Battle Trance","floor":19},{"not_picked":["Body Slam+1","Entrench+1"],"picked":"Shrug It Off","floor":21},{"not_picked":["Fire Breathing","Clash+1","Wild Strike"],"picked":"SKIP","floor":23},{"not_picked":["Dropkick","Sword Boomerang","Clothesline"],"picked":"SKIP","floor":24},{"not_picked":["Headbutt","Perfected Strike+1"],"picked":"Intimidate+1","floor":25},{"not_picked":["Pommel Strike+1","Metallicize"],"picked":"Feel No Pain","floor":27}],"player_experience":489988,"relics_obtained":[{"floor":6,"key":"Shuriken"},{"floor":9,"key":"PreservedInsect"},{"floor":11,"key":"Smiling Mask"},{"floor":19,"key":"Red Mask"},{"floor":23,"key":"Boot"},{"floor":26,"key":"Dream Catcher"},{"floor":27,"key":"Omamori"}],"event_choices":[{"damage_healed":0,"gold_gain":0,"player_choice":"Ignored","damage_taken":0,"max_hp_gain":0,"max_hp_loss":0,"event_name":"Liars Game","floor":5,"gold_loss":0},{"cards_removed":["Strike_R"],"damage_healed":0,"gold_gain":0,"player_choice":"Card Removal","damage_taken":0,"max_hp_gain":0,"max_hp_loss":0,"event_name":"The Cleric","floor":7,"gold_loss":50},{"damage_healed":0,"gold_gain":0,"player_choice":"Fought Bandits","damage_taken":0,"max_hp_gain":0,"max_hp_loss":0,"event_name":"Masked Bandits","floor":19,"gold_loss":0},{"damage_healed":0,"gold_gain":0,"player_choice":"Copied","damage_taken":0,"max_hp_gain":0,"max_hp_loss":0,"event_name":"Duplicator","floor":20,"gold_loss":0,"cards_obtained":["Immolate"]}],"is_beta":false,"boss_relics":[{"not_picked":["Velvet Choker","Lizard Tail"],"picked":"Sozu"}],"items_purged_floors":[13,22],"is_endless":false,"potions_floor_spawned":[3,6,8,14,19,21,25],"ascension_level":0}