{"gold_per_floor":[114,114,114,94,107,138,152,152,152,152,183,183,183,203,203,303,303,315,332,349,364,22,38,49,49,49,49,49,59,59,70,70,170,170,180,196,241,140,150,150,150,150,223,39,59,59,77,77,77,77],"floor_reached":51,"playtime":3753,"items_purged":[],"score":709,"play_id":"2444a605-d2f5-4d7d-9ef5-78637496962a","local_time":"20180709023657","is_ascension_mode":false,"campfire_choices":[{"data":"Spot Weakness","floor":10,"key":"SMITH"},{"data":"Shrug It Off","floor":12,"key":"SMITH"},{"data":"Heavy Blade","floor":15,"key":"SMITH"},{"floor":25,"key":"REST"},{"floor":30,"key":"REST"},{"data":"Heavy Blade","floor":32,"key":"SMITH"},{"floor":40,"key":"DIG"},{"data":"1","floor":46,"key":"LIFT"},{"data":"2","floor":49,"key":"LIFT"}],"neow_cost":"","seed_source_timestamp":141784437218389,"circlet_count":0,"master_deck":["Strike_R","Strike_R","Strike_R","Strike_R","Strike_R","Defend_R","Defend_R","Defend_R","Defend_R","Bash","Feel No Pain","Clash","Shrug It Off+1","Spot Weakness+1","Flex+1","Heavy Blade+1","Barricade+1","Flame Barrier+1","Iron Wave+1","Dropkick","Anger","Flex+1","Metallicize","Good Instincts+1","Heavy Blade+1","Anger","Demon Form","Heavy Blade+1","Clothesline+1","Feed","Heavy Blade","Rage+1","Shrug It Off+1","Heavy Blade+1","Cleave","Inflame","Inflame","Metallicize+1","Panacea+1","Good Instincts+1","Enlightenment+1"],"relics":["Burning Blood","Dodecahedron","Mercury Hourglass","Question Card","Toxic Egg 2","Matryoshka","Ornamental Fan","Bottled Lightning","Velvet Choker","Vajra","Incense Burner","Dream Catcher","Eternal Feather","Shovel","Bag of Marbles","Mango","Girya","Mummified Hand","Bronze Scales"],"potions_floor_usage":[11,16,21,31,31,33,37,41,50,50],"damage_taken":[{"damage":5,"enemies":"Cultist","floor":1,"turns":4},{"damage":1,"enemies":"2 Louse","floor":5,"turns":3},{"damage":27,"enemies":"3 Sentries","floor":6,"turns":15},{"damage":1,"enemies":"Jaw Worm","floor":7,"turns":3},{"damage":18,"enemies":"Gremlin Nob","floor":11,"turns":4},{"damage":2,"enemies":"Blue Slaver","floor":14,"turns":4},{"damage":38,"enemies":"Hexaghost","floor":16,"turns":10},{"damage":7,"enemies":"3 Byrds","floor":18,"turns":4},{"damage":19,"enemies":"Shell Parasite","floor":19,"turns":6},{"damage":15,"enemies":"Centurion and Healer","floor":20,"turns":4},{"damage":21,"enemies":"Snake Plant","floor":21,"turns":4},{"damage":25,"enemies":"Snecko","floor":23,"turns":6},{"damage":6,"enemies":"Cultist and Chosen","floor":24,"turns":4},{"damage":10,"enemies":"Snake Plant","floor":29,"turns":3},{"damage":3,"enemies":"Slaver and Parasite","floor":31,"turns":3},{"damage":54,"enemies":"Automaton","floor":33,"turns":11},{"damage":14,"enemies":"3 Shapes","floor":35,"turns":4},{"damage":26,"enemies":"3 Darklings","floor":36,"turns":4},{"damage":19,"floor":37,"turns":4},{"damage":0,"enemies":"Sphere and 2 Shapes","floor":39,"turns":3},{"damage":2,"floor":41,"turns":7},{"damage":8,"enemies":"4 Shapes","floor":45,"turns":4},{"damage":9,"enemies":"3 Darklings","floor":47,"turns":4},{"damage":72,"enemies":"Awakened One","floor":50,"turns":8}],"seed_played":"-3887472764143266579","potions_obtained":[{"floor":1,"key":"Swift Potion"},{"floor":4,"key":"SkillPotion"},{"floor":14,"key":"Weak Potion"},{"floor":21,"key":"AttackPotion"},{"floor":24,"key":"Strength Potion"},{"floor":29,"key":"Swift Potion"},{"floor":31,"key":"FearPotion"},{"floor":33,"key":"Weak Potion"},{"floor":36,"key":"Weak Potion"},{"floor":41,"key":"Poison Potion"}],"is_trial":false,"path_per_floor":["M","T","?","?","M","E","M","?","T","R","E","R","T","M","R","B",null,"M","M","M","M","$","M","M","R","T","?","?","M","R","M","R","B",null,"M","M","?","$","M","R","?","T","T","$","M","R","M","?","R","B"],"character_chosen":"IRONCLAD","items_purchased":["Vajra","Flex+1","Metallicize","Good Instincts+1","FairyPotion","Inflame","Bronze Scales"],"campfire_rested":2,"item_purchase_floors":[22,22,22,22,38,44,44],"current_hp_per_floor":[80,80,85,85,85,64,69,62,62,62,50,50,50,54,54,22,85,84,71,62,47,47,28,28,53,53,37,37,33,60,63,63,15,90,82,62,49,49,55,67,85,85,85,85,86,100,97,87,103,37],"gold":77,"neow_bonus":"","is_prod":false,"is_daily":false,"chose_seed":false,"campfire_upgraded":4,"win_rate":0,"timestamp":1531093017,"path_taken":["M","?","?","?","M","E","M","?","T","R","E","R","?","M","R","BOSS","M","M","M","M","$","M","M","R","T","?","?","M","R","M","R","BOSS","M","M","?","$","M","R","?","?","T","$","M","R","?","?","R","BOSS"],"build_version":"2018-07-05","purchased_purges":0,"victory":true,"max_hp_per_floor":[80,80,85,85,85,85,85,85,85,85,85,85,85,85,85,85,85,85,85,85,85,85,85,85,85,85,90,90,90,90,90,90,90,90,90,90,90,90,90,90,104,104,104,104,107,107,107,107,107,107],"card_choices":[{"not_picked":["Warcry","Body Slam"],"picked":"Feel No Pain","floor":1},{"not_picked":["Perfected Strike","Sword Boomerang"],"picked":"Clash","floor":5},{"not_picked":["Sword Boomerang","Clothesline"],"picked":"Shrug It Off","floor":6},{"not_picked":["Twin Strike","Sword Boomerang"],"picked":"Spot Weakness","floor":7},{"not_picked":["Wild Strike","Infernal Blade+1","Berserk"],"picked":"Flex+1","floor":11},{"not_picked":["True Grit+1","Clothesline","Hemokinesis"],"picked":"Heavy Blade","floor":14},{"not_picked":["Berserk","Dark Embrace","Juggernaut"],"picked":"Barricade","floor":16},{"not_picked":["Clash","Body Slam","Clothesline"],"picked":"Flame Barrier+1","floor":18},{"not_picked":["Feel No Pain","Headbutt","Shrug It Off+1"],"picked":"Iron Wave+1","floor":19},{"not_picked":["Clash+1","Bludgeon","Shrug It Off+1"],"picked":"Dropkick","floor":20},{"not_picked":["Dropkick","Headbutt","Pommel Strike"],"picked":"Anger","floor":21},{"not_picked":["Pommel Strike","Cleave","Perfected Strike"],"picked":"Heavy Blade","floor":23},{"not_picked":["Reckless Charge+1","Power Through+1","Evolve"],"picked":"Anger","floor":24},{"not_picked":["Perfected Strike","Intimidate+1","Warcry+1"],"picked":"Demon Form","floor":29},{"not_picked":["Intimidate+1","Power Through+1","Uppercut"],"picked":"Heavy Blade+1","floor":30},{"not_picked":["Headbutt+1","True Grit+1","Iron Wave"],"picked":"Clothesline+1","floor":31},{"not_picked":["Offering+1","Berserk","Bludgeon"],"picked":"Feed","floor":33},{"not_picked":["Sword Boomerang+1","Shrug It Off+1","Armaments+1"],"picked":"Heavy Blade","floor":35},{"not_picked":["Headbutt+1","Feel No Pain","Armaments+1"],"picked":"Rage+1","floor":36},{"not_picked":["Twin Strike+1","Second Wind+1","Power Through+1"],"picked":"Shrug It Off+1","floor":37},{"not_picked":["Thunderclap+1","Barricade","Warcry+1"],"picked":"Heavy Blade+1","floor":39},{"not_picked":["Combust+1","Clothesline","Rampage"],"picked":"Cleave","floor":41},{"not_picked":["Anger+1","Blood for Blood","Thunderclap+1"],"picked":"Inflame","floor":45},{"not_picked":["Anger","Entrench+1","Pommel Strike+1"],"picked":"Metallicize+1","floor":47},{"not_picked":["Flash of Steel","Purity+1","Mind Blast"],"picked":"Panacea+1","floor":48},{"not_picked":["Swift Strike","Panacea+1","Flash of Steel"],"picked":"Good Instincts+1","floor":48},{"not_picked":["Dramatic Entrance","Deep Breath+1","Good Instincts+1"],"picked":"Enlightenment+1","floor":48}],"player_experience":47695,"relics_obtained":[{"floor":2,"key":"Dodecahedron"},{"floor":6,"key":"Mercury Hourglass"},{"floor":9,"key":"Toxic Egg 2"},{"floor":11,"key":"Matryoshka"},{"floor":13,"key":"Ornamental Fan"},{"floor":13,"key":"Bottled Lightning"},{"floor":26,"key":"Incense Burner"},{"floor":26,"key":"Dream Catcher"},{"floor":37,"key":"Shovel"},{"floor":40,"key":"Bag of Marbles"},{"floor":41,"key":"Mango"},{"floor":42,"key":"Girya"},{"floor":43,"key":"Mummified Hand"}],"event_choices":[{"event_name":"Big Fish","player_choice":"Donut","floor":3,"damage_taken":0},{"event_name":"The Woman in Blue","player_choice":"Bought 1 Potion","floor":4,"damage_taken":0},{"event_name":"Scrap Ooze","player_choice":"success","floor":8,"damage_taken":7},{"event_name":"Forgotten Altar","player_choice":"Shed Blood","floor":27,"damage_taken":0},{"event_name":"Upgrade Shrine","player_choice":"Upgraded","floor":28,"damage_taken":0},{"event_name":"Mysterious Sphere","player_choice":"Fight","floor":37,"damage_taken":0},{"event_name":"MindBloom","player_choice":"Fight","floor":41,"damage_taken":0},{"event_name":"SensoryStone","player_choice":"Memory 3","floor":48,"damage_taken":0}],"boss_relics":[{"not_picked":["Cursed Key","Ectoplasm"],"picked":"Velvet Choker"},{"not_picked":["Sozu","Snecko Eye"],"picked":"Eternal Feather"}],"items_purged_floors":[],"is_endless":false,"potions_floor_spawned":[1,14,21,24,29,31,33,36,41,47],"ascension_level":0}