{"gold_per_floor":[109,109,126,152,167,167,196,196,196,212,91,104,124,25,25,126,126,137,16,26,26,43,43,73,93,117,160,184,196,227,255,267,374,386,412,442,454,476,28,54,54,101,101,101,2,35,35,54,54,54],"floor_reached":51,"playtime":18109,"items_purged":["Strike_B","Defend_B","Strike_B","Parasite","Shame"],"score":754,"play_id":"6d394746-eac1-4677-82f0-368c1e576d8a","local_time":"20190203000604","is_ascension_mode":false,"campfire_choices":[{"data":"Conserve Battery","floor":6,"key":"SMITH"},{"data":"Steam","floor":8,"key":"SMITH"},{"data":"Leap","floor":15,"key":"SMITH"},{"data":"Buffer","floor":23,"key":"SMITH"},{"data":"Hologram","floor":29,"key":"SMITH"},{"data":"Dualcast","floor":32,"key":"SMITH"},{"data":"Turbo","floor":41,"key":"SMITH"},{"data":"Mind Blast","floor":44,"key":"SMITH"},{"floor":49,"key":"REST"}],"neow_cost":"NONE","seed_source_timestamp":1759993540027627,"circlet_count":0,"master_deck":["Strike_B","Strike_B","Defend_B","Defend_B","Defend_B","Zap","Dualcast+1","Self Repair","Conserve Battery+1","Steam+1","Ball Lightning","Gash","Core Surge","Hologram+1","Hologram","Leap+1","Buffer+1","Cold Snap+1","Auto Shields","Sunder+1","Sweeping Beam","Genetic Algorithm","Gash+1","Defragment+1","Capacitor","Stack","Go for the Eyes","All For One","Streamline+1","Panacea","Panache","White Noise","Mind Blast+1","Turbo+1","Ball Lightning+1","Aggregate","Gash","BootSequence+1","Doom and Gloom+1"],"relics":["Cracked Core","NeowsBlessing","Smiling Mask","Darkstone Periapt","Strawberry","Cursed Key","Bronze Scales","MawBank","Red Mask","Runic Pyramid","Bag of Preparation","Frozen Egg 2","Bird Faced Urn","Boot","Pen Nib"],"potions_floor_usage":[7,7,16,18,22,24,28,33,33,38,40,42,50,50],"damage_taken":[{"damage":0,"enemies":"Small Slimes","floor":1,"turns":1},{"damage":0,"enemies":"Jaw Worm","floor":3,"turns":1},{"damage":0,"enemies":"2 Louse","floor":5,"turns":1},{"damage":29,"enemies":"Gremlin Nob","floor":7,"turns":5},{"damage":8,"enemies":"Large Slime","floor":10,"turns":6},{"damage":2,"enemies":"3 Louse","floor":12,"turns":4},{"damage":0,"enemies":"Blue Slaver","floor":13,"turns":3},{"damage":36,"enemies":"The Guardian","floor":16,"turns":11},{"damage":5,"enemies":"3 Byrds","floor":18,"turns":4},{"damage":0,"enemies":"Chosen","floor":20,"turns":5},{"damage":5,"enemies":"Sentry and Sphere","floor":22,"turns":6},{"damage":12,"enemies":"Book of Stabbing","floor":24,"turns":7},{"damage":6,"enemies":"Snecko","floor":25,"turns":5},{"damage":9,"enemies":"Masked Bandits","floor":27,"turns":4},{"damage":1,"enemies":"3 Cultists","floor":28,"turns":3},{"damage":23,"enemies":"Cultist and Chosen","floor":30,"turns":7},{"damage":19,"enemies":"Snake Plant","floor":31,"turns":2},{"damage":27,"enemies":"Champ","floor":33,"turns":15},{"damage":16,"enemies":"3 Darklings","floor":35,"turns":9},{"damage":0,"enemies":"Orb Walker","floor":36,"turns":4},{"damage":9,"enemies":"Transient","floor":38,"turns":5},{"damage":0,"enemies":"Nemesis","floor":40,"turns":5},{"damage":2,"enemies":"2 Orb Walkers","floor":42,"turns":5},{"damage":37,"enemies":"Reptomancer","floor":46,"turns":6},{"damage":30,"enemies":"Writhing Mass","floor":48,"turns":4},{"damage":58,"enemies":"Donu and Deca","floor":50,"turns":7}],"seed_played":"-4226764864407932181","potions_obtained":[{"floor":1,"key":"PowerPotion"},{"floor":3,"key":"Block Potion"},{"floor":7,"key":"Explosive Potion"},{"floor":12,"key":"Block Potion"},{"floor":16,"key":"Explosive Potion"},{"floor":20,"key":"Block Potion"},{"floor":24,"key":"Regen Potion"},{"floor":27,"key":"Explosive Potion"},{"floor":28,"key":"Regen Potion"},{"floor":33,"key":"SkillPotion"},{"floor":38,"key":"Energy Potion"},{"floor":40,"key":"Ancient Potion"},{"floor":42,"key":"EssenceOfSteel"}],"is_trial":false,"path_per_floor":["M","?","M","T","M","R","E","R","T","M","$","M","M","$","R","B",null,"M","$","M","?","M","R","E","M","T","?","M","R","M","M","R","B",null,"M","M","?","M","$","E","R","?","T","R","$","E","?","M","R","B",null],"character_chosen":"DEFECT","items_purchased":["Core Surge","Leap","Auto Shields","Mind Blast","Turbo","Block Potion","Bag of Preparation","LiquidBronze","Gash"],"campfire_rested":1,"item_purchase_floors":[11,14,19,39,39,39,39,39,45],"current_hp_per_floor":[75,63,63,63,63,63,41,41,48,47,47,52,59,59,59,23,82,82,82,82,82,77,77,72,66,72,63,69,69,53,34,34,44,88,79,86,81,72,72,79,79,84,90,90,90,67,67,48,73,34],"gold":54,"neow_bonus":"THREE_ENEMY_KILL","is_prod":false,"is_daily":false,"chose_seed":false,"campfire_upgraded":8,"win_rate":0,"timestamp":1549148764,"path_taken":["M","?","M","?","M","R","E","R","T","M","$","M","M","?","R","BOSS","M","$","M","?","M","R","E","M","T","?","M","R","M","M","R","BOSS","M","M","?","M","$","E","R","?","T","R","$","E","?","M","R","BOSS"],"build_version":"2019-01-23","purchased_purges":5,"victory":true,"max_hp_per_floor":[75,75,75,75,75,75,75,75,82,82,82,82,82,82,82,82,82,82,82,82,82,82,82,82,82,88,88,88,88,88,88,88,88,88,88,88,88,88,85,85,85,85,91,91,91,91,86,86,86,86],"card_choices":[{"not_picked":["Recycle","Turbo"],"picked":"Self Repair","floor":1},{"not_picked":["Undo","Self Repair"],"picked":"Conserve Battery","floor":3},{"not_picked":["Chill","Reprogram"],"picked":"Steam","floor":5},{"not_picked":["Hyperbeam","Chaos"],"picked":"Ball Lightning","floor":7},{"not_picked":["Capacitor","Scrape"],"picked":"Gash","floor":10},{"not_picked":["Conserve Battery","Steam Power"],"picked":"Hologram","floor":12},{"not_picked":["Steam","Barrage"],"picked":"Hologram","floor":13},{"not_picked":["Echo Form","Thunder Strike"],"picked":"Buffer","floor":16},{"not_picked":["Turbo","Compile Driver"],"picked":"Cold Snap+1","floor":18},{"not_picked":["Reinforced Body+1","Ball Lightning"],"picked":"Sunder+1","floor":20},{"not_picked":["Hologram","Double Energy+1"],"picked":"Sweeping Beam","floor":22},{"not_picked":["Go for the Eyes","Ball Lightning"],"picked":"Genetic Algorithm","floor":24},{"not_picked":["Undo","Conserve Battery+1"],"picked":"Gash+1","floor":25},{"not_picked":["Chill","Compile Driver"],"picked":"Defragment+1","floor":27},{"not_picked":["Skim","Steam"],"picked":"Capacitor","floor":28},{"not_picked":["Rebound","Glacier"],"picked":"Stack","floor":30},{"not_picked":["Auto Shields+1","Darkness+1"],"picked":"Go for the Eyes","floor":31},{"not_picked":["Reboot","Buffer"],"picked":"All For One","floor":33},{"not_picked":["Capacitor","Heatsinks+1"],"picked":"Streamline+1","floor":35},{"not_picked":["Force Field","Blizzard","Glacier"],"picked":"SKIP","floor":36},{"not_picked":["Mind Blast","Finesse"],"picked":"Panacea","floor":37},{"not_picked":["Finesse","Impatience"],"picked":"Panache","floor":37},{"not_picked":["Streamline","Chill+1"],"picked":"White Noise","floor":38},{"not_picked":["Stack+1","Rainbow"],"picked":"Ball Lightning+1","floor":40},{"not_picked":["Cold Snap","Streamline+1"],"picked":"Aggregate","floor":42},{"not_picked":["Ball Lightning","Hologram"],"picked":"BootSequence+1","floor":46},{"not_picked":["Cold Snap","Go for the Eyes"],"picked":"Doom and Gloom+1","floor":48}],"player_experience":157563,"relics_obtained":[{"floor":7,"key":"Darkstone Periapt"},{"floor":9,"key":"Strawberry"},{"floor":24,"key":"Bronze Scales"},{"floor":26,"key":"MawBank"},{"floor":27,"key":"Red Mask"},{"floor":40,"key":"Frozen Egg 2"},{"floor":42,"key":"Bird Faced Urn"},{"floor":43,"key":"Boot"},{"floor":46,"key":"Pen Nib"}],"event_choices":[{"damage_healed":0,"gold_gain":0,"player_choice":"Success","damage_taken":12,"relics_obtained":["Smiling Mask"],"max_hp_gain":0,"max_hp_loss":0,"event_name":"Scrap Ooze","floor":2,"gold_loss":0},{"damage_healed":0,"gold_gain":0,"player_choice":"Ignored","damage_taken":0,"max_hp_gain":0,"max_hp_loss":0,"event_name":"Ghosts","floor":21,"gold_loss":0},{"damage_healed":0,"gold_gain":0,"player_choice":"Fought Bandits","damage_taken":0,"max_hp_gain":0,"max_hp_loss":0,"event_name":"Masked Bandits","floor":27,"gold_loss":0},{"damage_healed":0,"gold_gain":0,"player_choice":"Memory 2","damage_taken":5,"max_hp_gain":0,"max_hp_loss":0,"event_name":"SensoryStone","floor":37,"gold_loss":0},{"damage_healed":0,"gold_gain":0,"player_choice":"Fight","damage_taken":0,"max_hp_gain":0,"max_hp_loss":0,"event_name":"Mysterious Sphere","floor":42,"gold_loss":0},{"damage_healed":0,"gold_gain":0,"player_choice":"Max HP","damage_taken":0,"max_hp_gain":0,"max_hp_loss":5,"event_name":"Winding Halls","floor":47,"gold_loss":0}],"is_beta":false,"boss_relics":[{"not_picked":["Orrery","Busted Crown"],"picked":"Cursed Key"},{"not_picked":["Snecko Eye","Runic Dome"],"picked":"Runic Pyramid"}],"items_purged_floors":[11,14,19,39,45],"is_endless":false,"potions_floor_spawned":[1,3,7,12,16,20,24,27,28,33,38,40,42,46],"ascension_level":0}