{"gold_per_floor":[110,110,110,110,130,156,156,174,221,553,391,406,46,61,61,132,132,148,167,167,93,55,55,66,95,95,95,95,120,133,159,159,231,231,246,246,246,263,273,273,291,291,291,291,35,53,53,63,63,63,63,63,63,97,97],"floor_reached":55,"playtime":4807,"items_purged":["Strike_B"],"score":1258,"play_id":"bced7c89-2d70-4914-89b3-0a9b04d0a46d","local_time":"20190302215413","is_ascension_mode":true,"campfire_choices":[{"data":"Doom and Gloom","floor":7,"key":"SMITH"},{"data":"Darkness","floor":15,"key":"SMITH"},{"data":"Defragment","floor":23,"key":"SMITH"},{"data":"Hologram","floor":27,"key":"SMITH"},{"data":"Dualcast","floor":32,"key":"SMITH"},{"data":"Demon Form","floor":40,"key":"SMITH"},{"floor":42,"key":"RECALL"},{"floor":47,"key":"REST"},{"data":"Coolheaded","floor":49,"key":"SMITH"},{"floor":52,"key":"REST"}],"neow_cost":"NONE","seed_source_timestamp":4975541651967,"circlet_count":0,"master_deck":["AscendersBane","Defend_B","Defend_B","Dualcast+1","Go for the Eyes+1","Skim","Doom and Gloom+1","Ball Lightning","Darkness+1","FTL","Coolheaded+1","Hologram+1","Master of Strategy","Redo+1","Leap+1","Beam Cell+1","Flash of Steel","Seek","Defragment+1","Steam","Gash+1","Thinking Ahead","Disarm+1","Demon Form+1","Cloak And Dagger","Coolheaded","Escape Plan","Anger","Coolheaded+1"],"relics":["Cracked Core","NeowsBlessing","Ancient Tea Set","Blood Vial","Omamori","Old Coin","PrismaticShard","DataDisk","Astrolabe","Question Card","Bottled Tornado","Red Mask","Centennial Puzzle","Sozu","Frozen Egg 2","Ginger"],"potions_floor_usage":[10,10,16,25,31,31,38],"damage_taken":[{"damage":0,"enemies":"Jaw Worm","floor":1,"turns":1},{"damage":0,"enemies":"Small Slimes","floor":5,"turns":1},{"damage":0,"enemies":"3 Sentries","floor":6,"turns":1},{"damage":0,"enemies":"2 Louse","floor":8,"turns":1},{"damage":15,"enemies":"Lagavulin","floor":10,"turns":5},{"damage":3,"enemies":"Blue Slaver","floor":12,"turns":4},{"damage":19,"enemies":"Lots of Slimes","floor":14,"turns":3},{"damage":0,"enemies":"Slime Boss","floor":16,"turns":5},{"damage":0,"enemies":"Spheric Guardian","floor":18,"turns":3},{"damage":7,"enemies":"Shell Parasite","floor":19,"turns":3},{"damage":0,"enemies":"Snake Plant","floor":24,"turns":2},{"damage":10,"enemies":"Book of Stabbing","floor":25,"turns":3},{"damage":0,"enemies":"Masked Bandits","floor":29,"turns":3},{"damage":0,"enemies":"Cultist and Chosen","floor":30,"turns":3},{"damage":21,"enemies":"Slavers","floor":31,"turns":4},{"damage":17,"enemies":"Collector","floor":33,"turns":6},{"damage":1,"enemies":"3 Darklings","floor":35,"turns":3},{"damage":7,"enemies":"Orb Walker","floor":38,"turns":4},{"damage":2,"enemies":"Writhing Mass","floor":39,"turns":6},{"damage":0,"enemies":"Maw","floor":41,"turns":6},{"damage":20,"enemies":"Sphere and 2 Shapes","floor":46,"turns":4},{"damage":5,"enemies":"Spire Growth","floor":48,"turns":5},{"damage":60,"enemies":"Donu and Deca","floor":50,"turns":9},{"damage":22,"enemies":"Shield and Spear","floor":54,"turns":8},{"damage":76,"enemies":"The Heart","floor":55,"turns":5}],"seed_played":"7761442741080537191","potions_obtained":[{"floor":5,"key":"Regen Potion"},{"floor":10,"key":"Fruit Juice"},{"floor":12,"key":"GamblersBrew"},{"floor":16,"key":"SteroidPotion"},{"floor":19,"key":"LiquidBronze"},{"floor":30,"key":"Regen Potion"},{"floor":33,"key":"AttackPotion"}],"is_trial":false,"path_per_floor":["M","?","?","?","M","E","R","M","T","E","$","M","$","M","R","B",null,"M","M","?","$","$","R","M","E","T","R","?","?","M","E","R","B",null,"M","?","?","M","M","R","M","R","T","?","$","M","R","M","R","B",null,"R","$","E","B"],"character_chosen":"DEFECT","items_purchased":["FTL","SteroidPotion","PrismaticShard","DataDisk","Seek","Defragment","Frozen Egg 2"],"campfire_rested":2,"item_purchase_floors":[11,11,13,13,21,22,45],"current_hp_per_floor":[64,64,52,45,45,45,45,47,47,53,53,52,52,35,35,37,66,68,63,63,63,63,63,65,57,57,57,57,59,61,54,54,39,67,68,68,68,63,63,63,65,65,65,65,65,47,69,66,66,8,59,76,76,54,0],"gold":97,"neow_bonus":"THREE_ENEMY_KILL","is_prod":false,"is_daily":false,"chose_seed":false,"campfire_upgraded":7,"win_rate":0,"timestamp":1551581653,"path_taken":["M","?","?","?","?","E","R","M","T","E","$","M","?","M","R","BOSS","M","M","?","?","$","R","M","E","T","R","?","?","M","E","R","BOSS","M","?","?","?","M","R","M","R","T","?","$","M","R","M","R","BOSS","R","$","E","BOSS"],"build_version":"2019-01-23","purchased_purges":1,"victory":false,"max_hp_per_floor":[71,71,71,71,71,71,71,71,71,76,76,76,76,76,76,76,76,76,76,76,76,76,76,76,76,76,76,76,76,76,76,76,76,76,76,76,76,76,76,76,76,76,76,76,76,76,76,76,76,76,76,76,76,76,76],"card_choices":[{"not_picked":["Sweeping Beam","Stack"],"picked":"Go for the Eyes","floor":1},{"not_picked":["White Noise","Steam"],"picked":"Skim","floor":5},{"not_picked":["Compile Driver","Rainbow"],"picked":"Doom and Gloom","floor":6},{"not_picked":["Rebound","Force Field"],"picked":"Ball Lightning","floor":8},{"not_picked":["Streamline","Force Field"],"picked":"Darkness","floor":10},{"not_picked":["FTL","Reprogram"],"picked":"Coolheaded","floor":12},{"not_picked":["Mayhem","Ball Lightning"],"picked":"Hologram","floor":14},{"not_picked":["Bludgeon","Storm of Steel"],"picked":"Master of Strategy","floor":16},{"not_picked":["Recycle","Thunderclap"],"picked":"Flash of Steel","floor":18},{"not_picked":["Dropkick","Dual Wield","Clash"],"picked":"SKIP","floor":19},{"not_picked":["Clash+1","Clothesline","Doom and Gloom"],"picked":"SKIP","floor":24},{"not_picked":["Concentrate","Slice"],"picked":"Steam","floor":25},{"not_picked":["Carnage","Prepared","Setup"],"picked":"Gash+1","floor":29},{"not_picked":["Pummel","Wild Strike","Bane"],"picked":"Thinking Ahead","floor":30},{"not_picked":["Force Field","Cold Snap","Coolheaded"],"picked":"Disarm+1","floor":31},{"not_picked":["Brutality","Berserk","Biased Cognition"],"picked":"Demon Form","floor":33},{"not_picked":["Headbutt","Barrage","Compile Driver"],"picked":"Cloak And Dagger","floor":35},{"not_picked":["Dropkick+1","Uppercut","Warcry"],"picked":"Coolheaded","floor":38},{"not_picked":["Gash+1","Static Discharge","Riddle With Holes+1","Jack Of All Trades"],"picked":"SKIP","floor":39},{"not_picked":["Backflip","Hologram","Bane"],"picked":"Escape Plan","floor":41},{"not_picked":["Secret Weapon","Deadly Poison","Perfected Strike","Clash"],"picked":"SKIP","floor":46},{"not_picked":["Prepared","Sucker Punch","Barrage"],"picked":"Anger","floor":48},{"not_picked":["Leap+1","Seeing Red","Redo+1"],"picked":"Coolheaded+1","floor":54}],"player_experience":776359,"relics_obtained":[{"floor":6,"key":"Blood Vial"},{"floor":9,"key":"Omamori"},{"floor":10,"key":"Old Coin"},{"floor":25,"key":"Question Card"},{"floor":26,"key":"Bottled Tornado"},{"floor":29,"key":"Red Mask"},{"floor":31,"key":"Centennial Puzzle"},{"floor":54,"key":"Ginger"}],"event_choices":[{"damage_healed":0,"gold_gain":0,"player_choice":"Grow","damage_taken":0,"max_hp_gain":0,"max_hp_loss":0,"event_name":"Living Wall","floor":2,"gold_loss":0,"cards_upgraded":["Go for the Eyes"]},{"damage_healed":0,"gold_gain":0,"player_choice":"Success","damage_taken":12,"relics_obtained":["Ancient Tea Set"],"max_hp_gain":0,"max_hp_loss":0,"event_name":"Scrap Ooze","floor":3,"gold_loss":0},{"cards_removed":["Strike_B"],"damage_healed":0,"gold_gain":0,"player_choice":"Card Removal","damage_taken":7,"max_hp_gain":0,"max_hp_loss":0,"event_name":"Golden Wing","floor":4,"gold_loss":0},{"damage_healed":0,"gold_gain":0,"player_choice":"Bought 0 Potions","damage_taken":0,"max_hp_gain":0,"max_hp_loss":0,"event_name":"The Woman in Blue","floor":20,"gold_loss":0},{"cards_removed":["Defend_B"],"damage_healed":0,"gold_gain":0,"player_choice":"Elegance","damage_taken":0,"max_hp_gain":0,"max_hp_loss":0,"event_name":"Back to Basics","floor":28,"gold_loss":0},{"damage_healed":0,"gold_gain":0,"player_choice":"Fought Bandits","damage_taken":0,"max_hp_gain":0,"max_hp_loss":0,"event_name":"Masked Bandits","floor":29,"gold_loss":0},{"damage_healed":0,"gold_gain":0,"player_choice":"Ignored","damage_taken":0,"max_hp_gain":0,"max_hp_loss":0,"event_name":"Mysterious Sphere","floor":36,"gold_loss":0},{"cards_removed":["Zap"],"damage_healed":0,"gold_gain":0,"player_choice":"Purged","damage_taken":0,"max_hp_gain":0,"max_hp_loss":0,"event_name":"Purifier","floor":37,"gold_loss":0},{"damage_healed":0,"gold_gain":0,"player_choice":"Ignored","damage_taken":0,"max_hp_gain":0,"max_hp_loss":0,"event_name":"Transmorgrifier","floor":44,"gold_loss":0}],"is_beta":false,"boss_relics":[{"not_picked":["White Beast Statue","Black Star"],"picked":"Astrolabe"},{"not_picked":["Empty Cage","Nuclear Battery"],"picked":"Sozu"}],"items_purged_floors":[11],"is_endless":false,"potions_floor_spawned":[5,10,12,16,19,24,30,33,35,38,48],"killed_by":"The Heart","ascension_level":14}