{"path_per_floor":["M","$","?","?","M","E","M","R","T","R","$","?","R","M","R","B",null,"M","?","?","?","?","R","M","R","T","M","M"],"character_chosen":"DEFECT","items_purchased":["Doom and Gloom","DataDisk"],"gold_per_floor":[115,44,44,44,63,98,114,114,165,165,17,78,78,98,98,200,200,212,212,212,212,212,212,231,231,255,274,288,288],"floor_reached":29,"campfire_rested":2,"playtime":1122,"current_hp_per_floor":[75,75,75,75,75,65,57,57,57,57,57,25,47,47,47,41,75,59,59,59,59,43,43,23,45,45,21,2,0],"items_purged":[],"gold":288,"score":243,"play_id":"e0e880a8-3579-4183-8868-08d06f63466f","local_time":"20180515235121","is_prod":false,"is_daily":false,"chose_seed":false,"is_ascension_mode":true,"campfire_upgraded":4,"timestamp":1526442681,"path_taken":["M","$","?","?","M","E","M","R","T","R","$","?","R","M","R","BOSS","M","?","?","?","?","R","M","R","T","M","M","M"],"build_version":"2018-05-14v2","seed_source_timestamp":584843964353989,"purchased_purges":0,"victory":false,"master_deck":["Strike_B","Defend_B","Defend_B","Defend_B","Defend_B","Zap","Dualcast","Capacitor","Doom and Gloom","Electrodynamics+1","Loop+1","Darkness+1","Undo","Go for the Eyes+1","Double Energy","Auto Shields","Fusion+1","Axe Kick","Ball Lightning+1","Sunder+1","Skim","Skim+1"],"max_hp_per_floor":[75,75,75,75,75,75,75,75,75,75,75,75,75,75,75,75,75,75,75,75,75,75,75,75,75,75,75,75,75],"relics":["Cracked Core","Art of War","Dream Catcher","DataDisk","Du-Vu Doll","Black Star","Nilry\u0027s Codex","Pen Nib"],"card_choices":[{"not_picked":["Rebound","Lockon"],"picked":"Capacitor","floor":1},{"not_picked":["Ball Lightning","Doom and Gloom"],"picked":"Loop","floor":5},{"not_picked":["Sweeping Beam","Ball Lightning"],"picked":"Darkness","floor":6},{"not_picked":["Loop","Steam"],"picked":"Undo","floor":7},{"not_picked":["Barrage","Double Energy"],"picked":"Go for the Eyes","floor":12},{"not_picked":["Capacitor","Barrage"],"picked":"Double Energy","floor":13},{"not_picked":["Force Field","Skim"],"picked":"Auto Shields","floor":14},{"not_picked":["Hyperbeam","Biased Cognition"],"picked":"Fusion","floor":16},{"not_picked":["Chaos","Rebound+1"],"picked":"Axe Kick","floor":18},{"not_picked":["Beam Cell+1","Auto Shields"],"picked":"Ball Lightning+1","floor":24},{"not_picked":["Hello World+1","Recycle"],"picked":"Sunder+1","floor":25},{"not_picked":["Doom and Gloom","Gash+1"],"picked":"Skim","floor":27},{"not_picked":["Turbo","Lockon"],"picked":"Skim+1","floor":28}],"player_experience":168509,"potions_floor_usage":[6,6,6,14,28],"damage_taken":[{"damage":0,"enemies":"2 Louse","floor":1,"turns":4},{"damage":0,"enemies":"Cultist","floor":5,"turns":4},{"damage":10,"enemies":"3 Sentries","floor":6,"turns":6},{"damage":8,"enemies":"Small Slimes","floor":7,"turns":3},{"damage":32,"enemies":"Gremlin Nob","floor":12,"turns":5},{"damage":0,"enemies":"Looter","floor":14,"turns":3},{"damage":6,"enemies":"The Guardian","floor":16,"turns":9},{"damage":16,"enemies":"Chosen","floor":18,"turns":4},{"damage":20,"enemies":"Shell Parasite","floor":24,"turns":6},{"damage":24,"enemies":"Centurion and Healer","floor":27,"turns":5},{"damage":19,"enemies":"Cultist and Chosen","floor":28,"turns":3},{"damage":3,"enemies":"Snake Plant","floor":29,"turns":1}],"relics_obtained":[{"floor":6,"key":"Art of War"},{"floor":9,"key":"Dream Catcher"},{"floor":12,"key":"Du-Vu Doll"},{"floor":22,"key":"Nilry\u0027s Codex"},{"floor":26,"key":"Pen Nib"}],"event_choices":[{"event_name":"Transmorgrifier","player_choice":"Transform","floor":3,"damage_taken":0},{"event_name":"The Lab","player_choice":"Got Potions","floor":4,"damage_taken":0},{"event_name":"Dead Adventurer","player_choice":"Searched \u00271\u0027 times","floor":12,"damage_taken":0},{"event_name":"Accursed Blacksmith","player_choice":"Forge","floor":19,"damage_taken":0},{"event_name":"Bonfire Elementals","player_choice":"BASIC","floor":20,"damage_taken":0},{"event_name":"Ghosts","player_choice":"Ignored","floor":21,"damage_taken":0},{"event_name":"Cursed Tome","player_choice":"Obtained Book","floor":22,"damage_taken":0}],"boss_relics":[{"not_picked":["White Beast Statue","Snecko Eye"],"picked":"Black Star"}],"potions_floor_spawned":[5,12,27,28],"seed_played":"3055389637448246064","killed_by":"Snake Plant","ascension_level":2,"potions_obtained":[{"floor":4,"key":"Strength Potion"},{"floor":4,"key":"Energy Potion"},{"floor":4,"key":"Block Potion"},{"floor":5,"key":"Swift Potion"},{"floor":12,"key":"Block Potion"},{"floor":27,"key":"Weak Potion"},{"floor":28,"key":"Strength Potion"}],"is_trial":false}