{"path_per_floor":["M","M","M","M","?","R","M","M","T","E","M","M","R","M","R","B",null,"M","M","M","$","M","R","E","R","T","E","?","R","M","?","R","B",null,"M","?","?","M","$","R","E","R","T","R","M","$","M","?","R","B"],"character_chosen":"IRONCLAD","items_purchased":["Mummified Hand","Metallicize","Thread and Needle","Dexterity Potion"],"gold_per_floor":[219,230,250,267,267,267,286,297,327,356,373,391,391,408,408,509,509,529,543,561,186,202,202,231,231,282,315,315,315,326,326,326,422,422,435,435,435,452,3,3,33,33,33,33,45,45,56,56,56,56],"floor_reached":51,"campfire_rested":1,"playtime":4795,"current_hp_per_floor":[80,72,77,72,72,72,78,71,71,70,70,74,74,61,61,32,80,80,70,67,67,74,74,52,52,52,54,54,54,36,21,46,15,68,63,53,53,58,58,58,40,40,40,40,41,41,36,67,67,51],"items_purged":["Strike_R","Strike_R"],"gold":56,"play_id":"d29690be-416d-42a6-a1f8-dd538007777d","is_prod":false,"is_daily":false,"is_ascension_mode":false,"campfire_upgraded":10,"path_taken":["M","M","M","M","?","R","M","M","T","E","M","M","R","M","R","BOSS","M","M","M","$","M","R","E","R","T","E","?","R","M","?","R","BOSS","M","?","?","?","?","R","E","R","T","R","M","$","?","?","R","BOSS"],"build_version":"2018-01-25-PROD3","purchased_purges":2,"victory":true,"master_deck":["Strike_R","Strike_R","Strike_R","Defend_R+1","Defend_R","Defend_R","Defend_R","Bash","Sever Soul","Thunderclap","Whirlwind+1","Spot Weakness","Demon Form+1","Pommel Strike+1","Shrug It Off+1","Whirlwind+1","Shrug It Off+1","Bludgeon+1","Metallicize+1","Shockwave","Injury","Writhe","Flame Barrier+1","Feed","Madness+1","Madness","Rupture","Warcry+1","Doubt","Fire Breathing+1"],"max_hp_per_floor":[80,80,80,80,80,80,80,80,80,80,80,80,80,80,80,80,80,80,80,80,80,80,80,80,80,80,80,80,80,80,85,85,85,68,68,68,68,68,68,68,71,71,71,71,74,74,77,67,67,70],"relics":["Burning Blood","Tiny Chest","Blue Candle","Cursed Key","Mummified Hand","Bag of Preparation","Bronze Scales","Mercury Hourglass","Orichalcum","Runic Cube","Thread and Needle","Unceasing Top","Pantograph"],"card_choices":[{"not_picked":["Wild Strike","Heavy Blade"],"picked":"Sever Soul"},{"not_picked":["Anger","Perfected Strike"],"picked":"Thunderclap"},{"not_picked":["Flex","Havoc"],"picked":"Whirlwind"},{"not_picked":["Sever Soul","Burning Pact"],"picked":"Spot Weakness"},{"not_picked":["Burning Pact","Havoc"],"picked":"Demon Form"},{"not_picked":["Iron Wave","Body Slam"],"picked":"Pommel Strike"},{"not_picked":["Anger","Heavy Blade"],"picked":"Shrug It Off"},{"not_picked":["Headbutt","Corruption"],"picked":"Whirlwind"},{"not_picked":["Double Tap","Combust"],"picked":"Shrug It Off"},{"not_picked":["Double Tap","Immolate"],"picked":"Bludgeon"},{"not_picked":["Sword Boomerang","Power Through"],"picked":"Shockwave"},{"not_picked":["Second Wind","Fire Breathing"],"picked":"Flame Barrier"},{"not_picked":["Berserk","Brutality"],"picked":"Feed"},{"not_picked":["Rampage","Armaments"],"picked":"Rupture"},{"not_picked":["Perfected Strike","Body Slam"],"picked":"Warcry"},{"not_picked":["Warcry","Blood for Blood"],"picked":"Fire Breathing"}],"player_experience":321961,"potions_floor_usage":[10,10,11,22,24,27,33,38,41,45,50],"damage_taken":[{"damage":2,"enemies":"Small Slimes","floor":1,"turns":4},{"damage":14,"enemies":"Blue Slaver","floor":2,"turns":4},{"damage":1,"enemies":"Cultist","floor":3,"turns":3},{"damage":11,"enemies":"Exordium Wildlife","floor":4,"turns":4},{"damage":0,"enemies":"Large Slime","floor":7,"turns":3},{"damage":13,"enemies":"3 Louse","floor":8,"turns":2},{"damage":7,"enemies":"Lagavulin","floor":10,"turns":7},{"damage":6,"enemies":"2 Fungi Beasts","floor":11,"turns":3},{"damage":2,"enemies":"Looter","floor":12,"turns":3},{"damage":19,"enemies":"Large Slime","floor":14,"turns":4},{"damage":35,"enemies":"Slime Boss","floor":16,"turns":7},{"damage":5,"enemies":"3 Byrds","floor":18,"turns":4},{"damage":16,"enemies":"Shell Parasite","floor":19,"turns":5},{"damage":9,"enemies":"3 Cultists","floor":20,"turns":4},{"damage":8,"enemies":"Sentry and Sphere","floor":22,"turns":4},{"damage":28,"enemies":"Gremlin Leader","floor":24,"turns":5},{"damage":4,"enemies":"Book of Stabbing","floor":27,"turns":5},{"damage":24,"enemies":"Snake Plant","floor":30,"turns":3},{"damage":52,"enemies":"Automaton","floor":33,"turns":7},{"damage":11,"enemies":"3 Darklings","floor":35,"turns":2},{"damage":1,"enemies":"Orb Walker","floor":38,"turns":3},{"damage":27,"enemies":"2 Orb Walkers","floor":41,"turns":5},{"damage":23,"enemies":"Sphere and 2 Shapes","floor":45,"turns":6},{"damage":14,"enemies":"Maw","floor":47,"turns":8},{"damage":25,"enemies":"Awakened One","floor":50,"turns":13}],"event_choices":[{"event_name":"The Lab","player_choice":"Got Potions","floor":5,"damage_taken":0},{"event_name":"The Mausoleum","player_choice":"Yes","floor":28,"damage_taken":0},{"event_name":"Forgotten Altar","player_choice":"Shed Blood","floor":31,"damage_taken":0},{"event_name":"Winding Halls","player_choice":"Embrace Madness","floor":36,"damage_taken":0},{"event_name":"Tomb of Lord Red Mask","player_choice":"Ignored","floor":37,"damage_taken":0},{"event_name":"The Moai Head","player_choice":"Heal","floor":48,"damage_taken":0}],"boss_relics":[{"not_picked":["Ectoplasm","Tiny House"],"picked":"Cursed Key"},{"not_picked":["Eternal Feather","Calling Bell"],"picked":"Runic Cube"}],"potions_floor_spawned":[1,3,10,11,16,18,24,27,30,35,38],"seed_played":"-935914683295218042","ascension_level":0,"is_trial":false}