{"gold_per_floor":[112,132,97,97,109,137,153,153,179,179,179,199,219,235,235,337,337,351,351,367,380,33,33,43,58,58,74,74,104,104,138,138,233,263,282,333,333,333,349,349,364,364,388,406,60,70,70,100,100,100],"floor_reached":51,"playtime":6292,"items_purged":[],"score":796,"play_id":"2e1e6fc1-7ded-4c73-8f79-86616dd6cc1a","local_time":"20180710065206","is_ascension_mode":false,"campfire_choices":[{"data":"Noxious Fumes","floor":8,"key":"SMITH"},{"data":"Deadly Poison","floor":11,"key":"SMITH"},{"data":"Deadly Poison","floor":15,"key":"SMITH"},{"floor":23,"key":"REST"},{"data":"Burst","floor":28,"key":"SMITH"},{"floor":30,"key":"REST"},{"data":"PiercingWail","floor":32,"key":"SMITH"},{"data":"Venomology","floor":40,"key":"SMITH"},{"data":"Adrenaline","floor":42,"key":"SMITH"},{"data":"Sadistic Nature","floor":49,"key":"SMITH"}],"neow_cost":"NONE","seed_source_timestamp":240980663670193,"circlet_count":0,"master_deck":["Defend_G","Defend_G","Defend_G","Defend_G","Defend_G","Strike_G+1","Strike_G","Strike_G","Strike_G+1","Strike_G","Survivor","Neutralize+1","Deflect","Poisoned Stab","Noxious Fumes+1","Deadly Poison+1","Deadly Poison+1","Deflect","PiercingWail+1","Deflect","Venomology+1","Dash","Deflect","Deflect+1","Flying Knee","Burst+1","Blur","Venomology","Deadly Poison+1","Adrenaline+1","Blur","PiercingWail+1","Dodge and Roll+1","Poisoned Stab+1","Bane+1","Sadistic Nature+1","Footwork","Blur+1","PiercingWail"],"relics":["Ring of the Snake","NeowsBlessing","Regal Pillow","Bag of Marbles","Gremlin Horn","Lizard Tail","Nilry\u0027s Codex","Snake Skull","TwistedFunnel","Thread and Needle","Omamori","Dodecahedron","Tiny House","Sundial","Whetstone","Shuriken","Meat on the Bone"],"potions_floor_usage":[16,16,18,20,21,21,24,25,27,27,29,31,31,33,33,33,39,39,44,44,48,48,50,50,50,50,50,50,50],"damage_taken":[{"damage":0,"enemies":"Cultist","floor":1,"turns":1},{"damage":0,"enemies":"Small Slimes","floor":2,"turns":1},{"damage":0,"enemies":"2 Louse","floor":5,"turns":1},{"damage":15,"enemies":"3 Sentries","floor":6,"turns":10},{"damage":14,"enemies":"Exordium Thugs","floor":7,"turns":5},{"damage":2,"enemies":"Blue Slaver","floor":12,"turns":4},{"damage":1,"enemies":"Looter","floor":13,"turns":3},{"damage":0,"enemies":"Large Slime","floor":14,"turns":5},{"damage":6,"enemies":"Hexaghost","floor":16,"turns":8},{"damage":5,"enemies":"Spheric Guardian","floor":18,"turns":5},{"damage":5,"enemies":"Chosen","floor":20,"turns":6},{"damage":35,"enemies":"Slaver and Parasite","floor":21,"turns":8},{"damage":10,"enemies":"Snake Plant","floor":24,"turns":4},{"damage":0,"enemies":"Cultist and Chosen","floor":25,"turns":6},{"damage":0,"enemies":"Sentry and Sphere","floor":27,"turns":4},{"damage":0,"enemies":"Gremlin Leader","floor":29,"turns":7},{"damage":3,"enemies":"Slavers","floor":31,"turns":5},{"damage":29,"enemies":"Collector","floor":33,"turns":11},{"damage":7,"enemies":"3 Darklings","floor":35,"turns":4},{"damage":5,"floor":36,"turns":5},{"damage":0,"enemies":"3 Shapes","floor":39,"turns":3},{"damage":0,"enemies":"Maw","floor":41,"turns":6},{"damage":1,"enemies":"4 Shapes","floor":44,"turns":5},{"damage":0,"enemies":"Sphere and 2 Shapes","floor":46,"turns":3},{"damage":0,"enemies":"Giant Head","floor":48,"turns":10},{"damage":54,"enemies":"Donu and Deca","floor":50,"turns":11}],"seed_played":"9015754099040067851","potions_obtained":[{"floor":2,"key":"Dexterity Potion"},{"floor":5,"key":"Weak Potion"},{"floor":12,"key":"EssenceOfSteel"},{"floor":14,"key":"Block Potion"},{"floor":18,"key":"Block Potion"},{"floor":20,"key":"Swift Potion"},{"floor":21,"key":"GhostInAJar"},{"floor":34,"key":"LiquidBronze"},{"floor":36,"key":"Explosive Potion"},{"floor":38,"key":"SpeedPotion"},{"floor":44,"key":"Swift Potion"}],"is_trial":false,"path_per_floor":["M","M","$","?","M","E","M","R","T","T","R","M","M","M","R","B",null,"M","?","M","M","$","R","M","M","T","M","R","E","R","E","R","B",null,"M","?","?","?","M","R","M","R","T","M","$","M","T","E","R","B"],"character_chosen":"THE_SILENT","items_purchased":["Noxious Fumes","Snake Skull","TwistedFunnel","Regen Potion","Sadistic Nature","Footwork"],"campfire_rested":2,"item_purchase_floors":[3,22,22,45,45,45],"current_hp_per_floor":[70,70,70,75,75,60,46,46,46,46,46,44,43,43,43,37,75,70,54,49,14,14,51,41,41,41,41,41,41,75,72,72,43,80,73,68,68,68,68,68,68,68,68,67,67,67,67,80,80,47],"gold":100,"neow_bonus":"THREE_ENEMY_KILL","is_prod":false,"is_daily":false,"chose_seed":false,"campfire_upgraded":8,"win_rate":0.0,"timestamp":1531194726,"path_taken":["M","?","?","?","M","E","M","R","T","?","R","M","M","M","R","BOSS","M","?","M","M","$","R","?","?","T","M","R","E","R","E","R","BOSS","M","?","?","?","M","R","?","R","T","M","?","M","?","E","R","BOSS"],"build_version":"2018-07-05","purchased_purges":0,"victory":true,"max_hp_per_floor":[70,70,70,75,75,75,75,75,75,75,75,75,75,75,75,75,75,75,75,75,75,75,75,75,75,75,75,75,75,75,75,75,75,80,80,80,80,80,80,80,80,80,80,80,80,80,80,80,80,80],"card_choices":[{"not_picked":["Dodge and Roll","Backflip"],"picked":"Deflect","floor":1},{"not_picked":["Acrobatics","Expertise"],"picked":"Poisoned Stab","floor":2},{"not_picked":["Acrobatics","Footwork"],"picked":"Deadly Poison","floor":5},{"not_picked":["Flechettes","Heel Hook","Blade Dance"],"picked":"SKIP","floor":6},{"not_picked":["Backstab","Reflex"],"picked":"Deadly Poison","floor":7},{"not_picked":["Prepared","Flying Knee"],"picked":"Deflect","floor":12},{"not_picked":["Acrobatics","Doppelganger"],"picked":"PiercingWail","floor":13},{"not_picked":["Dagger Spray","Underhanded Strike"],"picked":"Deflect","floor":14},{"not_picked":["Glass Knife","After Image"],"picked":"Venomology","floor":16},{"not_picked":["Quick Slash","Deflect"],"picked":"Dash","floor":18},{"not_picked":["Slice+1","Endless Agony+1"],"picked":"Deflect","floor":20},{"not_picked":["Prepared","Underhanded Strike"],"picked":"Deflect+1","floor":21},{"not_picked":["Skewer","Deflect"],"picked":"Flying Knee","floor":24},{"not_picked":["Outmaneuver","Backflip"],"picked":"Burst","floor":25},{"not_picked":["Distraction+1","Dodge and Roll"],"picked":"Blur","floor":27},{"not_picked":["Acrobatics","Backflip"],"picked":"Venomology","floor":29},{"not_picked":["Caltrops","Deflect+1"],"picked":"Deadly Poison+1","floor":31},{"not_picked":["Envenom","Glass Knife"],"picked":"Adrenaline","floor":33},{"not_picked":["Expertise+1","Acrobatics+1"],"picked":"Blur","floor":34},{"not_picked":["Backflip","Dodge and Roll+1"],"picked":"PiercingWail+1","floor":35},{"not_picked":["Distraction+1","Backflip"],"picked":"Prepared+1","floor":36},{"not_picked":["Outmaneuver","Bane"],"picked":"Dodge and Roll+1","floor":39},{"not_picked":["Flying Knee+1","Underhanded Strike+1"],"picked":"Poisoned Stab+1","floor":41},{"not_picked":["Dash","Phantasmal Killer"],"picked":"Bane+1","floor":44},{"not_picked":["Riddle With Holes+1","Outmaneuver"],"picked":"Blur+1","floor":46},{"not_picked":["Blade Dance","Flying Knee+1"],"picked":"PiercingWail","floor":48}],"player_experience":59555,"relics_obtained":[{"floor":6,"key":"Regal Pillow"},{"floor":9,"key":"Bag of Marbles"},{"floor":10,"key":"Gremlin Horn"},{"floor":19,"key":"Nilry\u0027s Codex"},{"floor":26,"key":"Thread and Needle"},{"floor":29,"key":"Omamori"},{"floor":31,"key":"Dodecahedron"},{"floor":36,"key":"Sundial"},{"floor":43,"key":"Whetstone"},{"floor":47,"key":"Shuriken"},{"floor":48,"key":"Meat on the Bone"}],"event_choices":[{"event_name":"Big Fish","player_choice":"Donut","floor":4,"damage_taken":0},{"event_name":"Cursed Tome","player_choice":"Obtained Book","floor":19,"damage_taken":0},{"event_name":"Mysterious Sphere","player_choice":"Fight","floor":36,"damage_taken":0},{"event_name":"Falling","player_choice":"Removed Skill","floor":37,"damage_taken":0},{"event_name":"The Lab","player_choice":"Got Potions","floor":38,"damage_taken":0}],"boss_relics":[{"not_picked":["Orrery","White Beast Statue"],"picked":"Lizard Tail"},{"not_picked":["Astrolabe","Snecko Eye"],"picked":"Tiny House"}],"items_purged_floors":[],"is_endless":false,"potions_floor_spawned":[2,5,12,14,18,20,21,25,36,44],"ascension_level":0}