{"gold_per_floor":[116,116,133,83,102,102,102,102,129,159,177,188,188,214,214,214],"floor_reached":16,"playtime":417,"items_purged":[],"score":155,"play_id":"14c4e045-f5a6-40a3-a284-c380d39b93e0","local_time":"20180916235221","is_ascension_mode":true,"campfire_choices":[{"data":"Whirlwind","floor":6,"key":"SMITH"},{"data":"Bash","floor":8,"key":"SMITH"},{"data":"Dark Embrace","floor":13,"key":"SMITH"},{"data":"Sword Boomerang","floor":15,"key":"SMITH"}],"neow_cost":"","seed_source_timestamp":610880000326716,"circlet_count":0,"master_deck":["Strike_R","Strike_R+1","Strike_R+1","Strike_R","Defend_R","Defend_R","Defend_R","Defend_R","Bash+1","AscendersBane","Heavy Blade","Whirlwind+1","Pommel Strike","Dark Embrace+1","Sword Boomerang+1"],"relics":["Burning Blood","Dodecahedron","Red Skull","Tiny Chest","Orichalcum"],"potions_floor_usage":[14],"damage_taken":[{"damage":6,"enemies":"Cultist","floor":1,"turns":3},{"damage":10,"enemies":"Small Slimes","floor":3,"turns":3},{"damage":0,"enemies":"2 Louse","floor":5,"turns":3},{"damage":12,"enemies":"Looter","floor":11,"turns":4},{"damage":12,"enemies":"Exordium Wildlife","floor":12,"turns":2},{"damage":20,"enemies":"Gremlin Nob","floor":14,"turns":4},{"damage":32,"enemies":"The Guardian","floor":16,"turns":4}],"seed_played":"2711386680300859562","potions_obtained":[{"floor":12,"key":"Block Potion"}],"is_trial":false,"path_per_floor":["M","?","M","?","M","R","T","R","T","?","M","M","R","E","R"],"character_chosen":"IRONCLAD","items_purchased":[],"campfire_rested":0,"item_purchase_floors":[],"current_hp_per_floor":[72,56,52,52,58,58,58,58,58,58,52,46,46,32,32,0],"gold":214,"neow_bonus":"","is_prod":false,"is_daily":false,"chose_seed":false,"campfire_upgraded":4,"win_rate":0,"timestamp":1537156341,"path_taken":["M","?","M","?","M","R","?","R","T","?","M","M","R","E","R","BOSS"],"build_version":"2018-09-06","purchased_purges":0,"victory":false,"max_hp_per_floor":[80,80,80,80,80,80,80,80,80,80,80,80,80,80,80,80],"card_choices":[{"not_picked":["Sword Boomerang","Wild Strike"],"picked":"Heavy Blade","floor":1},{"not_picked":["Carnage","Armaments","Sword Boomerang"],"picked":"SKIP","floor":3},{"not_picked":["Uppercut","Cleave"],"picked":"Whirlwind","floor":5},{"not_picked":["Rupture","Warcry"],"picked":"Pommel Strike","floor":11},{"not_picked":["Havoc","Wild Strike"],"picked":"Dark Embrace","floor":12},{"not_picked":["Second Wind","Twin Strike"],"picked":"Sword Boomerang","floor":14}],"player_experience":555935,"relics_obtained":[{"floor":7,"key":"Dodecahedron"},{"floor":9,"key":"Red Skull"},{"floor":10,"key":"Tiny Chest"},{"floor":14,"key":"Orichalcum"}],"event_choices":[{"event_name":"Shining Light","player_choice":"Entered Light","floor":2,"damage_taken":0},{"event_name":"The Cleric","player_choice":"Card Removal","floor":4,"damage_taken":0},{"event_name":"Wheel of Change","player_choice":"Relic","floor":10,"damage_taken":0}],"is_beta":false,"boss_relics":[],"items_purged_floors":[],"is_endless":false,"potions_floor_spawned":[12],"killed_by":"The Guardian","ascension_level":11}