{"gold_per_floor":[119,72,91,106,168,196,196,224,293,293,313,345,364,398,398,493,493,513,525,525,540,314,339,339,371,371,114,141,153,179,195,195,299,599,616,628,728,743,743,743,768,768,768,793,806,806,455,474,474,474],"floor_reached":50,"playtime":3597,"items_purged":["Defend_R","Regret"],"score":1029,"play_id":"a271c476-30e0-42b7-87e5-560bfc372f10","local_time":"20190218181641","is_ascension_mode":true,"campfire_choices":[{"data":"Perfected Strike","floor":7,"key":"SMITH"},{"data":"Perfected Strike","floor":15,"key":"SMITH"},{"data":"Perfected Strike","floor":32,"key":"SMITH"},{"data":"Double Tap","floor":40,"key":"SMITH"},{"floor":42,"key":"REST"},{"data":"Perfected Strike","floor":49,"key":"SMITH"}],"neow_cost":"NONE","seed_source_timestamp":277442091915798,"circlet_count":0,"master_deck":["Strike_R","Strike_R","Strike_R","Strike_R","Strike_R","Defend_R","Defend_R","Bash","Perfected Strike+1","Shrug It Off","True Grit","Wild Strike","Disarm","Perfected Strike+1","Dark Embrace","Perfected Strike+1","Double Tap+1","Perfected Strike+1","Reckless Charge","Twin Strike+1","Decay","Immolate","Pommel Strike+1","Wild Strike","Perfected Strike","Regret","Perfected Strike","Havoc+1","Havoc+1","Normality","Reaper","Writhe","Corruption+1","Bandage Up","Bandage Up","Madness","Master of Strategy","Pommel Strike"],"relics":["Burning Blood","WingedGreaves","Orichalcum","Meat on the Bone","Potion Belt","Centennial Puzzle","Ancient Tea Set","Cursed Key","Darkstone Periapt","Self Forming Clay","Juzu Bracelet","Letter Opener","Omamori","Shuriken","Calling Bell","PreservedInsect","Matryoshka","Old Coin","StoneCalendar","Regal Pillow","The Courier","Blood Vial","Pen Nib","Du-Vu Doll","Kunai"],"potions_floor_usage":[8,25,25],"damage_taken":[{"damage":8,"enemies":"Jaw Worm","floor":1,"turns":7},{"damage":1,"enemies":"Cultist","floor":3,"turns":3},{"damage":5,"enemies":"Small Slimes","floor":4,"turns":4},{"damage":16,"enemies":"Gremlin Nob","floor":6,"turns":3},{"damage":29,"enemies":"Lagavulin","floor":8,"turns":5},{"damage":1,"enemies":"Red Slaver","floor":11,"turns":3},{"damage":12,"enemies":"3 Sentries","floor":12,"turns":6},{"damage":8,"enemies":"3 Louse","floor":13,"turns":4},{"damage":24,"enemies":"Lagavulin","floor":14,"turns":6},{"damage":38,"enemies":"The Guardian","floor":16,"turns":10},{"damage":14,"enemies":"3 Byrds","floor":18,"turns":5},{"damage":8,"enemies":"Shell Parasite","floor":19,"turns":4},{"damage":10,"enemies":"Snecko","floor":21,"turns":3},{"damage":19,"enemies":"Slavers","floor":23,"turns":6},{"damage":41,"enemies":"Gremlin Leader","floor":25,"turns":7},{"damage":15,"enemies":"Slavers","floor":28,"turns":4},{"damage":0,"enemies":"3 Cultists","floor":29,"turns":3},{"damage":29,"enemies":"Book of Stabbing","floor":30,"turns":4},{"damage":27,"enemies":"Shelled Parasite and Fungi","floor":31,"turns":3},{"damage":30,"enemies":"Automaton","floor":33,"turns":6},{"damage":24,"enemies":"3 Shapes","floor":35,"turns":4},{"damage":0,"enemies":"Orb Walker","floor":36,"turns":2},{"damage":42,"enemies":"Mind Bloom Boss Battle","floor":37,"turns":4},{"damage":17,"enemies":"Spire Growth","floor":38,"turns":3},{"damage":43,"enemies":"Giant Head","floor":41,"turns":6},{"damage":50,"enemies":"Nemesis","floor":44,"turns":5},{"damage":9,"enemies":"Jaw Worm Horde","floor":45,"turns":3},{"damage":30,"enemies":"Maw","floor":48,"turns":4},{"damage":84,"enemies":"Time Eater","floor":50,"turns":6}],"seed_played":"1678178378954653107","potions_obtained":[{"floor":1,"key":"Explosive Potion"},{"floor":4,"key":"PowerPotion"},{"floor":11,"key":"SneckoOil"},{"floor":16,"key":"Block Potion"},{"floor":21,"key":"Energy Potion"},{"floor":29,"key":"SteroidPotion"},{"floor":30,"key":"SteroidPotion"},{"floor":35,"key":"LiquidBronze"},{"floor":41,"key":"Weak Potion"}],"is_trial":false,"path_per_floor":["M","$","M","M","?","E","R","E","T","?","M","E","M","E","R","B",null,"M","M","?","M","$","E","T","E","T","$","E","M","E","M","R","B",null,"M","M","?","M","T","R","E","R","T","E","M","?","$","M","R","B"],"character_chosen":"IRONCLAD","items_purchased":["Shrug It Off","Perfected Strike","Reckless Charge","PowerPotion","Immolate","Kunai","Master of Strategy"],"campfire_rested":1,"item_purchase_floors":[2,22,22,22,27,47,47],"current_hp_per_floor":[78,78,83,84,84,74,74,51,51,39,56,62,60,54,54,34,75,67,65,65,61,61,60,66,43,49,49,52,58,47,38,38,26,88,70,76,52,53,59,59,34,82,88,58,87,77,77,66,66,0],"gold":474,"neow_bonus":"TEN_PERCENT_HP_BONUS","is_prod":false,"is_daily":false,"chose_seed":false,"campfire_upgraded":5,"win_rate":0,"timestamp":1550531801,"path_taken":["M","$","M","M","?","E","R","E","T","?","M","E","M","E","R","BOSS","M","M","?","?","$","E","?","E","T","$","E","M","E","M","R","BOSS","M","M","?","M","?","R","E","R","T","E","M","?","$","M","R","BOSS"],"build_version":"2019-01-23","purchased_purges":2,"victory":false,"max_hp_per_floor":[88,88,88,88,88,88,88,88,88,88,88,88,88,88,88,88,88,88,88,88,88,88,88,94,94,100,100,100,100,100,100,100,100,106,106,106,106,106,112,112,112,112,118,118,118,118,118,118,118,118],"card_choices":[{"not_picked":["Fire Breathing","Heavy Blade"],"picked":"Perfected Strike","floor":1},{"not_picked":["Body Slam","Entrench"],"picked":"True Grit","floor":3},{"not_picked":["Clash","Havoc"],"picked":"Wild Strike","floor":4},{"not_picked":["Ghostly Armor","Warcry"],"picked":"Disarm","floor":6},{"not_picked":["Heavy Blade","Armaments"],"picked":"Perfected Strike","floor":8},{"not_picked":["Sword Boomerang","Cleave","Blood for Blood"],"picked":"SKIP","floor":11},{"not_picked":["Cleave","Sword Boomerang","Fiend Fire"],"picked":"SKIP","floor":12},{"not_picked":["Thunderclap","Iron Wave","Heavy Blade"],"picked":"SKIP","floor":13},{"not_picked":["True Grit","Carnage","Clothesline"],"picked":"SKIP","floor":14},{"not_picked":["Barricade","Immolate"],"picked":"Dark Embrace","floor":16},{"not_picked":["Heavy Blade","Sword Boomerang+1"],"picked":"Perfected Strike","floor":18},{"not_picked":["Power Through+1","Combust","True Grit"],"picked":"SKIP","floor":19},{"not_picked":["Intimidate","Burning Pact"],"picked":"Double Tap","floor":21},{"not_picked":["Impervious","Sentinel"],"picked":"Twin Strike+1","floor":23},{"not_picked":["Heavy Blade+1","Juggernaut","Body Slam"],"picked":"SKIP","floor":25},{"not_picked":["Heavy Blade+1","Juggernaut","Body Slam"],"picked":"SKIP","floor":25},{"not_picked":["Dark Embrace","Iron Wave+1","Searing Blow+1"],"picked":"SKIP","floor":28},{"not_picked":["Fire Breathing","Disarm"],"picked":"Pommel Strike+1","floor":29},{"not_picked":["Cleave","Metallicize"],"picked":"Wild Strike","floor":30},{"not_picked":["Second Wind","Bloodletting+1"],"picked":"Perfected Strike","floor":31},{"not_picked":["Feel No Pain+1","Warcry"],"picked":"Perfected Strike","floor":35},{"not_picked":["Blood for Blood+1","Bloodletting+1"],"picked":"Havoc+1","floor":36},{"not_picked":["Anger","Shrug It Off"],"picked":"Havoc+1","floor":38},{"not_picked":["Rupture+1","Clash+1"],"picked":"Reaper","floor":41},{"not_picked":["Uppercut+1","Cleave+1"],"picked":"Corruption+1","floor":44},{"not_picked":["Pummel","Rupture+1","Heavy Blade"],"picked":"SKIP","floor":45},{"not_picked":["Pummel","Rupture+1","Heavy Blade"],"picked":"SKIP","floor":45},{"not_picked":["Impatience","Blind"],"picked":"Bandage Up","floor":46},{"not_picked":["Mind Blast","Flash of Steel"],"picked":"Bandage Up","floor":46},{"not_picked":["HandOfGreed","Finesse"],"picked":"Madness","floor":46},{"not_picked":["Anger","Burning Pact"],"picked":"Pommel Strike","floor":48}],"player_experience":1604935,"relics_obtained":[{"floor":6,"key":"WingedGreaves"},{"floor":8,"key":"Orichalcum"},{"floor":9,"key":"Meat on the Bone"},{"floor":12,"key":"Centennial Puzzle"},{"floor":14,"key":"Ancient Tea Set"},{"floor":23,"key":"Darkstone Periapt"},{"floor":24,"key":"Self Forming Clay"},{"floor":25,"key":"Juzu Bracelet"},{"floor":26,"key":"Letter Opener"},{"floor":28,"key":"Omamori"},{"floor":30,"key":"Shuriken"},{"floor":34,"key":"PreservedInsect"},{"floor":34,"key":"Matryoshka"},{"floor":34,"key":"Old Coin"},{"floor":37,"key":"StoneCalendar"},{"floor":39,"key":"Regal Pillow"},{"floor":39,"key":"The Courier"},{"floor":41,"key":"Blood Vial"},{"floor":43,"key":"Pen Nib"},{"floor":44,"key":"Du-Vu Doll"}],"event_choices":[{"damage_healed":0,"gold_gain":62,"player_choice":"Gained Gold","damage_taken":0,"max_hp_gain":0,"max_hp_loss":0,"event_name":"Golden Wing","floor":5,"gold_loss":0},{"damage_healed":0,"gold_gain":0,"player_choice":"Success","damage_taken":12,"relics_obtained":["Potion Belt"],"max_hp_gain":0,"max_hp_loss":0,"event_name":"Scrap Ooze","floor":10,"gold_loss":0},{"cards_removed":["Defend_R"],"damage_healed":0,"gold_gain":0,"player_choice":"Purged","damage_taken":0,"max_hp_gain":0,"max_hp_loss":0,"event_name":"Purifier","floor":20,"gold_loss":0},{"damage_healed":0,"gold_gain":0,"player_choice":"Fight","damage_taken":0,"max_hp_gain":0,"max_hp_loss":0,"event_name":"MindBloom","floor":37,"gold_loss":0},{"damage_healed":0,"gold_gain":0,"player_choice":"Memory 3","damage_taken":10,"max_hp_gain":0,"max_hp_loss":0,"event_name":"SensoryStone","floor":46,"gold_loss":0}],"is_beta":false,"boss_relics":[{"not_picked":["Runic Pyramid","Busted Crown"],"picked":"Cursed Key"},{"not_picked":["Empty Cage","Sozu"],"picked":"Calling Bell"}],"items_purged_floors":[22,27],"is_endless":false,"potions_floor_spawned":[1,4,11,16,21,29,30,33,35,38,41,48],"killed_by":"Time Eater","ascension_level":8}