{"gold_per_floor":[119,133,144,157,157,187,187,219,244,123,140,153,164,174,174,269,269,288,288,303,403,420,449,449,475,475,495,495,530,540,540,540,637,637,652,668,668,768,95,95,109,139,139,155,167,182,182,197,197,197],"floor_reached":51,"playtime":3710,"items_purged":["Regret","Defend_R"],"score":865,"play_id":"b01c53ce-13dd-46fc-8221-9275ce582b14","local_time":"20181030222257","is_ascension_mode":true,"campfire_choices":[{"floor":7,"key":"REST"},{"floor":15,"key":"REST"},{"data":"Heavy Blade","floor":24,"key":"SMITH"},{"data":"Seeing Red","floor":28,"key":"SMITH"},{"floor":32,"key":"REST"},{"data":"Disarm","floor":40,"key":"SMITH"},{"data":"Heavy Blade","floor":47,"key":"SMITH"},{"data":"Whirlwind","floor":49,"key":"SMITH"}],"neow_cost":"NONE","seed_source_timestamp":984418695974384,"circlet_count":0,"master_deck":["Defend_R","Defend_R","Defend_R","Bash","Uppercut","Armaments","Body Slam","Spot Weakness","Heavy Blade+1","Shrug It Off","Cleave","Iron Wave","Metallicize+1","Demon Form+1","Pommel Strike+1","Bite","Bite","Bite","Bite","Bite","Clothesline","Disarm+1","Seeing Red+1","Whirlwind+1","Battle Trance","Heavy Blade+1"],"relics":["Burning Blood","Frozen Egg 2","Omamori","Regal Pillow","Vajra","Busted Crown","Thread and Needle","Bottled Lightning","Self Forming Clay","Potion Belt","Prayer Wheel","Shovel","Cursed Key","Bird Faced Urn","Ornamental Fan","FossilizedHelix","Meat on the Bone"],"potions_floor_usage":[6,8,16,16,21,22,30,33,42,42,42,50,50,50],"damage_taken":[{"damage":20,"enemies":"Small Slimes","floor":1,"turns":3},{"damage":2,"enemies":"2 Louse","floor":2,"turns":3},{"damage":4,"enemies":"Cultist","floor":3,"turns":3},{"damage":26,"enemies":"Gremlin Gang","floor":4,"turns":5},{"damage":42,"enemies":"Lagavulin","floor":6,"turns":6},{"damage":29,"enemies":"Gremlin Nob","floor":8,"turns":4},{"damage":14,"enemies":"3 Louse","floor":11,"turns":4},{"damage":11,"enemies":"Looter","floor":12,"turns":2},{"damage":4,"enemies":"Large Slime","floor":13,"turns":4},{"damage":4,"enemies":"Blue Slaver","floor":14,"turns":3},{"damage":47,"enemies":"Hexaghost","floor":16,"turns":11},{"damage":30,"enemies":"3 Byrds","floor":18,"turns":5},{"damage":19,"enemies":"Spheric Guardian","floor":20,"turns":4},{"damage":18,"enemies":"Colosseum Slavers","floor":21,"turns":4},{"damage":40,"enemies":"Colosseum Nobs","floor":21,"turns":4},{"damage":0,"enemies":"Centurion and Healer","floor":22,"turns":5},{"damage":16,"enemies":"Gremlin Leader","floor":23,"turns":5},{"damage":11,"enemies":"Book of Stabbing","floor":25,"turns":4},{"damage":14,"enemies":"Sentry and Sphere","floor":27,"turns":4},{"damage":36,"enemies":"Slavers","floor":29,"turns":4},{"damage":4,"enemies":"Snake Plant","floor":30,"turns":5},{"damage":41,"enemies":"Automaton","floor":33,"turns":8},{"damage":12,"enemies":"3 Shapes","floor":35,"turns":3},{"damage":12,"enemies":"Orb Walker","floor":36,"turns":2},{"damage":13,"enemies":"Mind Bloom Boss Battle","floor":38,"turns":6},{"damage":24,"enemies":"4 Shapes","floor":41,"turns":2},{"damage":17,"enemies":"Giant Head","floor":42,"turns":6},{"damage":53,"enemies":"Sphere and 2 Shapes","floor":44,"turns":10},{"damage":11,"enemies":"Spire Growth","floor":45,"turns":5},{"damage":1,"enemies":"3 Darklings","floor":46,"turns":5},{"damage":11,"enemies":"Sphere and 2 Shapes","floor":48,"turns":4},{"damage":11,"enemies":"Time Eater","floor":50,"turns":8}],"seed_played":"-3316853787824403832","potions_obtained":[{"floor":1,"key":"Ancient Potion"},{"floor":3,"key":"LiquidBronze"},{"floor":6,"key":"EssenceOfSteel"},{"floor":12,"key":"Explosive Potion"},{"floor":13,"key":"Strength Potion"},{"floor":21,"key":"AttackPotion"},{"floor":23,"key":"SpeedPotion"},{"floor":25,"key":"Strength Potion"},{"floor":30,"key":"Ancient Potion"},{"floor":38,"key":"GamblersBrew"},{"floor":41,"key":"EssenceOfSteel"},{"floor":42,"key":"PowerPotion"},{"floor":46,"key":"Strength Potion"}],"is_trial":false,"path_per_floor":["M","M","M","M","?","E","R","E","T","$","M","M","M","M","R","B",null,"M","?","M","?","M","E","R","E","T","M","R","E","M","?","R","B",null,"M","M","?","?","$","R","M","E","T","M","M","M","R","M","R","B"],"character_chosen":"IRONCLAD","items_purchased":["Shrug It Off","Whirlwind","Ornamental Fan","Battle Trance","Strength Potion","Fire Potion","Regen Potion"],"campfire_rested":3,"item_purchase_floors":[10,39,39,39,39,39,39],"current_hp_per_floor":[74,78,80,60,60,24,50,27,27,27,19,14,16,18,59,18,88,64,61,51,13,31,33,33,34,34,34,34,12,20,10,44,27,66,66,60,60,63,63,63,47,59,59,41,51,66,66,65,65,63],"gold":197,"neow_bonus":"TEN_PERCENT_HP_BONUS","is_prod":false,"is_daily":false,"chose_seed":false,"campfire_upgraded":5,"win_rate":0,"timestamp":1540956177,"path_taken":["M","M","M","M","?","E","R","E","T","$","?","M","M","?","R","BOSS","M","?","M","?","M","E","R","E","T","M","R","E","?","?","R","BOSS","M","M","?","?","$","R","M","E","T","M","?","M","R","M","R","BOSS"],"build_version":"2018-10-25v2","purchased_purges":2,"victory":true,"max_hp_per_floor":[88,88,88,88,88,88,88,88,88,88,88,88,88,88,88,88,88,88,61,61,61,61,61,61,61,61,61,61,61,61,66,66,66,66,66,66,66,66,66,66,66,66,66,66,66,66,66,66,66,66],"card_choices":[{"not_picked":["Sword Boomerang","Twin Strike"],"picked":"Uppercut","floor":1},{"not_picked":["Feel No Pain","Anger"],"picked":"Armaments","floor":2},{"not_picked":["Wild Strike","Clash"],"picked":"Body Slam","floor":3},{"not_picked":["Seeing Red","Havoc"],"picked":"Spot Weakness","floor":4},{"not_picked":["Feel No Pain+1","Warcry","Searing Blow"],"picked":"SKIP","floor":6},{"not_picked":["Seeing Red","Dark Embrace+1"],"picked":"Heavy Blade","floor":8},{"not_picked":["Heavy Blade","Headbutt"],"picked":"Cleave","floor":11},{"not_picked":["Heavy Blade","Perfected Strike"],"picked":"Iron Wave","floor":12},{"not_picked":["Heavy Blade","Thunderclap","Searing Blow"],"picked":"SKIP","floor":13},{"not_picked":["Twin Strike","Reckless Charge"],"picked":"Metallicize+1","floor":14},{"not_picked":["Exhume","Berserk+1"],"picked":"Demon Form+1","floor":16},{"not_picked":[],"picked":"Pommel Strike+1","floor":18},{"not_picked":[],"picked":"Clothesline","floor":20},{"not_picked":[],"picked":"Disarm","floor":21},{"not_picked":["Cleave"],"picked":"SKIP","floor":22},{"not_picked":["Armaments"],"picked":"SKIP","floor":23},{"not_picked":["Carnage+1"],"picked":"SKIP","floor":25},{"not_picked":[],"picked":"Seeing Red","floor":27},{"not_picked":["Wild Strike"],"picked":"SKIP","floor":27},{"not_picked":["Evolve+1"],"picked":"SKIP","floor":29},{"not_picked":["Iron Wave"],"picked":"SKIP","floor":30},{"not_picked":["Sword Boomerang+1"],"picked":"SKIP","floor":30},{"not_picked":["Iron Wave"],"picked":"SKIP","floor":35},{"not_picked":["Armaments"],"picked":"SKIP","floor":35},{"not_picked":["Havoc+1"],"picked":"SKIP","floor":36},{"not_picked":["Spot Weakness"],"picked":"SKIP","floor":36},{"not_picked":["Rupture+1"],"picked":"SKIP","floor":41},{"not_picked":["Sentinel+1"],"picked":"SKIP","floor":41},{"not_picked":["Clash"],"picked":"SKIP","floor":42},{"not_picked":["Carnage+1"],"picked":"SKIP","floor":44},{"not_picked":["Iron Wave"],"picked":"SKIP","floor":44},{"not_picked":["Perfected Strike+1"],"picked":"SKIP","floor":45},{"not_picked":["Disarm"],"picked":"SKIP","floor":45},{"not_picked":[],"picked":"Heavy Blade","floor":46},{"not_picked":["Cleave+1"],"picked":"SKIP","floor":46},{"not_picked":["Feel No Pain+1"],"picked":"SKIP","floor":48},{"not_picked":["Headbutt"],"picked":"SKIP","floor":48}],"player_experience":147095,"relics_obtained":[{"floor":6,"key":"Omamori"},{"floor":8,"key":"Regal Pillow"},{"floor":9,"key":"Vajra"},{"floor":21,"key":"Thread and Needle"},{"floor":21,"key":"Bottled Lightning"},{"floor":23,"key":"Self Forming Clay"},{"floor":25,"key":"Potion Belt"},{"floor":26,"key":"Prayer Wheel"},{"floor":29,"key":"Shovel"},{"floor":38,"key":"Bird Faced Urn"},{"floor":42,"key":"FossilizedHelix"},{"floor":43,"key":"Meat on the Bone"}],"event_choices":[{"damage_healed":0,"gold_gain":0,"player_choice":"Box","damage_taken":0,"relics_obtained":["Frozen Egg 2"],"max_hp_gain":0,"max_hp_loss":0,"event_name":"Big Fish","floor":5,"gold_loss":0,"cards_obtained":["Regret"]},{"damage_healed":0,"gold_gain":0,"player_choice":"Became a vampire","damage_taken":0,"max_hp_gain":0,"max_hp_loss":27,"event_name":"Vampires","floor":19,"gold_loss":0,"cards_obtained":["Bite","Bite","Bite","Bite","Bite"]},{"damage_healed":0,"gold_gain":0,"player_choice":"Fight","damage_taken":0,"max_hp_gain":0,"max_hp_loss":0,"event_name":"Colosseum","floor":21,"gold_loss":0},{"damage_healed":0,"gold_gain":0,"player_choice":"Fought Nobs","damage_taken":0,"max_hp_gain":0,"max_hp_loss":0,"event_name":"Colosseum","floor":21,"gold_loss":0},{"damage_healed":0,"gold_gain":0,"player_choice":"Shed Blood","damage_taken":15,"max_hp_gain":5,"max_hp_loss":0,"event_name":"Forgotten Altar","floor":31,"gold_loss":0},{"damage_healed":0,"gold_gain":0,"player_choice":"Memory 1","damage_taken":0,"max_hp_gain":0,"max_hp_loss":0,"event_name":"SensoryStone","floor":37,"gold_loss":0},{"damage_healed":0,"gold_gain":0,"player_choice":"Fight","damage_taken":0,"max_hp_gain":0,"max_hp_loss":0,"event_name":"MindBloom","floor":38,"gold_loss":0}],"is_beta":false,"boss_relics":[{"not_picked":["Runic Pyramid","White Beast Statue"],"picked":"Busted Crown"},{"not_picked":["Runic Cube","Philosopher\u0027s Stone"],"picked":"Cursed Key"}],"items_purged_floors":[10,39],"is_endless":false,"potions_floor_spawned":[1,3,6,12,13,21,23,25,30,38,41,42,46],"ascension_level":3}