{"path_per_floor":["M","$","?","?","M","E","M","M","T","M","?","R","$","M","R","B",null,"M","$","?","?","?","R","M","R","T","E","R","?","E","M","R"],"character_chosen":"THE_SILENT","items_purchased":["Backflip","Frozen Eye","Juzu Bracelet"],"gold_per_floor":[111,57,17,267,280,313,329,339,339,349,349,349,48,59,59,159,159,159,3,3,3,3,3,3,3,3,3,3,3,3,3,3],"floor_reached":33,"campfire_rested":0,"playtime":2805,"current_hp_per_floor":[70,70,70,70,70,70,70,64,64,62,62,62,62,62,62,16,70,62,62,62,49,49,49,48,48,55,53,53,44,43,40,40],"items_purged":[],"gold":3,"play_id":"abf0b034-132f-4500-b3bf-fdeafd83c229","is_prod":false,"is_daily":false,"campfire_rituals":0,"campfire_upgraded":6,"is_hardmode":false,"path_taken":["M","$","?","?","?","E","M","M","T","M","?","R","$","M","R","BOSS","M","$","?","?","?","R","M","R","T","E","R","?","E","M","R","BOSS"],"build_version":"2018-01-18-PROD4","purchased_purges":0,"victory":false,"master_deck":["Defend_G","Defend_G","Defend_G","Defend_G","Defend_G","Survivor","Neutralize","Dagger Throw","Backflip","Regret","Quick Slash","Predator","Tactician","Backflip","Reflex","Cloak And Dagger","Bullet Time","PiercingWail","Bite_G","Bite_G","Bite_G","Bite_G","Bite_G","Dagger Throw","Choke","Leg Sweep","Setup","Prepared"],"max_hp_per_floor":[70,70,70,70,70,70,70,70,70,70,70,70,70,70,70,70,70,70,70,70,49,49,49,49,49,56,56,56,61,61,61,61],"relics":["Ring of the Snake","NeowsBlessing","Tough Bandages","Du-Vu Doll","Frozen Eye","Ectoplasm","Juzu Bracelet","Strawberry","Thread and Needle","Singing Bowl"],"campfire_meditates":0,"card_choices":[{"not_picked":["Prepared","Underhanded Strike"],"picked":"Dagger Throw"},{"not_picked":["Backflip","Dodge and Roll"],"picked":"Quick Slash"},{"not_picked":["Noxious Fumes","PiercingWail"],"picked":"Predator"},{"not_picked":["Prepared","Outmaneuver"],"picked":"Tactician"},{"not_picked":["Finisher","Cloak And Dagger"],"picked":"Backflip"},{"not_picked":["Poisoned Stab","Underhanded Strike"],"picked":"Reflex"},{"not_picked":["Setup","Bane"],"picked":"Cloak And Dagger"},{"not_picked":["Venomology","Die Die Die"],"picked":"Bullet Time"},{"not_picked":["Bane","Slice"],"picked":"PiercingWail"},{"not_picked":["Underhanded Strike","Bane"],"picked":"Choke"},{"not_picked":["Noxious Fumes","Terror"],"picked":"Leg Sweep"},{"not_picked":["PiercingWail","Sucker Punch"],"picked":"Setup"},{"not_picked":["Backstab","Bane"],"picked":"Prepared"}],"player_experience":390369,"potions_floor_usage":[16,16,24,27,31,33],"damage_taken":[{"damage":0,"enemies":"Cultist","floor":1,"turns":1},{"damage":0,"enemies":"Blue Slaver","floor":5,"turns":1},{"damage":0,"enemies":"3 Sentries","floor":6,"turns":1},{"damage":0,"enemies":"Small Slimes","floor":7,"turns":3},{"damage":6,"enemies":"Red Slaver","floor":8,"turns":4},{"damage":2,"enemies":"Lots of Slimes","floor":10,"turns":4},{"damage":0,"enemies":"Large Slime","floor":14,"turns":5},{"damage":61,"enemies":"Slime Boss","floor":16,"turns":13},{"damage":8,"enemies":"Shell Parasite","floor":18,"turns":5},{"damage":7,"enemies":"Chosen","floor":24,"turns":6},{"damage":30,"enemies":"Slavers","floor":27,"turns":8},{"damage":13,"enemies":"Book of Stabbing","floor":30,"turns":7},{"damage":15,"enemies":"Sentry and Sphere","floor":31,"turns":6},{"damage":68,"enemies":"Champ","floor":33,"turns":12}],"event_choices":[{"event_name":"The Woman in Blue","player_choice":"Bought 3 Potions","floor":3,"damage_taken":0},{"event_name":"Golden Shrine","player_choice":"Desecrate","floor":4,"damage_taken":0},{"event_name":"Living Wall","player_choice":"Forget","floor":11,"damage_taken":0},{"event_name":"Addict","player_choice":"Ignored","floor":20,"damage_taken":0},{"event_name":"Vampires","player_choice":"Became a vampire","floor":21,"damage_taken":0},{"event_name":"Duplicator","player_choice":"One dupe","floor":22,"damage_taken":0},{"event_name":"Forgotten Altar","player_choice":"Shed Blood","floor":29,"damage_taken":0}],"boss_relics":[{"not_picked":["Philosopher\u0027s Stone","Runic Pyramid"],"picked":"Ectoplasm"}],"potions_floor_spawned":[5,10,16,30,31],"seed_played":"4603199597301155207","killed_by":"Champ","is_trial":false}