{"gold_per_floor":[218,218,218,239,111,145,164,77,100,138,138,151,172,206,206,329,329,342,365,20,43,59,59,59,59,132,171,189,202,228,251,251,251],"floor_reached":33,"playtime":2995,"items_purged":["Strike_G"],"score":314,"play_id":"89a6dcc4-2f6d-42a3-88ac-c12c76b5aed0","local_time":"20180922033945","is_ascension_mode":false,"campfire_choices":[{"data":"Noxious Fumes","floor":11,"key":"SMITH"},{"floor":15,"key":"REST"},{"data":"Footwork","floor":23,"key":"SMITH"},{"data":"Well Laid Plans","floor":25,"key":"SMITH"},{"data":"Footwork","floor":32,"key":"SMITH"}],"neow_cost":"NONE","seed_source_timestamp":319040178975044,"circlet_count":0,"master_deck":["Defend_G","Defend_G","Defend_G","Defend_G","Defend_G","Strike_G","Strike_G","Strike_G","Strike_G","Survivor","Neutralize","Noxious Fumes+1","Poisoned Stab","Dagger Throw","PiercingWail","Backflip","Well Laid Plans+1","Dodge and Roll","Dash","PiercingWail","Deadly Poison","Dagger Spray","Footwork+1","Shame","Footwork+1"],"relics":["Ring of the Snake","Golden Idol","Art of War","Orichalcum","Anchor","Unceasing Top","HoveringKite","Snake Skull","PreservedInsect","Ancient Tea Set","Paper Crane","Pen Nib","Boot"],"potions_floor_usage":[6,22,31],"damage_taken":[{"damage":0,"enemies":"Small Slimes","floor":1,"turns":4},{"damage":2,"enemies":"Cultist","floor":4,"turns":5},{"damage":25,"enemies":"Lagavulin","floor":6,"turns":8},{"damage":0,"enemies":"Jaw Worm","floor":7,"turns":5},{"damage":5,"enemies":"3 Sentries","floor":10,"turns":9},{"damage":4,"enemies":"Looter","floor":12,"turns":3},{"damage":0,"enemies":"Gremlin Gang","floor":13,"turns":6},{"damage":15,"enemies":"Gremlin Nob","floor":14,"turns":5},{"damage":19,"enemies":"Hexaghost","floor":16,"turns":12},{"damage":0,"enemies":"Chosen","floor":18,"turns":5},{"damage":1,"enemies":"Shell Parasite","floor":19,"turns":6},{"damage":0,"enemies":"Snake Plant","floor":21,"turns":4},{"damage":13,"enemies":"Snecko","floor":22,"turns":7},{"damage":0,"enemies":"Book of Stabbing","floor":27,"turns":5},{"damage":0,"enemies":"Shelled Parasite and Fungi","floor":28,"turns":5},{"damage":10,"enemies":"Snake Plant","floor":29,"turns":5},{"damage":17,"enemies":"Chosen and Byrds","floor":31,"turns":8},{"damage":39,"enemies":"Automaton","floor":33,"turns":6}],"seed_played":"8830102777422032490","potions_obtained":[{"floor":1,"key":"SpeedPotion"},{"floor":2,"key":"EssenceOfSteel"},{"floor":2,"key":"Fruit Juice"},{"floor":2,"key":"Weak Potion"},{"floor":7,"key":"Weak Potion"},{"floor":16,"key":"LiquidBronze"},{"floor":29,"key":"PowerPotion"}],"is_trial":false,"path_per_floor":["M","?","?","M","$","E","M","$","T","E","R","M","M","E","R","B",null,"M","M","$","M","M","R","?","R","T","E","M","M","T","M","R"],"character_chosen":"THE_SILENT","items_purchased":["Dagger Throw","Well Laid Plans","Dodge and Roll","Snake Skull","Dagger Spray","PreservedInsect"],"campfire_rested":1,"item_purchase_floors":[5,8,8,20,20,20],"current_hp_per_floor":[70,70,53,51,51,31,31,31,31,26,26,22,22,7,29,10,75,75,74,74,74,61,61,61,61,61,61,61,51,51,34,34,0],"gold":251,"neow_bonus":"HUNDRED_GOLD","is_prod":false,"is_daily":false,"chose_seed":false,"campfire_upgraded":4,"win_rate":0,"timestamp":1537601985,"path_taken":["M","?","?","M","$","E","M","$","T","E","R","?","?","E","R","BOSS","M","?","$","M","M","R","?","R","T","E","M","M","?","M","R","BOSS"],"build_version":"2018-09-20","purchased_purges":1,"victory":false,"max_hp_per_floor":[70,70,70,70,70,75,75,75,75,75,75,75,75,75,75,75,75,75,75,75,75,75,75,75,75,75,75,75,75,75,75,75,75],"card_choices":[{"not_picked":["Bane","Cloak And Dagger"],"picked":"Noxious Fumes","floor":1},{"not_picked":["Catalyst","Concentrate"],"picked":"Poisoned Stab","floor":4},{"not_picked":["Escape Plan","Crippling Poison"],"picked":"PiercingWail","floor":6},{"not_picked":["Acrobatics","Eviscerate"],"picked":"Backflip","floor":7},{"not_picked":["Slice","Flying Knee","Dodge and Roll"],"picked":"SKIP","floor":10},{"not_picked":["Outmaneuver","Poisoned Stab"],"picked":"Dash","floor":12},{"not_picked":["Infinite Blades","Flying Knee"],"picked":"PiercingWail","floor":13},{"not_picked":["Backflip","Sucker Punch","Deadly Poison"],"picked":"SKIP","floor":14},{"not_picked":["Sucker Punch+1","Distraction"],"picked":"Deadly Poison","floor":18},{"not_picked":["Flying Knee","Reflex","Endless Agony"],"picked":"SKIP","floor":19},{"not_picked":["Blade Dance+1","PiercingWail"],"picked":"Footwork","floor":21},{"not_picked":["Blade Dance","Catalyst","Cloak And Dagger"],"picked":"SKIP","floor":22},{"not_picked":["Endless Agony","Catalyst","Corpse Explosion"],"picked":"SKIP","floor":27},{"not_picked":["Tactician","Acrobatics"],"picked":"Footwork","floor":28},{"not_picked":["Reflex+1","Slice","Acrobatics+1"],"picked":"SKIP","floor":29},{"not_picked":["Outmaneuver","Backflip","Prepared+1"],"picked":"SKIP","floor":31}],"player_experience":847441,"relics_obtained":[{"floor":6,"key":"Art of War"},{"floor":9,"key":"Orichalcum"},{"floor":10,"key":"Anchor"},{"floor":14,"key":"Unceasing Top"},{"floor":26,"key":"Paper Crane"},{"floor":27,"key":"Pen Nib"},{"floor":30,"key":"Boot"}],"event_choices":[{"event_name":"The Lab","player_choice":"Got Potions","floor":2,"damage_taken":0},{"event_name":"Golden Idol","player_choice":"Take Damage","floor":3,"damage_taken":0},{"event_name":"Addict","player_choice":"Stole Relic","floor":24,"damage_taken":0}],"is_beta":false,"boss_relics":[{"not_picked":["Empty Cage","WristBlade"],"picked":"HoveringKite"}],"items_purged_floors":[5],"is_endless":false,"potions_floor_spawned":[1,4,7,16,18,28,29],"killed_by":"Automaton","ascension_level":0}