{"gold_per_floor":[117,129,129,129,144,179,179,213,213,231,231,293,309,324,324,420,420,431,219,219,232,232,267,267,301,301,317,348,362,93,104,104,202,252,270,31,51,5,18,18],"floor_reached":40,"playtime":6453,"items_purged":["Defend_R"],"score":655,"play_id":"3953152f-a232-4a44-beb3-147ef58a01d4","local_time":"20190217195155","is_ascension_mode":true,"campfire_choices":[{"data":"Iron Wave","floor":7,"key":"SMITH"},{"data":"Evolve","floor":11,"key":"SMITH"},{"data":"Spot Weakness","floor":15,"key":"SMITH"},{"data":"Demon Form","floor":24,"key":"SMITH"},{"data":"Whirlwind","floor":32,"key":"SMITH"}],"neow_cost":"NONE","seed_source_timestamp":193894375147083,"circlet_count":0,"master_deck":["Strike_R+1","Strike_R+1","Strike_R+1","Strike_R+1","Strike_R+1","Defend_R+1","Defend_R+1","Defend_R+1","Bash","Spot Weakness+1","Iron Wave+1","Evolve+1","Headbutt+1","Wild Strike","Havoc+1","Sword Boomerang","Sword Boomerang","Demon Form+1","Reaper","Flame Barrier+1","Disarm+1","Havoc+1","Exhume+1","True Grit+1","Corruption+1","Second Wind+1","Flex+1","Whirlwind+1","Barricade+1","Sentinel+1","Flex+1","Flex+1"],"relics":["Burning Blood","Anchor","Meat on the Bone","Letter Opener","Toxic Egg 2","Tiny Chest","Runic Cube","Blood Vial","Frozen Egg 2","Question Card","Mummified Hand","OrangePellets","Tiny House","Bottled Tornado"],"potions_floor_usage":[12,14,16,16,16,25,25,33,33],"damage_taken":[{"damage":2,"enemies":"2 Louse","floor":1,"turns":4},{"damage":1,"enemies":"Cultist","floor":2,"turns":4},{"damage":4,"enemies":"Jaw Worm","floor":5,"turns":5},{"damage":17,"enemies":"3 Sentries","floor":6,"turns":10},{"damage":19,"enemies":"Gremlin Nob","floor":8,"turns":4},{"damage":4,"enemies":"Looter","floor":10,"turns":4},{"damage":13,"enemies":"3 Sentries","floor":12,"turns":6},{"damage":18,"enemies":"Exordium Thugs","floor":13,"turns":5},{"damage":0,"enemies":"Gremlin Gang","floor":14,"turns":3},{"damage":21,"enemies":"The Guardian","floor":16,"turns":9},{"damage":36,"enemies":"3 Byrds","floor":18,"turns":6},{"damage":19,"enemies":"Shell Parasite","floor":21,"turns":4},{"damage":17,"enemies":"Book of Stabbing","floor":23,"turns":6},{"damage":43,"enemies":"Slavers","floor":25,"turns":7},{"damage":9,"enemies":"Centurion and Healer","floor":27,"turns":7},{"damage":49,"enemies":"Book of Stabbing","floor":28,"turns":7},{"damage":7,"enemies":"Snecko","floor":29,"turns":5},{"damage":0,"enemies":"Snake Plant","floor":31,"turns":3},{"damage":16,"enemies":"Champ","floor":33,"turns":9},{"damage":27,"enemies":"3 Darklings","floor":35,"turns":7},{"damage":13,"enemies":"3 Shapes","floor":37,"turns":4},{"damage":48,"enemies":"3 Darklings","floor":39,"turns":6},{"damage":85,"enemies":"Nemesis","floor":40,"turns":7}],"seed_played":"-2410843564605530718","potions_obtained":[{"floor":5,"key":"Regen Potion"},{"floor":6,"key":"Poison Potion"},{"floor":12,"key":"PowerPotion"},{"floor":13,"key":"Poison Potion"},{"floor":14,"key":"PowerPotion"},{"floor":21,"key":"Fire Potion"},{"floor":22,"key":"Strength Potion"},{"floor":29,"key":"Ancient Potion"},{"floor":33,"key":"FearPotion"},{"floor":34,"key":"SneckoOil"},{"floor":37,"key":"FearPotion"},{"floor":39,"key":"Poison Potion"}],"is_trial":false,"path_per_floor":["M","M","?","?","M","E","R","E","T","M","R","E","M","M","R","B",null,"M","$","?","M","?","E","R","E","T","M","E","M","$","M","R","B",null,"M","$","M","$","M","E"],"character_chosen":"IRONCLAD","items_purchased":["Disarm+1","SteroidPotion","SteroidPotion","Flex+1","OrangePellets","Strength Potion","Bottled Tornado","Flex+1"],"campfire_rested":0,"item_purchase_floors":[19,19,19,30,30,30,36,38],"current_hp_per_floor":[76,80,64,64,66,55,55,54,54,56,56,63,51,57,57,54,74,56,56,56,55,55,52,52,53,53,80,57,58,58,66,66,80,85,84,84,85,85,55,0],"gold":18,"neow_bonus":"RANDOM_COMMON_RELIC","is_prod":false,"is_daily":false,"chose_seed":false,"campfire_upgraded":5,"win_rate":0,"timestamp":1550451115,"path_taken":["M","M","?","?","M","E","R","E","T","M","R","E","M","?","R","BOSS","M","$","?","M","?","E","R","E","T","?","E","M","$","M","R","BOSS","M","?","?","?","M","E"],"build_version":"2019-01-23","purchased_purges":1,"victory":false,"max_hp_per_floor":[80,80,80,80,80,80,80,80,80,80,80,80,80,80,80,80,80,80,80,80,80,80,80,80,80,80,80,80,80,80,80,80,80,85,85,85,85,85,85,85],"card_choices":[{"not_picked":["Wild Strike","Havoc"],"picked":"Spot Weakness","floor":1},{"not_picked":["Wild Strike","Rage"],"picked":"Iron Wave","floor":2},{"not_picked":["Warcry","Clash"],"picked":"Evolve","floor":5},{"not_picked":["Brutality","Inflame"],"picked":"Headbutt","floor":6},{"not_picked":["Perfected Strike","Armaments"],"picked":"Wild Strike","floor":8},{"not_picked":["Clash","Demon Form"],"picked":"Havoc+1","floor":10},{"not_picked":["Armaments+1","Anger"],"picked":"Sword Boomerang","floor":12},{"not_picked":["Headbutt","Bloodletting+1"],"picked":"Sword Boomerang","floor":13},{"not_picked":["Evolve","Warcry+1"],"picked":"Demon Form","floor":14},{"not_picked":["Limit Break+1","Immolate"],"picked":"Reaper","floor":16},{"not_picked":["Sword Boomerang","Wild Strike"],"picked":"Flame Barrier+1","floor":18},{"not_picked":["Intimidate+1","Seeing Red+1"],"picked":"Havoc+1","floor":21},{"not_picked":["Blood for Blood","Warcry+1","Clothesline"],"picked":"SKIP","floor":23},{"not_picked":["Rupture+1","Searing Blow"],"picked":"Exhume+1","floor":25},{"not_picked":["Searing Blow+1","Armaments+1","Clash+1"],"picked":"True Grit+1","floor":27},{"not_picked":["Fire Breathing+1","Thunderclap","Sentinel+1"],"picked":"Corruption+1","floor":28},{"not_picked":["Twin Strike","Juggernaut+1","Searing Blow+1"],"picked":"Second Wind+1","floor":29},{"not_picked":["Wild Strike+1","Armaments+1","Clash"],"picked":"Whirlwind","floor":31},{"not_picked":["Impervious+1","Feed","Brutality+1"],"picked":"Barricade+1","floor":33},{"not_picked":["Iron Wave","Dropkick+1","Sword Boomerang"],"picked":"Sentinel+1","floor":35},{"not_picked":["Pummel","Infernal Blade+1","Heavy Blade","Intimidate+1"],"picked":"SKIP","floor":37},{"not_picked":["Heavy Blade+1","Iron Wave+1","Searing Blow+1"],"picked":"Flex+1","floor":39}],"player_experience":1594329,"relics_obtained":[{"floor":6,"key":"Meat on the Bone"},{"floor":8,"key":"Letter Opener"},{"floor":9,"key":"Toxic Egg 2"},{"floor":12,"key":"Tiny Chest"},{"floor":23,"key":"Blood Vial"},{"floor":25,"key":"Frozen Egg 2"},{"floor":26,"key":"Question Card"},{"floor":28,"key":"Mummified Hand"}],"event_choices":[{"damage_healed":0,"gold_gain":0,"player_choice":"Entered Light","damage_taken":16,"max_hp_gain":0,"max_hp_loss":0,"event_name":"Shining Light","floor":3,"gold_loss":0,"cards_upgraded":["Defend_R","Strike_R"]},{"damage_healed":0,"gold_gain":0,"player_choice":"0 cards matched","damage_taken":0,"max_hp_gain":0,"max_hp_loss":0,"event_name":"Match and Keep!","floor":4,"gold_loss":0,"cards_obtained":[]},{"damage_healed":0,"gold_gain":0,"player_choice":"Simplicity","damage_taken":0,"max_hp_gain":0,"max_hp_loss":0,"event_name":"Back to Basics","floor":20,"gold_loss":0,"cards_upgraded":["Strike_R","Strike_R","Strike_R","Strike_R","Defend_R","Defend_R"]},{"damage_healed":0,"gold_gain":0,"player_choice":"Got Potions","damage_taken":0,"max_hp_gain":0,"max_hp_loss":0,"event_name":"Lab","floor":22,"gold_loss":0}],"is_beta":false,"boss_relics":[{"not_picked":["Runic Dome","Lizard Tail"],"picked":"Runic Cube"},{"not_picked":["Eternal Feather","Black Blood"],"picked":"Tiny House"}],"items_purged_floors":[19],"is_endless":false,"potions_floor_spawned":[5,6,12,13,14,21,23,29,33,37,39],"killed_by":"Nemesis","ascension_level":8}