{"gold_per_floor":[111,111,128,128,148,173,173,173,173,191,191,191,238,270,282,395,407,431,455,392,404,432,444,483,495,533,545,557,580,592,617,629,641],"floor_reached":33,"playtime":1100,"items_purged":[],"score":265,"play_id":"af24b7cb-a35b-4947-a36e-76533903a814","local_time":"20190309034921","is_ascension_mode":false,"campfire_choices":[{"data":"Shockwave","floor":8.0,"key":"SMITH"},{"data":"Flex","floor":12.0,"key":"SMITH"},{"data":"Armaments","floor":15,"key":"SMITH"},{"floor":23,"key":"DIG"},{"floor":25,"key":"REST"},{"floor":27,"key":"DIG"},{"floor":30,"key":"REST"},{"data":"Double Tap","floor":32,"key":"SMITH"}],"neow_cost":"NONE","seed_source_timestamp":24576235688141,"circlet_count":0,"master_deck":["Strike_R","Strike_R","Strike_R","Strike_R","Strike_R","Defend_R","Defend_R","Defend_R","Defend_R","Bash+1","Battle Trance","Shockwave+1","Flex+1","Spot Weakness","Armaments+1","Double Tap+1","Headbutt","Havoc+1","Offering"],"special_seed":0,"relics":["Burning Blood","NeowsBlessing","Shovel","Unceasing Top","Mummified Hand","MawBank","Sozu","CultistMask","Singing Bowl","Strawberry","Regal Pillow","PreservedInsect"],"potions_floor_usage":[14,16,16,18],"damage_taken":[{"damage":0.0,"enemies":"Cultist","floor":1.0,"turns":1.0},{"damage":0.0,"enemies":"Jaw Worm","floor":3.0,"turns":1.0},{"damage":0.0,"enemies":"2 Louse","floor":5.0,"turns":1.0},{"damage":50.0,"enemies":"Lagavulin","floor":6.0,"turns":8.0},{"damage":9.0,"enemies":"Red Slaver","floor":10.0,"turns":5.0},{"damage":3,"enemies":"3 Louse","floor":14,"turns":2},{"damage":32,"enemies":"Hexaghost","floor":16,"turns":9},{"damage":16,"enemies":"2 Thieves","floor":18,"turns":4},{"damage":11,"enemies":"Chosen","floor":19,"turns":5},{"damage":8,"enemies":"Centurion and Healer","floor":22,"turns":6},{"damage":58,"enemies":"Gremlin Leader","floor":24,"turns":11},{"damage":10,"enemies":"3 Cultists","floor":29,"turns":4},{"damage":18,"enemies":"Cultist and Chosen","floor":31,"turns":7},{"damage":73,"enemies":"Automaton","floor":33,"turns":6}],"seed_played":"2509456650615157457","potions_obtained":[{"floor":1.0,"key":"Fire Potion"},{"floor":5.0,"key":"LiquidBronze"},{"floor":6.0,"key":"SpeedPotion"},{"floor":7.0,"key":"EssenceOfSteel"},{"floor":7.0,"key":"AttackPotion"},{"floor":16,"key":"Energy Potion"}],"is_trial":false,"path_per_floor":["M","?","M","?","M","E","?","R","T","M","?","R","T","M","R","B",null,"M","M","?","?","M","R","E","R","T","R","?","M","R","M","R","B"],"character_chosen":"IRONCLAD","items_purchased":[],"campfire_rested":2,"item_purchase_floors":[],"current_hp_per_floor":[80,77,80,80,80,36,36,36,36,33,53,53,53,56,56,30,80,70,65,65,65,63,63,20,45,45,45,45,43,84,72,72,0],"gold":641,"neow_bonus":"THREE_ENEMY_KILL","is_prod":false,"is_daily":false,"chose_seed":false,"campfire_upgraded":4,"win_rate":0,"timestamp":1552124961,"path_taken":["M","?","M","?","?","E","?","R","T","?","?","R","?","M","R","BOSS","M","M","?","?","?","R","E","R","T","R","?","M","R","M","R","BOSS"],"build_version":"2019-01-23","purchased_purges":0,"victory":false,"max_hp_per_floor":[80,80,80,80,80,80,80,80,80,80,80,80,80,80,80,80,80,80,80,77,77,77,77,86,86,86,86,86,88,88,88,88,88],"card_choices":[{"not_picked":["Rupture","Perfected Strike","Entrench"],"picked":"SKIP","floor":1.0},{"not_picked":["Sword Boomerang","Searing Blow"],"picked":"Battle Trance","floor":3.0},{"not_picked":["Intimidate","Iron Wave"],"picked":"Shockwave","floor":5.0},{"not_picked":["Perfected Strike","Sentinel"],"picked":"Flex","floor":6.0},{"not_picked":["Pommel Strike","Shrug It Off"],"picked":"Spot Weakness","floor":10.0},{"not_picked":["Anger","Second Wind"],"picked":"Armaments","floor":14},{"not_picked":["Brutality","Impervious"],"picked":"Double Tap","floor":16},{"not_picked":["Anger","Infernal Blade"],"picked":"Headbutt","floor":18},{"not_picked":["Shockwave","Havoc+1","Clash+1"],"picked":"SKIP","floor":19},{"not_picked":["Shockwave","Clash+1"],"picked":"Havoc+1","floor":19},{"not_picked":["Fire Breathing","Power Through+1","Havoc"],"picked":"SKIP","floor":22},{"not_picked":["Flex","Warcry+1","Bloodletting+1"],"picked":"Singing Bowl","floor":24},{"not_picked":["Warcry+1","Bloodletting","Clothesline"],"picked":"Singing Bowl","floor":29},{"not_picked":["Perfected Strike","Intimidate+1"],"picked":"Offering","floor":31}],"player_experience":1003504,"relics_obtained":[{"floor":6.0,"key":"Unceasing Top"},{"floor":9.0,"key":"Mummified Hand"},{"floor":13.0,"key":"MawBank"},{"floor":23,"key":"Singing Bowl"},{"floor":24,"key":"Strawberry"},{"floor":26,"key":"Regal Pillow"},{"floor":27,"key":"PreservedInsect"}],"event_choices":[{"damage_healed":0.0,"max_hp_gain":0.0,"max_hp_loss":0.0,"gold_gain":0.0,"event_name":"Scrap Ooze","player_choice":"Success","floor":2.0,"gold_loss":0.0,"damage_taken":3.0,"relics_obtained":["Shovel"]},{"damage_healed":0.0,"max_hp_gain":0.0,"max_hp_loss":0.0,"gold_gain":0.0,"event_name":"Living Wall","player_choice":"Grow","floor":4.0,"gold_loss":0.0,"damage_taken":0.0,"cards_upgraded":["Bash"]},{"damage_healed":0.0,"max_hp_gain":0.0,"max_hp_loss":0.0,"gold_gain":0.0,"event_name":"Lab","player_choice":"Got Potions","floor":7.0,"gold_loss":0.0,"damage_taken":0.0},{"damage_healed":20.0,"max_hp_gain":0.0,"max_hp_loss":0.0,"gold_gain":0.0,"event_name":"Mushrooms","player_choice":"Healed and dodged fight","floor":11.0,"gold_loss":0.0,"damage_taken":0.0,"cards_obtained":["Parasite"]},{"cards_removed":["Parasite"],"damage_healed":0,"gold_gain":0,"player_choice":"Gave Gold","damage_taken":0,"max_hp_gain":0,"max_hp_loss":0,"event_name":"Beggar","floor":20,"gold_loss":75},{"damage_healed":0,"gold_gain":0,"player_choice":"Trade","damage_taken":0,"relics_obtained":["CultistMask"],"max_hp_gain":0,"max_hp_loss":0,"event_name":"FaceTrader","floor":21,"gold_loss":0},{"damage_healed":0,"gold_gain":0,"player_choice":"Ignored","damage_taken":0,"max_hp_gain":0,"max_hp_loss":0,"event_name":"Vampires","floor":28,"gold_loss":0}],"is_beta":false,"boss_relics":[{"not_picked":["Ectoplasm","White Beast Statue"],"picked":"Sozu"}],"items_purged_floors":[],"is_endless":false,"potions_floor_spawned":[1,5,6,16,18,22,31],"killed_by":"Automaton","ascension_level":0}