{"gold_per_floor":[111,111,127,127,52,52,16,27,102,118,118,148,160,178,178,280,280,296,296,309,319,319,319,337,337,362,374,399,411,443,466,478,490],"floor_reached":33,"playtime":1147,"items_purged":["Regret"],"score":339,"play_id":"36c89905-39a6-4b3e-90ae-1635e5756203","local_time":"20190225161916","is_ascension_mode":true,"campfire_choices":[{"data":"Reaper","floor":6,"key":"SMITH"},{"floor":15,"key":"DIG"},{"floor":23,"key":"DIG"},{"floor":25,"key":"DIG"},{"floor":29,"key":"REST"},{"floor":32,"key":"REST"}],"neow_cost":"NONE","seed_source_timestamp":58355754422100,"circlet_count":0,"master_deck":["Strike_R","Strike_R","Strike_R","Strike_R","Strike_R","Defend_R","Defend_R","Defend_R","Reaper+1","Armaments","Perfected Strike","Infernal Blade","Perfected Strike","Perfected Strike","Flex","Headbutt","Impervious","Flame Barrier+1","Clothesline","Perfected Strike+1","Twin Strike","Disarm","Impervious","Second Wind+1","Ghostly Armor+1","Twin Strike"],"relics":["Burning Blood","Unceasing Top","Letter Opener","Potion Belt","Shovel","Frozen Egg 2","Philosopher\u0027s Stone","Art of War","Happy Flower","MawBank"],"potions_floor_usage":[16,21,28,33,33,33],"damage_taken":[{"damage":4,"enemies":"2 Louse","floor":1,"turns":4},{"damage":8,"enemies":"Jaw Worm","floor":3,"turns":6},{"damage":5,"enemies":"Small Slimes","floor":8,"turns":3},{"damage":4,"enemies":"2 Fungi Beasts","floor":10,"turns":2},{"damage":16,"enemies":"Gremlin Nob","floor":12,"turns":3},{"damage":10,"enemies":"Gremlin Gang","floor":13,"turns":4},{"damage":6,"enemies":"Looter","floor":14,"turns":2},{"damage":49,"enemies":"Hexaghost","floor":16,"turns":9},{"damage":0,"enemies":"Chosen","floor":18,"turns":3},{"damage":0,"enemies":"Spheric Guardian","floor":20,"turns":2},{"damage":6,"enemies":"Snake Plant","floor":21,"turns":3},{"damage":52,"enemies":"Sentry and Sphere","floor":24,"turns":7},{"damage":19,"enemies":"Centurion and Healer","floor":28,"turns":5},{"damage":11,"enemies":"Cultist and Chosen","floor":30,"turns":4},{"damage":28,"enemies":"Shelled Parasite and Fungi","floor":31,"turns":7},{"damage":69,"enemies":"Automaton","floor":33,"turns":6}],"seed_played":"-4365943540744322461","potions_obtained":[{"floor":3,"key":"Swift Potion"},{"floor":12,"key":"FearPotion"},{"floor":16,"key":"EssenceOfSteel"},{"floor":20,"key":"Block Potion"},{"floor":24,"key":"BloodPotion"},{"floor":30,"key":"Fire Potion"},{"floor":31,"key":"BloodPotion"}],"is_trial":false,"path_per_floor":["M","?","M","?","$","R","$","M","T","M","?","E","M","M","R","B",null,"M","?","M","M","?","R","M","R","T","?","M","R","M","M","R","B"],"character_chosen":"IRONCLAD","items_purchased":["Infernal Blade"],"campfire_rested":2,"item_purchase_floors":[7],"current_hp_per_floor":[80,80,78,78,78,78,78,80,80,80,68,58,54,54,54,11,63,74,74,80,80,80,80,39,39,39,39,26,50,45,23,47,0],"gold":490,"neow_bonus":"ONE_RANDOM_RARE_CARD","is_prod":false,"is_daily":false,"chose_seed":false,"campfire_upgraded":1,"win_rate":0,"timestamp":1551107956,"path_taken":["M","?","M","?","$","R","$","M","T","M","?","E","M","M","R","BOSS","M","?","?","M","?","R","M","R","T","?","M","R","M","M","R","BOSS"],"build_version":"2019-01-23","purchased_purges":1,"victory":false,"max_hp_per_floor":[80,80,80,80,80,80,80,80,80,80,80,80,80,80,80,80,80,80,80,80,80,80,80,80,80,80,80,80,80,80,80,80,80],"card_choices":[{"not_picked":["Iron Wave","Burning Pact"],"picked":"Armaments","floor":1},{"not_picked":["Fire Breathing","Wild Strike"],"picked":"Perfected Strike","floor":3},{"not_picked":["Iron Wave","Uppercut"],"picked":"Perfected Strike","floor":8},{"not_picked":["Shrug It Off","Spot Weakness"],"picked":"Perfected Strike","floor":10},{"not_picked":["Infernal Blade","Feel No Pain"],"picked":"Flex","floor":12},{"not_picked":["Combust","Feed"],"picked":"Headbutt","floor":13},{"not_picked":["Twin Strike","Iron Wave"],"picked":"Headbutt","floor":14},{"not_picked":["Berserk+1","Dark Embrace+1"],"picked":"Impervious","floor":16},{"not_picked":["Warcry+1","Whirlwind"],"picked":"Flame Barrier+1","floor":18},{"not_picked":["Power Through","Reckless Charge"],"picked":"Clothesline","floor":20},{"not_picked":["Flame Barrier","Disarm+1"],"picked":"Perfected Strike+1","floor":21},{"not_picked":["Fire Breathing+1","Spot Weakness+1"],"picked":"Twin Strike","floor":24},{"not_picked":["Perfected Strike","Iron Wave"],"picked":"Second Wind+1","floor":28},{"not_picked":["Clash","Perfected Strike"],"picked":"Ghostly Armor+1","floor":30},{"not_picked":["Limit Break","Anger"],"picked":"Twin Strike","floor":31}],"player_experience":364564,"relics_obtained":[{"floor":9,"key":"Letter Opener"},{"floor":12,"key":"Shovel"},{"floor":15,"key":"Frozen Egg 2"},{"floor":23,"key":"Art of War"},{"floor":25,"key":"Happy Flower"},{"floor":26,"key":"MawBank"}],"event_choices":[{"damage_healed":0,"gold_gain":0,"player_choice":"Ignored","damage_taken":0,"max_hp_gain":0,"max_hp_loss":0,"event_name":"Liars Game","floor":2,"gold_loss":0},{"damage_healed":0,"gold_gain":0,"player_choice":"Box","damage_taken":0,"relics_obtained":["Unceasing Top"],"max_hp_gain":0,"max_hp_loss":0,"event_name":"Big Fish","floor":4,"gold_loss":0,"cards_obtained":["Regret"]},{"damage_healed":0,"gold_gain":0,"player_choice":"Success","damage_taken":12,"relics_obtained":["Potion Belt"],"max_hp_gain":0,"max_hp_loss":0,"event_name":"Scrap Ooze","floor":11,"gold_loss":0},{"cards_removed":["Bash"],"damage_healed":0,"gold_gain":0,"player_choice":"Purged","damage_taken":0,"max_hp_gain":0,"max_hp_loss":0,"event_name":"Purifier","floor":19,"gold_loss":0},{"damage_healed":0,"gold_gain":0,"player_choice":"Ignored","damage_taken":0,"max_hp_gain":0,"max_hp_loss":0,"event_name":"Vampires","floor":22,"gold_loss":0},{"damage_healed":0,"gold_gain":0,"cards_transformed":["Headbutt","Defend_R"],"player_choice":"Became Test Subject","damage_taken":0,"max_hp_gain":0,"max_hp_loss":0,"event_name":"Drug Dealer","floor":27,"gold_loss":0,"cards_obtained":["Disarm","Impervious"]}],"is_beta":false,"boss_relics":[{"not_picked":["Velvet Choker","Black Star"],"picked":"Philosopher\u0027s Stone"}],"items_purged_floors":[5],"is_endless":false,"potions_floor_spawned":[3,8,12,16,20,24,30,31],"killed_by":"Automaton","ascension_level":5}