{"gold_per_floor":[115,65,65,82,137,137,167,187,187,217,234,219],"floor_reached":12,"playtime":304,"items_purged":[],"score":170,"play_id":"c50fc4fa-6a07-4f59-8496-56fdd0fe79fe","local_time":"20181116231226","is_ascension_mode":true,"campfire_choices":[{"data":"Zap","floor":6.0,"key":"SMITH"}],"neow_cost":"NONE","seed_source_timestamp":0,"circlet_count":0,"master_deck":["AscendersBane","Strike_B","Strike_B","Strike_B","Defend_B","Defend_B","Defend_B","Defend_B","Zap+1","Dualcast","Decay","Gash","Loop","Streamline","Cold Snap"],"special_seed":0,"relics":["Cracked Core","NeowsBlessing","Tiny Chest","Bag of Marbles","Singing Bowl","Art of War"],"potions_floor_usage":[10,11,11],"damage_taken":[{"damage":0.0,"enemies":"Small Slimes","floor":1.0,"turns":1.0},{"damage":0.0,"enemies":"Jaw Worm","floor":4.0,"turns":1.0},{"damage":0.0,"enemies":"Lagavulin","floor":7.0,"turns":1.0},{"damage":8,"enemies":"Cultist","floor":8,"turns":4},{"damage":34,"enemies":"Gremlin Nob","floor":10,"turns":4},{"damage":20,"enemies":"Exordium Thugs","floor":11,"turns":4},{"damage":8,"enemies":"Looter","floor":12,"turns":1}],"seed_played":"-3380756832806654766","potions_obtained":[{"floor":4.0,"key":"Swift Potion"},{"floor":7,"key":"Energy Potion"},{"floor":8,"key":"SpeedPotion"},{"floor":11,"key":"Strength Potion"}],"is_trial":false,"path_per_floor":["M","?","?","M","T","R","E","E","M","T","E","M","M"],"character_chosen":"DEFECT","items_purchased":[],"campfire_rested":0,"item_purchase_floors":[],"current_hp_per_floor":[68,68,68,68,68,68,68,60,60,26,8,0],"gold":219,"neow_bonus":"THREE_ENEMY_KILL","is_prod":false,"is_daily":false,"chose_seed":false,"campfire_upgraded":1,"win_rate":0,"timestamp":1542431546,"path_taken":["M","?","?","?","?","R","E","M","T","E","M","M"],"build_version":"2018-11-15","purchased_purges":0,"victory":false,"max_hp_per_floor":[75,75,75,75,75,75,75,75,75,75,77,77],"card_choices":[{"not_picked":["Barrage","Scrape","Heatsinks"],"picked":"SKIP","floor":1.0},{"not_picked":["Leap","Barrage"],"picked":"Gash","floor":4.0},{"not_picked":["Conserve Battery","Self Repair"],"picked":"Loop","floor":7},{"not_picked":["Redo","Fusion"],"picked":"Streamline","floor":8},{"not_picked":["Rebound","Ball Lightning"],"picked":"Cold Snap","floor":10},{"not_picked":["Undo","Skim","Static Discharge"],"picked":"Singing Bowl","floor":11}],"player_experience":199910,"relics_obtained":[{"floor":5.0,"key":"Tiny Chest"},{"floor":7,"key":"Bag of Marbles"},{"floor":9,"key":"Singing Bowl"},{"floor":10,"key":"Art of War"}],"event_choices":[{"cards_removed":["Strike_B"],"damage_healed":0.0,"max_hp_gain":0.0,"max_hp_loss":0.0,"gold_gain":0.0,"event_name":"The Cleric","player_choice":"Card Removal","floor":2.0,"gold_loss":50.0,"damage_taken":0.0},{"damage_healed":0.0,"max_hp_gain":0.0,"max_hp_loss":0.0,"gold_gain":0.0,"event_name":"Wheel of Change","player_choice":"Cursed","floor":3.0,"gold_loss":0.0,"damage_taken":0.0,"cards_obtained":["Decay"]}],"is_beta":false,"boss_relics":[],"items_purged_floors":[],"is_endless":false,"potions_floor_spawned":[4,7,8,11],"killed_by":"Looter","ascension_level":10}