{"gold_per_floor":[110,110,123,123,135,169,169,184,184,184,203,221,69,86,86,183,183,196,207,225,241,257,283,283,283,583,608,618,10,10,10],"floor_reached":31,"playtime":6136,"items_purged":["Regret","Strike_G"],"score":295,"play_id":"8d7bce7b-09ee-44de-bac3-8bb0944828e9","local_time":"20190130183048","is_ascension_mode":true,"campfire_choices":[{"data":"Noxious Fumes","floor":7,"key":"SMITH"},{"data":"Leg Sweep","floor":10,"key":"SMITH"},{"data":"Neutralize","floor":15,"key":"SMITH"},{"data":"Bullet Time","floor":24,"key":"SMITH"}],"neow_cost":"NONE","seed_source_timestamp":1492717059040396,"circlet_count":0,"master_deck":["Defend_G","Defend_G","Defend_G","Defend_G","Defend_G","Strike_G","Strike_G","Strike_G","Strike_G","Survivor","Neutralize+1","Flying Knee","Leg Sweep+1","Noxious Fumes+1","Escape Plan","Heel Hook","Crippling Poison","Distraction","Dagger Throw","Deadly Poison","Reflex","Bullet Time+1","PiercingWail","Backflip","Tactician","Underhanded Strike+1","Acrobatics+1","After Image","Prepared","Riddle With Holes+1","Accuracy"],"relics":["Ring of the Snake","NeowsBlessing","Meat on the Bone","Bottled Tornado","Gremlin Horn","Eternal Feather","Ninja Scroll","Old Coin","Molten Egg 2","Mummified Hand","Sling"],"potions_floor_usage":[21,23,23,23,31],"damage_taken":[{"damage":0,"enemies":"Jaw Worm","floor":1,"turns":1},{"damage":0,"enemies":"Cultist","floor":3,"turns":1},{"damage":0,"enemies":"Small Slimes","floor":5,"turns":1},{"damage":25,"enemies":"Gremlin Nob","floor":6,"turns":6},{"damage":4,"enemies":"Red Slaver","floor":8,"turns":4},{"damage":10,"enemies":"Lots of Slimes","floor":11,"turns":4},{"damage":0,"enemies":"Gremlin Gang","floor":12,"turns":4},{"damage":1,"enemies":"Exordium Thugs","floor":14,"turns":3},{"damage":32,"enemies":"The Guardian","floor":16,"turns":10},{"damage":22,"enemies":"2 Thieves","floor":18,"turns":5},{"damage":20,"enemies":"Spheric Guardian","floor":19,"turns":5},{"damage":7,"enemies":"Cultist and Chosen","floor":20,"turns":6},{"damage":11,"enemies":"Chosen and Byrds","floor":21,"turns":6},{"damage":13,"enemies":"Sentry and Sphere","floor":22,"turns":5},{"damage":29,"enemies":"Book of Stabbing","floor":23,"turns":7},{"damage":28,"enemies":"Slavers","floor":27,"turns":6},{"damage":9,"enemies":"Centurion and Healer","floor":28,"turns":6},{"damage":58,"enemies":"Book of Stabbing","floor":31,"turns":7}],"seed_played":"2010046158330329434","potions_obtained":[{"floor":1,"key":"SpeedPotion"},{"floor":8,"key":"Ancient Potion"},{"floor":11,"key":"Energy Potion"},{"floor":18,"key":"Poison Potion"},{"floor":22,"key":"Swift Potion"},{"floor":28,"key":"Regen Potion"}],"is_trial":false,"path_per_floor":["M","?","M","?","M","E","R","M","T","R","M","M","$","M","R","B",null,"M","M","M","M","M","E","R","?","T","E","M","$","$","E"],"character_chosen":"THE_SILENT","items_purchased":["Dagger Throw","Deadly Poison","Accuracy","Mummified Hand","Sling"],"campfire_rested":0,"item_purchase_floors":[13,13,29,29,29],"current_hp_per_floor":[70,70,70,70,70,45,45,41,41,41,43,43,43,42,42,22,70,48,40,45,46,45,28,46,70,70,42,45,45,45,0],"gold":10,"neow_bonus":"THREE_ENEMY_KILL","is_prod":false,"is_daily":false,"chose_seed":false,"campfire_upgraded":4,"win_rate":0,"timestamp":1548869448,"path_taken":["M","?","M","?","?","E","R","M","T","R","M","M","$","M","R","BOSS","M","M","M","M","M","E","R","?","T","E","?","?","$","E"],"build_version":"2019-01-23","purchased_purges":2,"victory":false,"max_hp_per_floor":[70,70,70,70,70,70,70,70,70,70,70,70,70,70,70,70,70,70,70,70,70,70,70,70,70,70,70,70,70,70,70],"card_choices":[{"not_picked":["Sucker Punch","PiercingWail"],"picked":"Flying Knee","floor":1},{"not_picked":["PiercingWail","Dodge and Roll"],"picked":"Leg Sweep","floor":3},{"not_picked":["Expertise","Underhanded Strike"],"picked":"Predator","floor":5},{"not_picked":["Deflect","Dodge and Roll"],"picked":"Escape Plan","floor":6},{"not_picked":["Flechettes","Dagger Spray"],"picked":"Heel Hook","floor":8},{"not_picked":["Catalyst","Sucker Punch"],"picked":"Crippling Poison","floor":11},{"not_picked":["Riddle With Holes","Dagger Spray"],"picked":"Distraction","floor":12},{"not_picked":["Eviscerate","Cloak And Dagger"],"picked":"Reflex","floor":14},{"not_picked":["A Thousand Cuts","Die Die Die"],"picked":"Bullet Time","floor":16},{"not_picked":["Slice+1","Dagger Spray"],"picked":"PiercingWail","floor":18},{"not_picked":["Dodge and Roll","Dash"],"picked":"Backflip","floor":19},{"not_picked":["Cloak And Dagger+1","Slice"],"picked":"Tactician","floor":20},{"not_picked":["Dash","Distraction"],"picked":"Underhanded Strike+1","floor":21},{"not_picked":["Flying Knee","Deflect"],"picked":"Acrobatics+1","floor":22},{"not_picked":["Expertise","Masterful Stab"],"picked":"After Image","floor":23},{"not_picked":["Acrobatics","Dagger Throw+1"],"picked":"Prepared","floor":27},{"not_picked":["PiercingWail","Deadly Poison"],"picked":"Riddle With Holes+1","floor":28}],"player_experience":92199,"relics_obtained":[{"floor":6,"key":"Bottled Tornado"},{"floor":9,"key":"Gremlin Horn"},{"floor":23,"key":"Ninja Scroll"},{"floor":26,"key":"Old Coin"},{"floor":27,"key":"Molten Egg 2"}],"event_choices":[{"damage_healed":0,"gold_gain":0,"player_choice":"Box","damage_taken":0,"relics_obtained":["Meat on the Bone"],"max_hp_gain":0,"max_hp_loss":0,"event_name":"Big Fish","floor":2,"gold_loss":0,"cards_obtained":["Regret"]},{"damage_healed":0,"gold_gain":0,"player_choice":"1 cards matched","damage_taken":0,"max_hp_gain":0,"max_hp_loss":0,"event_name":"Match and Keep!","floor":4,"gold_loss":0,"cards_obtained":["Noxious Fumes"]},{"damage_healed":0,"gold_gain":0,"player_choice":"1 cards matched","damage_taken":0,"max_hp_gain":0,"max_hp_loss":0,"event_name":"Match and Keep!","floor":4,"gold_loss":0,"cards_obtained":["Noxious Fumes"]},{"cards_removed":["Predator"],"damage_healed":24,"gold_gain":0,"player_choice":"Offered Uncommon","damage_taken":0,"max_hp_gain":0,"max_hp_loss":0,"event_name":"Bonfire Elementals","floor":25,"gold_loss":0}],"is_beta":false,"boss_relics":[{"not_picked":["Ectoplasm","Runic Pyramid"],"picked":"Eternal Feather"}],"items_purged_floors":[13,29],"is_endless":false,"potions_floor_spawned":[1,8,11,14,18,22,28],"killed_by":"Book of Stabbing","ascension_level":1}