{"gold_per_floor":[119,129,129,139,155,189,189,216,268,287,287,299,314,332,332,435,435,455,474,76,88,88,88,113,129,129,129,157,169,169,187,187,287,287,303,314,414,414,434,460,22,32,32,46,57,57,57,68,68,68],"floor_reached":51,"playtime":3263,"items_purged":[],"score":849,"play_id":"5b36aebd-5506-41b7-a406-5bd23264b03c","local_time":"20190115191030","is_ascension_mode":true,"campfire_choices":[{"floor":15,"key":"REST"},{"data":"White Noise","floor":23,"key":"SMITH"},{"data":"Lockon","floor":30,"key":"SMITH"},{"floor":32,"key":"REST"},{"data":"Defragment","floor":46,"key":"SMITH"},{"floor":49,"key":"REST"}],"neow_cost":"NONE","seed_source_timestamp":520488638474186,"circlet_count":0,"master_deck":["Zap+1","Dualcast","Beam Cell","Hologram","Ball Lightning","Rebound","White Noise+1","Parasite","Conserve Battery+1","Beam Cell","Reinforced Body","Go for the Eyes","Electrodynamics","Echo Form","Auto Shields+1","Static Discharge","Reinforced Body","Reprogram","Lockon+1","Redo","Steam","Self Repair","Defragment","Mayhem","White Noise+1","Defragment+1","Steam","Hologram","All For One","BootSequence","Core Surge","Coolheaded","Hello World","Go for the Eyes+1","Steam+1","Defragment+1","Parasite","Multi-Cast","Decay"],"relics":["Cracked Core","Ginger","The Courier","Art of War","Pandora\u0027s Box","Meat on the Bone","War Paint","Cables","Blood Vial","Busted Crown","Bird Faced Urn","Question Card","Membership Card","Strawberry","Nunchaku","Kunai","Pear"],"potions_floor_usage":[6,8,13,24,28,28,33,50,50,50],"damage_taken":[{"damage":5,"enemies":"2 Louse","floor":1,"turns":3},{"damage":0,"enemies":"Small Slimes","floor":2,"turns":2},{"damage":1,"enemies":"Jaw Worm","floor":4,"turns":3},{"damage":7,"enemies":"Blue Slaver","floor":5,"turns":3},{"damage":8,"enemies":"Gremlin Nob","floor":6,"turns":3},{"damage":28,"enemies":"Lagavulin","floor":8,"turns":5},{"damage":13,"enemies":"2 Fungi Beasts","floor":10,"turns":3},{"damage":22,"enemies":"Gremlin Gang","floor":12,"turns":4},{"damage":0,"enemies":"Large Slime","floor":13,"turns":5},{"damage":0,"enemies":"2 Fungi Beasts","floor":14,"turns":2},{"damage":0,"enemies":"Slime Boss","floor":16,"turns":5},{"damage":12,"enemies":"Shell Parasite","floor":18,"turns":4},{"damage":14,"enemies":"Spheric Guardian","floor":19,"turns":4},{"damage":12,"enemies":"Snecko","floor":21,"turns":6},{"damage":17,"enemies":"Book of Stabbing","floor":24,"turns":5},{"damage":15,"enemies":"3 Cultists","floor":25,"turns":4},{"damage":28,"enemies":"Gremlin Leader","floor":28,"turns":6},{"damage":0,"enemies":"Sentry and Sphere","floor":29,"turns":3},{"damage":2,"enemies":"Shelled Parasite and Fungi","floor":31,"turns":5},{"damage":26,"enemies":"Automaton","floor":33,"turns":8},{"damage":21,"enemies":"3 Darklings","floor":35,"turns":5},{"damage":0,"enemies":"Orb Walker","floor":36,"turns":4},{"damage":5,"enemies":"Mind Bloom Boss Battle","floor":37,"turns":6},{"damage":18,"enemies":"Transient","floor":39,"turns":5},{"damage":21,"enemies":"Nemesis","floor":40,"turns":5},{"damage":6,"enemies":"Maw","floor":42,"turns":6},{"damage":19,"enemies":"Sphere and 2 Shapes","floor":44,"turns":5},{"damage":11,"enemies":"Writhing Mass","floor":45,"turns":5},{"damage":21,"enemies":"3 Darklings","floor":48,"turns":3},{"damage":34,"enemies":"Donu and Deca","floor":50,"turns":8}],"seed_played":"-3420961848061316843","potions_obtained":[{"floor":2,"key":"AttackPotion"},{"floor":6,"key":"Energy Potion"},{"floor":12,"key":"AttackPotion"},{"floor":13,"key":"Explosive Potion"},{"floor":21,"key":"SkillPotion"},{"floor":24,"key":"Strength Potion"},{"floor":25,"key":"Energy Potion"},{"floor":37,"key":"Ancient Potion"},{"floor":44,"key":"AttackPotion"},{"floor":45,"key":"Block Potion"},{"floor":48,"key":"Energy Potion"}],"is_trial":false,"path_per_floor":["M","M","?","M","M","E","?","E","T","M","?","M","M","M","R","B",null,"M","M","$","M","?","R","E","M","T","?","E","M","R","M","R","B",null,"M","M","?","?","M","E","$","M","T","M","M","R","?","M","R","B",null],"character_chosen":"DEFECT","items_purchased":["Meat on the Bone","Defragment","Mayhem","Membership Card","Strawberry","Nunchaku","Kunai"],"campfire_rested":3,"item_purchase_floors":[20,20,20,41,41,41,41],"current_hp_per_floor":[70,70,75,74,67,59,79,51,51,38,38,16,16,16,40,40,80,68,54,54,42,68,68,65,50,50,50,41,43,43,43,67,50,80,59,68,72,72,69,58,65,86,96,95,97,97,97,76,97,86],"gold":68,"neow_bonus":"UPGRADE_CARD","is_prod":false,"is_daily":false,"chose_seed":false,"campfire_upgraded":3,"win_rate":0,"timestamp":1547597430,"path_taken":["M","M","?","M","M","E","?","E","T","M","?","M","M","?","R","BOSS","M","M","$","M","?","R","E","M","T","?","E","M","R","M","R","BOSS","M","?","?","?","M","E","$","M","T","M","M","R","?","?","R","BOSS"],"build_version":"2019-01-10","purchased_purges":0,"victory":true,"max_hp_per_floor":[75,75,80,80,80,80,80,80,80,80,80,80,80,80,80,80,80,80,80,80,80,80,80,80,80,80,80,80,80,80,80,80,80,80,80,80,80,80,80,80,87,87,97,97,97,97,97,97,97,97],"card_choices":[{"not_picked":["Cold Snap","Sweeping Beam"],"picked":"Beam Cell","floor":1},{"not_picked":["Sweeping Beam","Recycle"],"picked":"Hologram","floor":2},{"not_picked":["Barrage","Steam"],"picked":"Ball Lightning","floor":4},{"not_picked":["Stack","Scrape"],"picked":"Rebound","floor":5},{"not_picked":["Leap","Heatsinks"],"picked":"White Noise","floor":6},{"not_picked":["Barrage","Streamline"],"picked":"Conserve Battery","floor":8},{"not_picked":["Undo","Go for the Eyes"],"picked":"Beam Cell","floor":10},{"not_picked":["Darkness","Hologram"],"picked":"Reinforced Body","floor":12},{"not_picked":["Barrage","Genetic Algorithm","Machine Learning"],"picked":"SKIP","floor":13},{"not_picked":["Compile Driver","Darkness"],"picked":"Go for the Eyes","floor":14},{"not_picked":["Creative AI","Fission"],"picked":"Electrodynamics","floor":16},{"not_picked":["Leap","Turbo+1"],"picked":"Steam","floor":18},{"not_picked":["Go for the Eyes","Redo"],"picked":"Self Repair","floor":19},{"not_picked":["Streamline+1","Genetic Algorithm+1"],"picked":"White Noise","floor":21},{"not_picked":["Tempest","Storm"],"picked":"Defragment+1","floor":24},{"not_picked":["Compile Driver","Redo+1"],"picked":"Steam","floor":25},{"not_picked":["Streamline","Stack"],"picked":"Hologram","floor":28},{"not_picked":["Streamline","Sweeping Beam"],"picked":"All For One","floor":29},{"not_picked":["Beam Cell","Barrage"],"picked":"BootSequence","floor":31},{"not_picked":["Echo Form","Machine Learning"],"picked":"Core Surge","floor":33},{"not_picked":["Sweeping Beam+1"],"picked":"SKIP","floor":35},{"not_picked":[],"picked":"Coolheaded","floor":36},{"not_picked":[],"picked":"Hello World","floor":37},{"not_picked":["Gash+1"],"picked":"SKIP","floor":39},{"not_picked":[],"picked":"Go for the Eyes+1","floor":40},{"not_picked":["Streamline+1"],"picked":"Steam+1","floor":42},{"not_picked":["Sweeping Beam+1"],"picked":"Defragment","floor":44},{"not_picked":["Rebound"],"picked":"Multi-Cast","floor":45},{"not_picked":["Coolheaded","Skim+1"],"picked":"SKIP","floor":48}],"player_experience":75296,"relics_obtained":[{"floor":6,"key":"Ginger"},{"floor":8,"key":"The Courier"},{"floor":9,"key":"Art of War"},{"floor":24,"key":"War Paint"},{"floor":26,"key":"Cables"},{"floor":28,"key":"Blood Vial"},{"floor":37,"key":"Bird Faced Urn"},{"floor":40,"key":"Question Card"},{"floor":43,"key":"Pear"}],"event_choices":[{"damage_healed":0,"gold_gain":0,"player_choice":"Donut","damage_taken":0,"max_hp_gain":5,"max_hp_loss":0,"event_name":"Big Fish","floor":3,"gold_loss":0},{"damage_healed":20,"gold_gain":0,"player_choice":"Healed and dodged fight","damage_taken":0,"max_hp_gain":0,"max_hp_loss":0,"event_name":"Mushrooms","floor":7,"gold_loss":0,"cards_obtained":["Parasite"]},{"damage_healed":0,"gold_gain":0,"player_choice":"Ignored","damage_taken":0,"max_hp_gain":0,"max_hp_loss":0,"event_name":"Shining Light","floor":11,"gold_loss":0},{"damage_healed":26,"gold_gain":0,"player_choice":"Heal","damage_taken":0,"max_hp_gain":0,"max_hp_loss":0,"event_name":"The Library","floor":22,"gold_loss":0},{"damage_healed":0,"gold_gain":0,"player_choice":"Forge","damage_taken":0,"max_hp_gain":0,"max_hp_loss":0,"event_name":"Accursed Blacksmith","floor":27,"gold_loss":0,"cards_upgraded":["White Noise"]},{"damage_healed":0,"gold_gain":0,"player_choice":"Fight","damage_taken":0,"max_hp_gain":0,"max_hp_loss":0,"event_name":"MindBloom","floor":37,"gold_loss":0},{"cards_removed":["Loop"],"damage_healed":0,"gold_gain":0,"player_choice":"Removed Power","damage_taken":0,"max_hp_gain":0,"max_hp_loss":0,"event_name":"Falling","floor":38,"gold_loss":0},{"damage_healed":0,"gold_gain":0,"player_choice":"Cursed","damage_taken":0,"max_hp_gain":0,"max_hp_loss":0,"event_name":"Wheel of Change","floor":47,"gold_loss":0,"cards_obtained":["Decay"]}],"is_beta":false,"boss_relics":[{"not_picked":["Inserter","Nuclear Battery"],"picked":"Pandora\u0027s Box"},{"not_picked":["Runic Dome","Eternal Feather"],"picked":"Busted Crown"}],"items_purged_floors":[],"is_endless":false,"potions_floor_spawned":[2,6,12,13,21,24,25,37,44,45,48],"ascension_level":1}