{"gold_per_floor":[14,28,28,28,28,55,55,65,65,94,94,122,142,142,142,237,237,249,236,151,250,30,55,75,101,101,118,118,130,157,172,172,269,269,280,298,115,125,143,168,168,197,197,224,239,239,305,323,323,323,323,323,27,60,60],"floor_reached":56,"playtime":4510,"items_purged":["Strike_B","Strike_B","Strike_B"],"score":1939,"play_id":"196749c2-db31-4ac5-8032-2d7c80623b55","local_time":"20190218084427","is_ascension_mode":true,"campfire_choices":[{"data":"Zap","floor":7,"key":"SMITH"},{"floor":11,"key":"REST"},{"floor":15,"key":"REST"},{"floor":28,"key":"REST"},{"data":"Fission","floor":32,"key":"SMITH"},{"floor":41,"key":"RECALL"},{"data":"Thunder Strike","floor":49,"key":"SMITH"},{"data":"Go for the Eyes","floor":52,"key":"SMITH"}],"neow_cost":"NO_GOLD","seed_source_timestamp":458091976337559,"circlet_count":0,"master_deck":["AscendersBane","Defend_B","Defend_B","Defend_B","Defend_B","Zap+1","Dualcast","Jack Of All Trades","Deep Breath","Hologram","Compile Driver","Hello World","Go for the Eyes+1","Glacier","Steam","Fission+1","Cold Snap","White Noise","Defragment+1","Leap","Reinforced Body","Hologram+1","White Noise","Scrape","Go for the Eyes","Electrodynamics+1","Conserve Battery+1","Cold Snap","Storm+1","Capacitor+1","Defragment+1","Hologram+1","Heatsinks+1","Thunder Strike+1","Storm+1","Parasite","Hello World+1","Capacitor+1","Gash","Turbo+1"],"relics":["Cracked Core","Bird Faced Urn","Oddly Smooth Stone","Kunai","Frozen Egg 2","Odd Mushroom","Dead Branch","Black Star","Gremlin Horn","Question Card","Pantograph","Mummified Hand","Happy Flower","Singing Bowl","Bottled Flame","Mango","Runic Pyramid","Blood Vial","Vajra","Smiling Mask","DataDisk","Pear","Pen Nib","SsserpentHead","Bag of Preparation","Turnip","Thread and Needle"],"potions_floor_usage":[16,16,23,25,25,29,33,45,50,55,55],"damage_taken":[{"damage":0,"enemies":"Small Slimes","floor":1,"turns":3},{"damage":1,"enemies":"Jaw Worm","floor":2,"turns":5},{"damage":17,"enemies":"Lagavulin","floor":6,"turns":9},{"damage":6,"enemies":"Cultist","floor":8,"turns":3},{"damage":19,"enemies":"The Mushroom Lair","floor":10,"turns":5},{"damage":26,"enemies":"3 Sentries","floor":12,"turns":6},{"damage":6,"enemies":"Exordium Wildlife","floor":13,"turns":2},{"damage":13,"enemies":"The Guardian","floor":16,"turns":12},{"damage":2,"enemies":"Spheric Guardian","floor":18,"turns":6},{"damage":18,"enemies":"2 Thieves","floor":19,"turns":4},{"damage":28,"enemies":"Slavers","floor":23,"turns":7},{"damage":4,"enemies":"Snecko","floor":24,"turns":6},{"damage":7,"enemies":"Gremlin Leader","floor":25,"turns":8},{"damage":0,"enemies":"3 Cultists","floor":27,"turns":9},{"damage":0,"enemies":"Snake Plant","floor":29,"turns":5},{"damage":0,"enemies":"Book of Stabbing","floor":30,"turns":8},{"damage":0,"enemies":"Snecko","floor":31,"turns":6},{"damage":44,"enemies":"Automaton","floor":33,"turns":10},{"damage":10,"enemies":"3 Shapes","floor":35,"turns":3},{"damage":2,"enemies":"Orb Walker","floor":36,"turns":3},{"damage":0,"enemies":"Sphere and 2 Shapes","floor":38,"turns":2},{"damage":9,"enemies":"3 Darklings","floor":39,"turns":2},{"damage":0,"enemies":"Nemesis","floor":40,"turns":9},{"damage":2,"enemies":"Giant Head","floor":42,"turns":8},{"damage":19,"enemies":"Nemesis","floor":44,"turns":7},{"damage":0,"enemies":"Maw","floor":45,"turns":5},{"damage":0,"enemies":"Sphere and 2 Shapes","floor":47,"turns":1},{"damage":6,"enemies":"Writhing Mass","floor":48,"turns":3},{"damage":18,"enemies":"Time Eater","floor":50,"turns":10},{"damage":31,"enemies":"Shield and Spear","floor":54,"turns":3},{"damage":14,"enemies":"The Heart","floor":55,"turns":7}],"seed_played":"4299895420881789295","potions_obtained":[{"floor":10,"key":"FocusPotion"},{"floor":13,"key":"GamblersBrew"},{"floor":16,"key":"Energy Potion"},{"floor":18,"key":"Ancient Potion"},{"floor":23,"key":"SteroidPotion"},{"floor":27,"key":"Poison Potion"},{"floor":31,"key":"Fire Potion"},{"floor":33,"key":"FearPotion"},{"floor":35,"key":"SmokeBomb"},{"floor":38,"key":"PowerPotion"},{"floor":45,"key":"Dexterity Potion"},{"floor":47,"key":"FocusPotion"}],"is_trial":false,"path_per_floor":["M","M","?","$","?","E","R","M","T","?","R","E","M","?","R","B",null,"M","M","?","?","$","E","M","E","T","M","R","M","E","M","R","B",null,"M","M","$","M","M","E","R","E","T","E","M","?","M","M","R","B",null,"R","$","E","B",null],"character_chosen":"DEFECT","items_purchased":["White Noise","Defragment+1","Storm+1","Dexterity Potion","Capacitor+1","Bag of Preparation","Gash"],"campfire_rested":3,"item_purchase_floors":[22,22,37,37,53,53,53],"current_hp_per_floor":[68,67,60,60,60,43,43,37,37,20,42,20,16,9,31,20,61,61,45,45,45,45,23,25,24,24,30,52,62,84,91,91,49,81,85,91,91,91,84,91,91,91,91,84,102,102,103,103,103,89,100,100,100,82,98],"gold":60,"neow_bonus":"RANDOM_COLORLESS_2","is_prod":false,"is_daily":false,"chose_seed":false,"campfire_upgraded":4,"win_rate":0,"timestamp":1550497467,"path_taken":["M","M","?","?","?","E","R","?","T","?","R","E","M","?","R","BOSS","M","M","?","?","$","E","M","E","T","M","R","M","E","M","R","BOSS","M","M","$","M","M","E","R","E","T","E","M","?","?","M","R","BOSS","R","$","E","BOSS"],"build_version":"2019-01-23","purchased_purges":3,"victory":true,"max_hp_per_floor":[75,75,75,75,75,75,75,75,75,75,75,75,75,75,75,75,75,75,75,75,75,75,75,75,75,75,75,75,77,91,91,91,91,91,91,91,91,91,91,91,91,91,91,101,103,103,103,103,103,103,103,103,103,103,103],"card_choices":[{"not_picked":["Chaos","Streamline"],"picked":"Hologram","floor":1},{"not_picked":["Skim","Tempest"],"picked":"Steam","floor":2},{"not_picked":["Reprogram","Hologram"],"picked":"Compile Driver","floor":6},{"not_picked":["Ball Lightning","Lockon"],"picked":"Hello World","floor":8},{"not_picked":["Redo","Beam Cell"],"picked":"Go for the Eyes","floor":10},{"not_picked":["Blizzard","Go for the Eyes"],"picked":"Glacier","floor":12},{"not_picked":["Skim","Barrage"],"picked":"Steam","floor":13},{"not_picked":["Amplify","Machine Learning+1"],"picked":"Fission","floor":16},{"not_picked":["Lockon+1","Genetic Algorithm"],"picked":"Cold Snap","floor":18},{"not_picked":["Reprogram+1","Compile Driver","Turbo"],"picked":"SKIP","floor":19},{"not_picked":["Redo+1","Barrage"],"picked":"Leap","floor":23},{"not_picked":["Skim+1","Genetic Algorithm+1","Recycle+1"],"picked":"Reinforced Body","floor":24},{"not_picked":["Consume","Stack","Reinforced Body"],"picked":"Hologram+1","floor":25},{"not_picked":["Stack+1","Beam Cell","Static Discharge+1"],"picked":"White Noise","floor":27},{"not_picked":["Rebound","Glacier","Recycle","Double Energy"],"picked":"Singing Bowl","floor":29},{"not_picked":["Ball Lightning","Rip and Tear+1","Sweeping Beam"],"picked":"Scrape","floor":30},{"not_picked":["Blizzard","Sweeping Beam","Recycle+1"],"picked":"Go for the Eyes","floor":31},{"not_picked":["Thunder Strike","Fission","Hyperbeam"],"picked":"Electrodynamics+1","floor":33},{"not_picked":["Consume","Hologram","Barrage+1"],"picked":"Conserve Battery+1","floor":35},{"not_picked":["Stack","Go for the Eyes+1","Gash+1"],"picked":"Cold Snap","floor":36},{"not_picked":["Multi-Cast","Static Discharge+1","Turbo+1"],"picked":"Capacitor+1","floor":38},{"not_picked":["Rebound+1","Storm+1","Force Field+1"],"picked":"Defragment+1","floor":39},{"not_picked":["Scrape","Lockon","Double Energy"],"picked":"Hologram+1","floor":40},{"not_picked":["Core Surge","Scrape","Redo+1"],"picked":"Heatsinks+1","floor":42},{"not_picked":["Steam","Redo","Rebound+1"],"picked":"Thunder Strike","floor":44},{"not_picked":["Leap+1","Conserve Battery","Beam Cell+1","Rebound+1"],"picked":"Singing Bowl","floor":45},{"not_picked":["Stack+1","FTL","Sweeping Beam+1"],"picked":"Storm+1","floor":47},{"not_picked":["Melter","Force Field+1","Conserve Battery+1"],"picked":"Hello World+1","floor":48},{"not_picked":["Conserve Battery+1","Fusion+1","Rainbow"],"picked":"Turbo+1","floor":54}],"player_experience":298023,"relics_obtained":[{"floor":6,"key":"Kunai"},{"floor":9,"key":"Frozen Egg 2"},{"floor":10,"key":"Odd Mushroom"},{"floor":12,"key":"Dead Branch"},{"floor":23,"key":"Question Card"},{"floor":23,"key":"Pantograph"},{"floor":25,"key":"Mummified Hand"},{"floor":25,"key":"Happy Flower"},{"floor":26,"key":"Singing Bowl"},{"floor":30,"key":"Bottled Flame"},{"floor":30,"key":"Mango"},{"floor":40,"key":"Blood Vial"},{"floor":40,"key":"Vajra"},{"floor":42,"key":"Smiling Mask"},{"floor":42,"key":"DataDisk"},{"floor":44,"key":"Pear"},{"floor":44,"key":"Pen Nib"},{"floor":54,"key":"Turnip"},{"floor":54,"key":"Thread and Needle"}],"event_choices":[{"damage_healed":0,"gold_gain":0,"player_choice":"Success","damage_taken":7,"relics_obtained":["Bird Faced Urn"],"max_hp_gain":0,"max_hp_loss":0,"event_name":"Scrap Ooze","floor":3,"gold_loss":0},{"cards_removed":["Steam"],"damage_healed":0,"gold_gain":0,"player_choice":"Gave Card","damage_taken":0,"relics_obtained":["Oddly Smooth Stone"],"max_hp_gain":0,"max_hp_loss":0,"event_name":"WeMeetAgain","floor":5,"gold_loss":0},{"damage_healed":0,"gold_gain":0,"player_choice":"Fought Mushrooms","damage_taken":0,"max_hp_gain":0,"max_hp_loss":0,"event_name":"Mushrooms","floor":10,"gold_loss":0},{"cards_removed":["Strike_B"],"damage_healed":0,"gold_gain":0,"player_choice":"Card Removal","damage_taken":7,"max_hp_gain":0,"max_hp_loss":0,"event_name":"Golden Wing","floor":14,"gold_loss":0},{"damage_healed":0,"gold_gain":0,"player_choice":"Obtained Relic","damage_taken":0,"relics_obtained":["Gremlin Horn"],"max_hp_gain":0,"max_hp_loss":0,"event_name":"Addict","floor":20,"gold_loss":85},{"damage_healed":0,"gold_gain":99,"player_choice":"Stole From Cult","damage_taken":0,"max_hp_gain":0,"max_hp_loss":0,"event_name":"Nest","floor":21,"gold_loss":0},{"damage_healed":0,"gold_gain":0,"player_choice":"Trade","damage_taken":0,"relics_obtained":["SsserpentHead"],"max_hp_gain":0,"max_hp_loss":0,"event_name":"FaceTrader","floor":46,"gold_loss":0}],"is_beta":false,"boss_relics":[{"not_picked":["Philosopher\u0027s Stone","Empty Cage"],"picked":"Black Star"},{"not_picked":["Busted Crown","Eternal Feather"],"picked":"Runic Pyramid"}],"items_purged_floors":[22,37,53],"is_endless":false,"potions_floor_spawned":[10,13,16,18,23,27,31,33,35,38,40,45,47],"ascension_level":10}