{"gold_per_floor":[111,131,131,143,158,158,158,7,30,60,60,74,74,87,87,189,189,209,236,246,246,261,261,289,289],"floor_reached":25,"playtime":2505,"items_purged":[],"score":213,"play_id":"43cf65e6-bf5d-4893-b7c3-6fdb61ead2bd","local_time":"20190522075041","is_ascension_mode":false,"campfire_choices":[{"floor":6,"key":"REST"},{"data":"Footwork","floor":11,"key":"SMITH"},{"data":"Survivor","floor":13,"key":"SMITH"},{"data":"Footwork","floor":15,"key":"SMITH"},{"floor":23,"key":"REST"}],"neow_cost":"NONE","seed_source_timestamp":483791408217900,"circlet_count":0,"master_deck":["Defend_G","Defend_G","Defend_G","Defend_G","Defend_G","Strike_G","Strike_G+1","Strike_G","Strike_G","Strike_G","Survivor+1","Neutralize+1","Footwork+1","Neutralize+1","Footwork+1","A Thousand Cuts","Outmaneuver+1","After Image+1"],"relics":["Ring of the Snake","Regal Pillow","Whetstone","Tiny Chest","Black Star","Bag of Preparation","Ancient Tea Set","Frozen Egg 2"],"potions_floor_usage":[24,24,24,24,24,25],"damage_taken":[{"damage":2,"enemies":"Jaw Worm","floor":1,"turns":6},{"damage":0,"enemies":"Cultist","floor":2,"turns":5},{"damage":0,"enemies":"Small Slimes","floor":4,"turns":4},{"damage":27,"enemies":"Exordium Thugs","floor":5,"turns":10},{"damage":2,"enemies":"Blue Slaver","floor":12,"turns":5},{"damage":3,"enemies":"Gremlin Gang","floor":14,"turns":6},{"damage":16,"enemies":"The Guardian","floor":16,"turns":24},{"damage":14,"enemies":"3 Byrds","floor":18,"turns":6},{"damage":1,"enemies":"Chosen","floor":20,"turns":8},{"damage":31,"enemies":"Sentry and Sphere","floor":22,"turns":14},{"damage":48,"enemies":"Book of Stabbing","floor":24,"turns":14},{"damage":13,"enemies":"Chosen and Byrds","floor":25,"turns":4}],"seed_played":"318252136655393913","potions_obtained":[{"floor":2,"key":"GamblersBrew"},{"floor":4,"key":"SpeedPotion"},{"floor":12,"key":"EntropicBrew"},{"floor":14,"key":"EssenceOfSteel"}],"is_trial":false,"path_per_floor":["M","M","?","M","M","R","?","$","T","?","R","M","R","M","R","B",null,"M","T","M","$","M","R","E","M"],"character_chosen":"THE_SILENT","items_purchased":["Regal Pillow"],"campfire_rested":2,"item_purchase_floors":[8],"current_hp_per_floor":[68,68,68,68,41,62,62,62,62,62,62,60,60,57,57,41,70,56,56,55,55,24,60,12,0],"gold":289,"neow_bonus":"UPGRADE_CARD","is_prod":false,"is_daily":false,"chose_seed":false,"campfire_upgraded":3,"win_rate":0,"timestamp":1558540241,"path_taken":["M","M","?","?","M","R","?","?","T","?","R","?","R","M","R","BOSS","M","?","?","$","?","R","E","M"],"build_version":"2019-01-23","purchased_purges":0,"victory":false,"max_hp_per_floor":[70,70,70,70,70,70,70,70,70,70,70,70,70,70,70,70,70,70,70,70,70,70,70,70,70],"card_choices":[{"not_picked":["Dagger Spray","Backflip"],"picked":"Footwork","floor":1},{"not_picked":["Reflex","Tactician","Underhanded Strike"],"picked":"SKIP","floor":2},{"not_picked":["Dodge and Roll","Choke","Flechettes"],"picked":"SKIP","floor":4},{"not_picked":["Sucker Punch","Dagger Throw","Dash"],"picked":"SKIP","floor":5},{"not_picked":["Skewer","Expertise","Acrobatics"],"picked":"SKIP","floor":12},{"not_picked":["Flying Knee","Reflex"],"picked":"Footwork","floor":14},{"not_picked":["Envenom","Bullet Time"],"picked":"A Thousand Cuts","floor":16},{"not_picked":["Deflect","Dagger Spray","Backflip"],"picked":"SKIP","floor":18},{"not_picked":["Acrobatics+1","Deadly Poison+1","Poisoned Stab+1"],"picked":"SKIP","floor":20},{"not_picked":["Prepared","Phantasmal Killer"],"picked":"Outmaneuver+1","floor":22},{"not_picked":["Prepared","Dagger Spray+1"],"picked":"After Image","floor":24}],"player_experience":405350,"relics_obtained":[{"floor":9,"key":"Whetstone"},{"floor":19,"key":"Bag of Preparation"},{"floor":24,"key":"Ancient Tea Set"},{"floor":24,"key":"Frozen Egg 2"}],"event_choices":[{"damage_healed":0,"gold_gain":0,"player_choice":"Ignored","damage_taken":0,"max_hp_gain":0,"max_hp_loss":0,"event_name":"Transmorgrifier","floor":3,"gold_loss":0},{"damage_healed":0,"gold_gain":0,"player_choice":"1 cards matched","damage_taken":0,"max_hp_gain":0,"max_hp_loss":0,"event_name":"Match and Keep!","floor":7,"gold_loss":0,"cards_obtained":["Neutralize"]},{"damage_healed":0,"gold_gain":0,"player_choice":"Gave Potion","damage_taken":0,"relics_obtained":["Tiny Chest"],"max_hp_gain":0,"max_hp_loss":0,"event_name":"WeMeetAgain","floor":10,"gold_loss":0}],"is_beta":false,"boss_relics":[{"not_picked":["HoveringKite","Empty Cage"],"picked":"Black Star"}],"items_purged_floors":[],"is_endless":false,"potions_floor_spawned":[2,4,12,14,20,22],"killed_by":"Chosen and Byrds","ascension_level":0}