{"gold_per_floor":[115,115,128,58,233,233,260,276,276,276,286,74,74,93,93,168,168,182,201,48,67,67],"floor_reached":22,"playtime":716,"items_purged":["Strike_B"],"score":359,"play_id":"d6f46772-6864-48e3-bb1b-4a6305b50fa5","local_time":"20180717203309","is_ascension_mode":true,"campfire_choices":[{"data":"Defragment","floor":6,"key":"SMITH"},{"data":"Apotheosis","floor":13,"key":"SMITH"},{"floor":15,"key":"REST"}],"neow_cost":"NONE","seed_source_timestamp":306751838045796,"circlet_count":0,"master_deck":["Strike_B","Strike_B","Strike_B","Defend_B","Defend_B","Defend_B","Defend_B","Zap+1","Dualcast","AscendersBane","Loop","Barrage","Defragment+1","Doubt","Self Repair","Conserve Battery","Go for the Eyes","Apotheosis+1","Ball Lightning","Machine Learning","Conserve Battery+1","Leap","Consume","Coolheaded"],"relics":["Cracked Core","NeowsBlessing","Dead Branch","Dodecahedron","Ancient Tea Set","Inserter"],"potions_floor_usage":[16,19,19],"damage_taken":[{"damage":0,"enemies":"Cultist","floor":1,"turns":1},{"damage":0,"enemies":"Small Slimes","floor":3,"turns":1},{"damage":0,"enemies":"Gremlin Nob","floor":7,"turns":1},{"damage":3,"enemies":"2 Louse","floor":8,"turns":3},{"damage":9,"enemies":"Red Slaver","floor":11,"turns":3},{"damage":7,"enemies":"Looter","floor":14,"turns":3},{"damage":20,"enemies":"The Guardian","floor":16,"turns":8},{"damage":43,"enemies":"Spheric Guardian","floor":18,"turns":6},{"damage":8,"enemies":"3 Byrds","floor":19,"turns":5},{"damage":13,"enemies":"Cultist and Chosen","floor":21,"turns":7},{"damage":25,"enemies":"Slaver and Parasite","floor":22,"turns":2}],"seed_played":"-6052732743355669340","potions_obtained":[{"floor":11,"key":"Fire Potion"},{"floor":14,"key":"Weak Potion"},{"floor":18,"key":"Weak Potion"},{"floor":21,"key":"Energy Potion"}],"is_trial":false,"path_per_floor":["M","?","M","$","?","R","E","M","T","T","M","$","R","M","R","B",null,"M","M","$","M"],"character_chosen":"DEFECT","items_purchased":["Defragment","Apotheosis","Consume"],"campfire_rested":1,"item_purchase_floors":[4,12,20],"current_hp_per_floor":[64,64,64,64,64,64,64,68,68,68,66,66,66,59,71,61,69,33,35,35,22,0],"gold":67,"neow_bonus":"THREE_ENEMY_KILL","is_prod":false,"is_daily":false,"chose_seed":false,"campfire_upgraded":2,"win_rate":0,"timestamp":1531873989,"path_taken":["M","?","?","$","?","R","E","M","T","?","M","$","R","M","R","BOSS","M","M","$","M","M"],"build_version":"2018-07-12","purchased_purges":1,"victory":false,"max_hp_per_floor":[71,71,71,71,71,71,71,71,71,71,71,71,71,71,71,71,71,71,71,71,71,71],"card_choices":[{"not_picked":["Hologram","Blizzard"],"picked":"Loop","floor":1},{"not_picked":["Compile Driver","Stack"],"picked":"Barrage","floor":3},{"not_picked":["Redo","Hologram"],"picked":"Self Repair","floor":7},{"not_picked":["Beam Cell","Lockon"],"picked":"Conserve Battery","floor":8},{"not_picked":["Steam","Melter"],"picked":"Go for the Eyes","floor":11},{"not_picked":["Go for the Eyes","Hologram"],"picked":"Ball Lightning","floor":14},{"not_picked":["All For One","Creative AI"],"picked":"Machine Learning","floor":16},{"not_picked":["Capacitor","Cold Snap"],"picked":"Conserve Battery+1","floor":18},{"not_picked":["Redo","Compile Driver"],"picked":"Leap","floor":19},{"not_picked":["Force Field","Doom and Gloom"],"picked":"Coolheaded","floor":21}],"player_experience":478183,"relics_obtained":[{"floor":7,"key":"Dead Branch"},{"floor":9,"key":"Dodecahedron"},{"floor":10,"key":"Ancient Tea Set"}],"event_choices":[{"event_name":"Living Wall","player_choice":"Grow","floor":2,"damage_taken":0},{"event_name":"Liars Game","player_choice":"agreed","floor":5,"damage_taken":0}],"boss_relics":[{"not_picked":["Nuclear Battery","Busted Crown"],"picked":"Inserter"}],"items_purged_floors":[20],"is_endless":false,"potions_floor_spawned":[11,14,18,21],"killed_by":"Slaver and Parasite","ascension_level":14}