{"path_per_floor":["M","M","M","?","M","R","?","R","T","M","M","M","M","M","R","B",null,"M","?","$","M","M","R","E","M","T","R","M","$","E","M","R","B",null,"M","?","?","$","M","R","M","$","T","?","R","?","R","T","R","B"],"character_chosen":"IRONCLAD","items_purchased":["Medical Kit","Mind Blast","Pen Nib"],"gold_per_floor":[117,136,147,147,161,161,111,111,180,191,210,222,242,259,259,359,359,377,377,104,119,135,135,168,181,181,181,196,35,61,77,77,176,206,216,216,216,116,136,136,153,35,59,59,59,59,59,59,59,59],"floor_reached":51,"campfire_rested":2,"playtime":2771,"current_hp_per_floor":[84,82,72,69,68,68,68,68,68,74,72,69,70,65,65,34,88,81,81,81,72,59,59,39,38,38,38,38,38,17,18,44,12,93,93,93,93,93,93,93,66,66,66,54,81,81,81,81,81,12],"items_purged":["Writhe","Warcry","Normality"],"gold":59,"score":632,"play_id":"1d55bac7-48fd-44b6-8767-c89769707fce","is_prod":false,"is_daily":false,"is_ascension_mode":true,"campfire_upgraded":4,"path_taken":["M","M","M","?","M","R","?","R","T","M","M","M","M","M","R","BOSS","M","?","$","M","M","R","E","M","T","R","M","$","E","M","R","BOSS","M","?","?","$","?","R","M","$","T","?","R","?","R","?","R","BOSS"],"build_version":"2018-02-15-PROD1","purchased_purges":4,"victory":true,"master_deck":["Inflame","Searing Blow+3","Warcry","Battle Trance","Inflame","Armaments+1","Offering","Shockwave","Shockwave","Iron Wave","Anger","Shrug It Off","Rupture","Metallicize","Anger+1","Warcry+1","Shrug It Off+1","Rage+1","Bloodletting","Mind Blast+1","Flex+1","True Grit+1","Madness+1","Madness+1"],"max_hp_per_floor":[88,88,88,88,88,88,88,88,88,88,88,88,88,88,88,88,88,88,88,88,88,88,88,88,88,88,88,88,88,88,88,88,88,93,93,93,93,93,93,93,93,93,93,93,93,93,93,93,93,93],"relics":["Burning Blood","Ancient Tea Set","Self Forming Clay","Pandora\u0027s Box","Molten Egg 2","Medical Kit","The Courier","Shovel","Lantern","Toxic Egg 2","Tiny House","Art of War","Bag of Marbles","Pen Nib","Oddly Smooth Stone","Singing Bowl","Girya"],"card_choices":[{"not_picked":["Shrug It Off","Clothesline"],"picked":"Inflame"},{"not_picked":["Headbutt","Warcry"],"picked":"Searing Blow"},{"not_picked":["Twin Strike","Anger"],"picked":"Warcry"},{"not_picked":["Wild Strike","Iron Wave"],"picked":"Warcry"},{"not_picked":["Ghostly Armor","Thunderclap"],"picked":"Battle Trance"},{"not_picked":["Sword Boomerang","Demon Form"],"picked":"Inflame"},{"not_picked":["Spot Weakness","Thunderclap"],"picked":"Armaments"},{"not_picked":["Exhume","Berserk"],"picked":"Offering"},{"not_picked":["Pommel Strike","Perfected Strike"],"picked":"Warcry"},{"not_picked":["Uppercut","Perfected Strike"],"picked":"Shrug It Off"},{"not_picked":["Second Wind","Impervious"],"picked":"Rage"},{"not_picked":["Anger","Havoc"],"picked":"Bloodletting"},{"not_picked":["Cleave","Clash"],"picked":"Flex"},{"not_picked":["Sword Boomerang","Searing Blow"],"picked":"True Grit"}],"player_experience":165296,"potions_floor_usage":[50,50],"damage_taken":[{"damage":10.0,"enemies":"Small Slimes","floor":1.0,"turns":3.0},{"damage":8.0,"enemies":"2 Louse","floor":2.0,"turns":3.0},{"damage":16.0,"enemies":"Jaw Worm","floor":3.0,"turns":4.0},{"damage":7.0,"enemies":"Looter","floor":5.0,"turns":4.0},{"damage":0.0,"enemies":"Exordium Wildlife","floor":10.0,"turns":2.0},{"damage":8.0,"enemies":"Blue Slaver","floor":11.0,"turns":4.0},{"damage":9.0,"enemies":"Looter","floor":12.0,"turns":3.0},{"damage":5.0,"enemies":"Large Slime","floor":13.0,"turns":6.0},{"damage":11.0,"enemies":"Exordium Thugs","floor":14.0,"turns":3.0},{"damage":37.0,"enemies":"Slime Boss","floor":16.0,"turns":10.0},{"damage":13.0,"enemies":"3 Byrds","floor":18.0,"turns":5.0},{"damage":15.0,"enemies":"Chosen","floor":21.0,"turns":4.0},{"damage":19.0,"enemies":"Snake Plant","floor":22.0,"turns":4.0},{"damage":26.0,"enemies":"Gremlin Leader","floor":24.0,"turns":5.0},{"damage":7.0,"enemies":"3 Cultists","floor":25.0,"turns":4.0},{"damage":6.0,"enemies":"Centurion and Healer","floor":28.0,"turns":5.0},{"damage":27.0,"enemies":"Slavers","floor":30.0,"turns":7.0},{"damage":5.0,"enemies":"Chosen and Byrds","floor":31.0,"turns":6.0},{"damage":38.0,"enemies":"Automaton","floor":33.0,"turns":10.0},{"damage":0.0,"enemies":"Orb Walker","floor":35.0,"turns":3.0},{"damage":5.0,"enemies":"3 Shapes","floor":39.0,"turns":4.0},{"damage":33.0,"enemies":"Maw","floor":41.0,"turns":7.0},{"damage":90,"enemies":"Donu and Deca","floor":50,"turns":10}],"event_choices":[{"event_name":"Scrap Ooze","player_choice":"success","floor":4.0,"damage_taken":3.0},{"event_name":"The Cleric","player_choice":"Card Removal","floor":7.0,"damage_taken":0.0},{"event_name":"The Mausoleum","player_choice":"Yes","floor":19.0,"damage_taken":0.0},{"event_name":"Accursed Blacksmith","player_choice":"Rummage","floor":36.0,"damage_taken":0.0},{"event_name":"Tomb of Lord Red Mask","player_choice":"Ignored","floor":37.0,"damage_taken":0.0},{"event_name":"Winding Halls","player_choice":"Embrace Madness","floor":44.0,"damage_taken":0.0}],"boss_relics":[],"potions_floor_spawned":[2,5,12,13,18,28,33,39],"seed_played":"-8897558415736829330","ascension_level":4,"is_trial":false}