{"path_per_floor":["M","?","T","M","?","R","E","R","T","$","?","M","R","M","R","B",null,"M","?","$","M","M","R"],"character_chosen":"IRONCLAD","items_purchased":["Armaments","Whirlwind","Barricade"],"gold_per_floor":[111,111,111,129,129,129,164,164,191,91,91,106,106,125,125,230,230,240,240,39,52,65,65],"floor_reached":24,"campfire_rested":2,"playtime":1534,"current_hp_per_floor":[80,77,77,80,64,64,33,57,57,57,57,65,65,54,78,38,80,73,73,73,73,48,48],"items_purged":["Strike_R"],"gold":65,"play_id":"13ba5880-12ee-4c0a-8831-0f3b75e68343","is_prod":false,"is_daily":false,"is_ascension_mode":false,"campfire_upgraded":3,"path_taken":["M","?","?","M","?","R","E","R","T","$","?","M","R","M","R","BOSS","M","?","$","M","M","R","E"],"build_version":"2018-01-25-PROD3","purchased_purges":1,"victory":false,"master_deck":["Strike_R+1","Defend_R+1","Defend_R","Defend_R","Defend_R","Bash","Body Slam+1","Heavy Blade","Armaments+1","Fiend Fire","Combust+1","Twin Strike+1","Headbutt+1","Heavy Blade+1","Trip","Bash","Whirlwind+1","Barricade","Blood for Blood+1"],"max_hp_per_floor":[80,80,80,80,80,80,80,80,80,80,80,80,80,80,80,80,80,80,80,80,80,80,80],"relics":["Burning Blood","Blood Vial","Prayer Wheel","Mummified Hand","Lantern","Astrolabe"],"card_choices":[{"not_picked":["Power Through","Warcry"],"picked":"Body Slam"},{"not_picked":["Pommel Strike","Iron Wave"],"picked":"Heavy Blade"},{"not_picked":["Brutality","Bludgeon"],"picked":"Fiend Fire"},{"not_picked":["Reckless Charge","Headbutt"],"picked":"Heavy Blade"},{"not_picked":["Pommel Strike","Pummel"],"picked":"Blood for Blood"}],"player_experience":24546,"potions_floor_usage":[16,24],"damage_taken":[{"damage":6,"enemies":"Small Slimes","floor":1,"turns":4},{"damage":1,"enemies":"Jaw Worm","floor":4,"turns":4},{"damage":39,"enemies":"3 Sentries","floor":7,"turns":9},{"damage":0,"enemies":"2 Louse","floor":12,"turns":2},{"damage":19,"enemies":"Exordium Thugs","floor":14,"turns":6},{"damage":48,"enemies":"The Guardian","floor":16,"turns":12},{"damage":13,"enemies":"Spheric Guardian","floor":18,"turns":4},{"damage":8,"enemies":"Chosen","floor":21,"turns":4},{"damage":33,"enemies":"3 Cultists","floor":22,"turns":5},{"damage":44,"enemies":"Slavers","floor":24,"turns":3}],"event_choices":[{"event_name":"Scrap Ooze","player_choice":"success","floor":2,"damage_taken":3},{"event_name":"Shining Light","player_choice":"Entered Light","floor":5,"damage_taken":0},{"event_name":"Liars Game","player_choice":"disagreed","floor":11,"damage_taken":0},{"event_name":"Match and Keep!","player_choice":"2 cards matched","floor":19,"damage_taken":0}],"boss_relics":[{"not_picked":["Snecko Eye","Runic Cube"],"picked":"Astrolabe"}],"potions_floor_spawned":[7,18],"seed_played":"-6944065988063211457","killed_by":"Slavers","ascension_level":0,"is_trial":false}