{"gold_per_floor":[113,113,113,125,138,138,163,182,182,182,208,224,224,241,241,336,336,348,313,313,323,16,16],"floor_reached":23,"playtime":944,"items_purged":[],"score":325,"play_id":"5411d57e-cc41-4654-99be-0042d8a948fb","local_time":"20190220121943","is_ascension_mode":true,"campfire_choices":[{"data":"Zap","floor":6,"key":"SMITH"},{"floor":10,"key":"REST"},{"data":"Conserve Battery","floor":15,"key":"SMITH"}],"neow_cost":"NONE","seed_source_timestamp":647418454123624,"circlet_count":0,"master_deck":["AscendersBane","Strike_B","Strike_B","Defend_B","Defend_B","Defend_B","Defend_B","Zap+1","Dualcast","Loop","Reinforced Body","Cold Snap","Steam","Loop","Go for the Eyes","Turbo","Conserve Battery+1","Parasite","Chill","Reboot","Sweeping Beam","Beam Cell"],"relics":["Cracked Core","NeowsBlessing","Boot","Bag of Marbles","Meat on the Bone","Cursed Key","DataDisk","Anchor"],"potions_floor_usage":[7,8,16,18,23,23,23],"damage_taken":[{"damage":0,"enemies":"Jaw Worm","floor":1,"turns":1},{"damage":0,"enemies":"Small Slimes","floor":4,"turns":1},{"damage":0,"enemies":"2 Louse","floor":5,"turns":1},{"damage":29,"enemies":"Gremlin Nob","floor":7,"turns":5},{"damage":8,"enemies":"Lots of Slimes","floor":8,"turns":5},{"damage":7,"enemies":"Lagavulin","floor":11,"turns":7},{"damage":10,"enemies":"Exordium Wildlife","floor":12,"turns":3},{"damage":39,"enemies":"Gremlin Gang","floor":14,"turns":6},{"damage":6,"enemies":"The Guardian","floor":16,"turns":16},{"damage":27,"enemies":"3 Byrds","floor":18,"turns":7},{"damage":9,"enemies":"2 Thieves","floor":19,"turns":5},{"damage":32,"enemies":"Snake Plant","floor":21,"turns":7},{"damage":25,"enemies":"Book of Stabbing","floor":23,"turns":8}],"seed_played":"-5494309877819410662","potions_obtained":[{"floor":5,"key":"Swift Potion"},{"floor":7,"key":"Fire Potion"},{"floor":8,"key":"Energy Potion"},{"floor":12,"key":"FearPotion"},{"floor":19,"key":"SpeedPotion"},{"floor":20,"key":"EntropicBrew"}],"is_trial":false,"path_per_floor":["M","?","?","M","M","R","E","M","T","R","E","M","?","M","R","B",null,"M","M","?","M","$","E"],"character_chosen":"DEFECT","items_purchased":["DataDisk","Anchor"],"campfire_rested":1,"item_purchase_floors":[22,22],"current_hp_per_floor":[68,61,61,61,61,61,32,24,24,46,39,41,59,32,32,38,66,39,42,42,22,22,0],"gold":16,"neow_bonus":"THREE_ENEMY_KILL","is_prod":false,"is_daily":false,"chose_seed":false,"campfire_upgraded":2,"win_rate":0,"timestamp":1550683183,"path_taken":["M","?","?","M","M","R","E","M","T","R","E","M","?","M","R","BOSS","M","M","?","M","$","E"],"build_version":"2019-01-23","purchased_purges":0,"victory":false,"max_hp_per_floor":[75,75,75,75,75,75,75,75,75,75,75,75,75,75,75,75,75,75,75,75,75,75,75],"card_choices":[{"not_picked":["Turbo","Hologram"],"picked":"Loop","floor":1},{"not_picked":["Lockon","Rebound"],"picked":"Cold Snap","floor":4},{"not_picked":["Double Energy","Stack"],"picked":"Steam","floor":5},{"not_picked":["Ball Lightning","Steam"],"picked":"Loop","floor":7},{"not_picked":["Meteor Strike","Barrage"],"picked":"Go for the Eyes","floor":8},{"not_picked":["Scrape","Rip and Tear"],"picked":"Turbo","floor":11},{"not_picked":["Static Discharge","Skim"],"picked":"Conserve Battery","floor":12},{"not_picked":["Gash","Beam Cell"],"picked":"Chill","floor":14},{"not_picked":["Machine Learning","Thunder Strike"],"picked":"Reboot","floor":16},{"not_picked":["Coolheaded","Barrage"],"picked":"Sweeping Beam","floor":18},{"not_picked":["Aggregate","Sweeping Beam"],"picked":"Beam Cell","floor":19},{"not_picked":["Sunder","Sweeping Beam","Chaos"],"picked":"SKIP","floor":21}],"player_experience":325037,"relics_obtained":[{"floor":7,"key":"Boot"},{"floor":9,"key":"Bag of Marbles"},{"floor":11,"key":"Meat on the Bone"}],"event_choices":[{"cards_removed":["Strike_B"],"damage_healed":0,"gold_gain":0,"player_choice":"Card Removal","damage_taken":7,"max_hp_gain":0,"max_hp_loss":0,"event_name":"Golden Wing","floor":2,"gold_loss":0},{"damage_healed":0,"gold_gain":0,"cards_transformed":["Strike_B"],"player_choice":"Change","damage_taken":0,"max_hp_gain":0,"max_hp_loss":0,"event_name":"Living Wall","floor":3,"gold_loss":0,"cards_obtained":["Reinforced Body"]},{"damage_healed":18,"gold_gain":0,"player_choice":"Healed and dodged fight","damage_taken":0,"max_hp_gain":0,"max_hp_loss":0,"event_name":"Mushrooms","floor":13,"gold_loss":0,"cards_obtained":["Parasite"]},{"damage_healed":0,"gold_gain":0,"player_choice":"Got Potions","damage_taken":0,"max_hp_gain":0,"max_hp_loss":0,"event_name":"Lab","floor":20,"gold_loss":0}],"is_beta":false,"boss_relics":[{"not_picked":["Velvet Choker","Tiny House"],"picked":"Cursed Key"}],"items_purged_floors":[],"is_endless":false,"potions_floor_spawned":[5,7,8,12,19,21],"killed_by":"Book of Stabbing","ascension_level":12}