{"gold_per_floor":[109,184,184,201,219,252,2,2,2,32,32,51,51,6,6,101,101,116,116,129,129,146,146,174,174,243,243,257,268,26,36,36,134,134,150,150,0,14,114,114,130,140,140,171,171,182,15,40,40,40],"floor_reached":51,"playtime":4173,"items_purged":["Strike_B"],"score":956,"play_id":"de03df0c-1f74-42b9-98b3-87958243db11","local_time":"20190119133855","is_ascension_mode":true,"campfire_choices":[{"floor":8.0,"key":"REST"},{"floor":11.0,"key":"REST"},{"data":"Zap","floor":13.0,"key":"SMITH"},{"data":"Creative AI","floor":15.0,"key":"SMITH"},{"floor":23.0,"key":"REST"},{"floor":27.0,"key":"REST"},{"floor":32,"key":"REST"},{"data":"Buffer","floor":40,"key":"SMITH"},{"data":"Amplify","floor":45,"key":"SMITH"},{"floor":49,"key":"REST"}],"neow_cost":"NONE","seed_source_timestamp":155771316973663,"circlet_count":0,"master_deck":["Zap+1","Dualcast","Genetic Algorithm","Steam","Glacier","Turbo","Creative AI+1","Turbo","Redo","Steam","Reboot","Conserve Battery+1","Storm+1","Auto Shields","Stack","BootSequence","Magnetism","Buffer+1","Machine Learning","Amplify+1","Cold Snap+1","Reprogram","Thunder Strike+1","Tempest","Sunder","Hello World+1","Blind","Stack+1","Steam Power","Loop+1","Hologram","Storm","Hologram","Turbo"],"special_seed":0,"relics":["Runic Pyramid","Ice Cream","Bottled Flame","Cables","Philosopher\u0027s Stone","Nilry\u0027s Codex","PreservedInsect","Mummified Hand","Pandora\u0027s Box","Red Mask","Mango","Ornamental Fan","Sundial","Whetstone"],"potions_floor_usage":[31,42,48,50,50],"damage_taken":[{"damage":2.0,"enemies":"Jaw Worm","floor":1.0,"turns":4.0},{"damage":5.0,"enemies":"Small Slimes","floor":4.0,"turns":4.0},{"damage":0.0,"enemies":"Cultist","floor":5.0,"turns":5.0},{"damage":30.0,"enemies":"3 Sentries","floor":6.0,"turns":10.0},{"damage":50.0,"enemies":"Gremlin Nob","floor":10.0,"turns":5.0},{"damage":5.0,"enemies":"Exordium Thugs","floor":12.0,"turns":6.0},{"damage":0.0,"enemies":"Looter","floor":14.0,"turns":5.0},{"damage":4.0,"enemies":"The Guardian","floor":16.0,"turns":12.0},{"damage":0.0,"enemies":"Chosen","floor":18.0,"turns":7.0},{"damage":8.0,"enemies":"2 Thieves","floor":20.0,"turns":4.0},{"damage":15.0,"enemies":"Chosen and Byrds","floor":22.0,"turns":8.0},{"damage":32.0,"enemies":"Book of Stabbing","floor":24.0,"turns":7.0},{"damage":0.0,"enemies":"Snecko","floor":28.0,"turns":4.0},{"damage":24.0,"enemies":"Shelled Parasite and Fungi","floor":29.0,"turns":5.0},{"damage":0,"enemies":"Chosen and Byrds","floor":31,"turns":4},{"damage":11,"enemies":"Champ","floor":33,"turns":7},{"damage":0,"enemies":"3 Shapes","floor":35,"turns":3},{"damage":0,"enemies":"3 Darklings","floor":38,"turns":3},{"damage":0,"enemies":"Mind Bloom Boss Battle","floor":39,"turns":3},{"damage":13,"enemies":"4 Shapes","floor":41,"turns":4},{"damage":0,"enemies":"Transient","floor":42,"turns":5},{"damage":0,"enemies":"Giant Head","floor":44,"turns":6},{"damage":9,"enemies":"Jaw Worm Horde","floor":46,"turns":4},{"damage":0,"enemies":"Reptomancer","floor":48,"turns":4},{"damage":16,"enemies":"Donu and Deca","floor":50,"turns":6}],"seed_played":"-3725928940599235584","potions_obtained":[{"floor":4.0,"key":"SpeedPotion"},{"floor":5.0,"key":"FairyPotion"},{"floor":10.0,"key":"Explosive Potion"},{"floor":12.0,"key":"LiquidBronze"},{"floor":20.0,"key":"Weak Potion"},{"floor":24.0,"key":"Fire Potion"},{"floor":33,"key":"Fire Potion"},{"floor":38,"key":"Fire Potion"},{"floor":42,"key":"Ancient Potion"},{"floor":46,"key":"Weak Potion"}],"is_trial":false,"path_per_floor":["M","?","?","M","M","E","$","R","T","E","R","M","R","M","R","B",null,"M","?","M","?","M","R","E","?","T","R","M","M","$","M","R","B",null,"M","?","?","M","?","R","M","M","T","E","R","M","$","E","R","B",null],"character_chosen":"DEFECT","items_purchased":["Turbo","Creative AI","BootSequence","Magnetism","Dexterity Potion","Storm","Hologram"],"campfire_rested":6,"item_purchase_floors":[7,7,30,30,47,47,47],"current_hp_per_floor":[66,55,48,43,43,13,13,35,35,7,29,24,24,24,24,20,61,61,45,37,37,22,44,12,12,12,34,34,10,10,10,32,21,62,62,62,62,62,76,76,63,63,63,63,63,54,54,54,80,64],"gold":40,"neow_bonus":"BOSS_RELIC","is_prod":false,"is_daily":false,"chose_seed":false,"campfire_upgraded":4,"win_rate":0,"timestamp":1547923135,"path_taken":["M","?","?","M","M","E","$","R","T","E","R","?","R","M","R","BOSS","M","?","M","?","M","R","E","?","T","R","?","M","$","M","R","BOSS","M","?","?","M","?","R","M","M","T","E","R","?","$","E","R","BOSS"],"build_version":"2019-01-17v2","purchased_purges":1,"victory":true,"max_hp_per_floor":[75,75,75,75,75,75,75,75,75,75,75,75,75,75,75,75,75,75,75,75,75,75,75,75,75,75,75,75,75,75,75,75,75,75,75,75,75,75,89,89,89,89,89,89,89,89,89,89,89,89],"card_choices":[{"not_picked":["Coolheaded","Sweeping Beam"],"picked":"Genetic Algorithm","floor":1.0},{"not_picked":["Reinforced Body","Redo"],"picked":"Steam","floor":4.0},{"not_picked":["Heatsinks","Lockon","Streamline"],"picked":"SKIP","floor":5.0},{"not_picked":["Biased Cognition","Reinforced Body"],"picked":"Glacier","floor":6.0},{"not_picked":["Ball Lightning","Leap"],"picked":"Turbo","floor":10.0},{"not_picked":["Ball Lightning","Beam Cell"],"picked":"Redo","floor":12.0},{"not_picked":["Compile Driver","Go for the Eyes"],"picked":"Steam","floor":14.0},{"not_picked":["Thunder Strike","Core Surge"],"picked":"Reboot","floor":16.0},{"not_picked":["Turbo","Darkness"],"picked":"Conserve Battery+1","floor":18.0},{"not_picked":["Redo","Aggregate","Chaos"],"picked":"SKIP","floor":20.0},{"not_picked":["Rebound","Gash","Force Field"],"picked":"SKIP","floor":22.0},{"not_picked":["Machine Learning","Conserve Battery"],"picked":"Storm+1","floor":24.0},{"not_picked":["Compile Driver+1","Sweeping Beam"],"picked":"Auto Shields","floor":28.0},{"not_picked":["Cold Snap","Blizzard+1"],"picked":"Stack","floor":29.0},{"not_picked":["Sweeping Beam","Ball Lightning+1","FTL"],"picked":"SKIP","floor":31},{"not_picked":["Thunder Strike","Creative AI"],"picked":"Buffer","floor":33},{"not_picked":["Turbo","Streamline"],"picked":"Hello World+1","floor":35},{"not_picked":["Mind Blast","Trip"],"picked":"Blind","floor":36},{"not_picked":["Barrage","Scrape"],"picked":"Stack+1","floor":38},{"not_picked":["Conserve Battery","Core Surge"],"picked":"Steam Power","floor":41},{"not_picked":["Ball Lightning","Streamline+1"],"picked":"Loop+1","floor":42},{"not_picked":["Biased Cognition","Barrage+1","Stack+1"],"picked":"SKIP","floor":44},{"not_picked":["Biased Cognition","Barrage+1","Stack+1"],"picked":"SKIP","floor":44},{"not_picked":["Barrage","Steam+1"],"picked":"Hologram","floor":46},{"not_picked":["Redo+1","Beam Cell"],"picked":"Turbo","floor":48}],"player_experience":185545,"relics_obtained":[{"floor":6.0,"key":"Ice Cream"},{"floor":9.0,"key":"Bottled Flame"},{"floor":10.0,"key":"Cables"},{"floor":19.0,"key":"Nilry\u0027s Codex"},{"floor":24.0,"key":"PreservedInsect"},{"floor":26.0,"key":"Mummified Hand"},{"floor":39,"key":"Mango"},{"floor":43,"key":"Ornamental Fan"},{"floor":44,"key":"Sundial"},{"floor":48,"key":"Whetstone"}],"event_choices":[{"damage_healed":0.0,"max_hp_gain":0.0,"max_hp_loss":0.0,"gold_gain":75.0,"event_name":"World of Goop","player_choice":"Gather Gold","floor":2.0,"gold_loss":0.0,"damage_taken":11.0},{"damage_healed":0.0,"max_hp_gain":0.0,"max_hp_loss":0.0,"gold_gain":0.0,"event_name":"Wheel of Change","player_choice":"Damaged","floor":3.0,"gold_loss":0.0,"damage_taken":7.0},{"damage_healed":0.0,"max_hp_gain":0.0,"max_hp_loss":0.0,"gold_gain":0.0,"event_name":"Cursed Tome","player_choice":"Obtained Book","floor":19.0,"gold_loss":0.0,"damage_taken":16.0},{"damage_healed":0.0,"max_hp_gain":0.0,"max_hp_loss":0.0,"gold_gain":0.0,"event_name":"Ghosts","player_choice":"Ignored","floor":21.0,"gold_loss":0.0,"damage_taken":0.0},{"damage_healed":0.0,"max_hp_gain":0.0,"max_hp_loss":0.0,"gold_gain":0.0,"event_name":"N\u0027loth","player_choice":"Ignored","floor":25.0,"gold_loss":0.0,"damage_taken":0.0},{"damage_healed":0,"gold_gain":0,"player_choice":"Memory 1","damage_taken":0,"max_hp_gain":0,"max_hp_loss":0,"event_name":"SensoryStone","floor":36,"gold_loss":0},{"damage_healed":0,"gold_gain":0,"player_choice":"Paid","damage_taken":0,"relics_obtained":["Red Mask"],"max_hp_gain":0,"max_hp_loss":0,"event_name":"Tomb of Lord Red Mask","floor":37,"gold_loss":150},{"damage_healed":0,"gold_gain":0,"player_choice":"Fight","damage_taken":0,"max_hp_gain":0,"max_hp_loss":0,"event_name":"MindBloom","floor":39,"gold_loss":0}],"is_beta":false,"boss_relics":[{"not_picked":["Ectoplasm","Busted Crown"],"picked":"Philosopher\u0027s Stone"},{"not_picked":["Snecko Eye","Velvet Choker"],"picked":"Pandora\u0027s Box"}],"items_purged_floors":[7],"is_endless":false,"potions_floor_spawned":[4,5,10,12,20,24,33,38,42,46],"ascension_level":6}