{"gold_per_floor":[118,118,129,129,129,156,169,185,185,185,185,185,216,245,257,372,384,415,442,454,484,26,53,73,73,119,44,57,84,84,117,117,117],"floor_reached":33,"playtime":2127,"items_purged":[],"score":435,"play_id":"3d83ad8b-0429-4d53-82de-ce07cf9b0a54","local_time":"20190117150214","is_ascension_mode":true,"campfire_choices":[{"data":"Zap","floor":10,"key":"SMITH"},{"data":"Dualcast","floor":12,"key":"SMITH"},{"floor":15,"key":"REST"},{"floor":25,"key":"REST"},{"floor":32,"key":"REST"}],"neow_cost":"NONE","seed_source_timestamp":679559260876281,"circlet_count":0,"master_deck":["Strike_B","Defend_B","Defend_B","Defend_B","Defend_B","Zap+1","Dualcast+1","Darkness","Tempest","Ball Lightning","Compile Driver","Conserve Battery","Steam","Stack","Go for the Eyes","Reboot","Hyperbeam","Melter","Hello World+1","Beam Cell+1","Chrysalis","Discovery","Chill+1","Steam Power","Beam Cell","Rainbow","Redo+1"],"relics":["Cracked Core","Lantern","Pear","Centennial Puzzle","MawBank","Nuclear Battery","GremlinMask","Toy Ornithopter","Sundial","Orichalcum","Incense Burner","Anchor","Oddly Smooth Stone"],"potions_floor_usage":[13,14,19,21,24,29,29],"damage_taken":[{"damage":3,"enemies":"2 Louse","floor":1,"turns":4},{"damage":6,"enemies":"Jaw Worm","floor":3,"turns":4},{"damage":20,"enemies":"3 Sentries","floor":6,"turns":6},{"damage":1,"enemies":"Cultist","floor":7,"turns":3},{"damage":1,"enemies":"Exordium Wildlife","floor":8,"turns":2},{"damage":13,"enemies":"Lagavulin","floor":13,"turns":4},{"damage":7,"enemies":"Gremlin Gang","floor":14,"turns":2},{"damage":26,"enemies":"The Guardian","floor":16,"turns":9},{"damage":5,"enemies":"2 Thieves","floor":18,"turns":3},{"damage":2,"enemies":"Chosen","floor":19,"turns":2},{"damage":8,"enemies":"Snecko","floor":21,"turns":3},{"damage":5,"enemies":"Book of Stabbing","floor":23,"turns":5},{"damage":27,"enemies":"Centurion and Healer","floor":24,"turns":5},{"damage":16,"enemies":"Sentry and Sphere","floor":28,"turns":3},{"damage":11,"enemies":"Gremlin Leader","floor":29,"turns":5},{"damage":7,"enemies":"Book of Stabbing","floor":31,"turns":4},{"damage":72,"enemies":"Collector","floor":33,"turns":9}],"seed_played":"-3134970151385659193","potions_obtained":[{"floor":1,"key":"SpeedPotion"},{"floor":6,"key":"FearPotion"},{"floor":11,"key":"Dexterity Potion"},{"floor":11,"key":"Explosive Potion"},{"floor":13,"key":"PowerPotion"},{"floor":16,"key":"AttackPotion"},{"floor":21,"key":"SpeedPotion"},{"floor":23,"key":"SteroidPotion"},{"floor":24,"key":"Fruit Juice"}],"is_trial":false,"path_per_floor":["M","?","M","?","?","E","M","M","T","R","?","R","E","M","R","B",null,"M","M","?","M","$","E","M","R","T","?","M","E","T","E","R","B"],"character_chosen":"DEFECT","items_purchased":["Chrysalis","Discovery","Toy Ornithopter"],"campfire_rested":3,"item_purchase_floors":[22,22,22],"current_hp_per_floor":[65,53,47,72,72,62,61,60,60,60,60,60,47,40,65,39,74,69,67,67,59,59,54,37,64,64,64,48,47,47,40,67,0],"gold":117,"neow_bonus":"TRANSFORM_CARD","is_prod":false,"is_daily":false,"chose_seed":false,"campfire_upgraded":2,"win_rate":0,"timestamp":1547755334,"path_taken":["M","?","M","?","?","E","M","?","T","R","?","R","E","M","R","BOSS","M","?","?","M","?","E","M","R","T","?","M","E","?","E","R","BOSS"],"build_version":"2019-01-10","purchased_purges":0,"victory":false,"max_hp_per_floor":[75,75,75,75,75,85,85,85,85,85,85,85,85,85,85,85,85,85,85,85,85,85,85,90,90,90,90,90,90,90,90,90,90],"card_choices":[{"not_picked":["Cold Snap","Compile Driver"],"picked":"Tempest","floor":1},{"not_picked":["Compile Driver","FTL"],"picked":"Ball Lightning","floor":3},{"not_picked":["Steam Power","Rebound"],"picked":"Conserve Battery","floor":6},{"not_picked":["Compile Driver","Rebound"],"picked":"Steam","floor":7},{"not_picked":["Rebound","Sweeping Beam"],"picked":"Stack","floor":8},{"not_picked":["Recycle","Glacier"],"picked":"Go for the Eyes","floor":13},{"not_picked":["Leap","Cold Snap"],"picked":"Reboot","floor":14},{"not_picked":["Biased Cognition","Thunder Strike"],"picked":"Hyperbeam","floor":16},{"not_picked":["Hello World","Stack"],"picked":"Melter","floor":18},{"not_picked":["Leap","Sweeping Beam"],"picked":"Hello World+1","floor":19},{"not_picked":["Go for the Eyes","Sweeping Beam"],"picked":"Beam Cell+1","floor":21},{"not_picked":["Ball Lightning","Gash"],"picked":"Chill+1","floor":23},{"not_picked":["Amplify","Hologram"],"picked":"Steam Power","floor":24},{"not_picked":["Auto Shields","Sunder"],"picked":"Beam Cell","floor":28},{"not_picked":["Steam","Reprogram"],"picked":"Rainbow","floor":29},{"not_picked":["Creative AI","Consume"],"picked":"Redo+1","floor":31}],"player_experience":130789,"relics_obtained":[{"floor":6,"key":"Pear"},{"floor":9,"key":"Centennial Puzzle"},{"floor":13,"key":"MawBank"},{"floor":23,"key":"Sundial"},{"floor":26,"key":"Orichalcum"},{"floor":29,"key":"Incense Burner"},{"floor":30,"key":"Anchor"},{"floor":31,"key":"Oddly Smooth Stone"}],"event_choices":[{"damage_healed":0,"gold_gain":0,"player_choice":"Success","damage_taken":12,"relics_obtained":["Lantern"],"max_hp_gain":0,"max_hp_loss":0,"event_name":"Scrap Ooze","floor":2,"gold_loss":0},{"damage_healed":25,"gold_gain":0,"player_choice":"Banana","damage_taken":0,"max_hp_gain":0,"max_hp_loss":0,"event_name":"Big Fish","floor":4,"gold_loss":0},{"damage_healed":0,"gold_gain":0,"cards_transformed":["Strike_B"],"player_choice":"Transformed","damage_taken":0,"max_hp_gain":0,"max_hp_loss":0,"event_name":"Transmorgrifier","floor":5,"gold_loss":0,"cards_obtained":["Compile Driver"]},{"damage_healed":0,"gold_gain":0,"player_choice":"Got Potions","damage_taken":0,"max_hp_gain":0,"max_hp_loss":0,"event_name":"Lab","floor":11,"gold_loss":0},{"damage_healed":0,"gold_gain":0,"player_choice":"Trade","damage_taken":0,"relics_obtained":["GremlinMask"],"max_hp_gain":0,"max_hp_loss":0,"event_name":"FaceTrader","floor":20,"gold_loss":0},{"cards_removed":["Strike_B"],"damage_healed":0,"gold_gain":0,"player_choice":"Gave Gold","damage_taken":0,"max_hp_gain":0,"max_hp_loss":0,"event_name":"Beggar","floor":27,"gold_loss":75}],"is_beta":false,"boss_relics":[{"not_picked":["White Beast Statue","Philosopher\u0027s Stone"],"picked":"Nuclear Battery"}],"items_purged_floors":[],"is_endless":false,"potions_floor_spawned":[1,6,13,16,21,23,24],"killed_by":"Collector","ascension_level":6}