{"path_per_floor":["M","?","M","M","?","E","R","M","T","M","R","?","?","M","R","B",null,"M","$","?","M","?","E","R","?","T","M","M","M","E","M","R","B",null,"M","M","M","?","M","M","$","M","T","R","E","M","M","$","R"],"character_chosen":"THE_SILENT","items_purchased":["Paper Crane","Toxic Egg 2","Panache","Endless Agony"],"gold_per_floor":[115,115,130,145,145,173,173,189,189,200,200,200,200,212,212,316,316,329,76,76,87,87,122,122,122,194,211,229,242,276,296,296,393,393,404,418,431,431,441,457,133,150,173,173,207,217,230,1,1,1],"floor_reached":50,"campfire_rested":3,"playtime":5001,"item_purchase_floors":[19,41,48,48],"current_hp_per_floor":[70,70,70,70,70,20,41,40,40,32,53,46,43,41,62,58,70,67,67,67,62,49,44,44,38,38,49,47,49,49,45,45,39,49,48,43,30,30,28,42,42,49,49,49,39,40,45,45,45,0],"items_purged":["Defend_G"],"gold":1,"score":595,"play_id":"d087d7f8-08fc-4498-a301-07a1b798102e","local_time":"20180620051039","is_prod":false,"is_daily":false,"chose_seed":false,"is_ascension_mode":false,"campfire_upgraded":4,"win_rate":0.0,"timestamp":1529500239,"campfire_choices":[{"floor":7,"key":"REST"},{"floor":11,"key":"REST"},{"floor":15,"key":"REST"},{"data":"Adrenaline","floor":24,"key":"SMITH"},{"data":"Noxious Fumes","floor":32,"key":"SMITH"},{"data":"RitualDagger","floor":44,"key":"SMITH"},{"data":"Panache","floor":49,"key":"SMITH"}],"path_taken":["M","?","M","M","?","E","R","?","T","M","R","?","?","M","R","BOSS","M","$","?","M","?","E","R","?","T","?","?","?","E","M","R","BOSS","M","M","?","?","M","M","$","M","T","R","E","M","?","?","R","BOSS"],"build_version":"2018-06-14v2","seed_source_timestamp":129106050591687,"purchased_purges":1,"victory":false,"master_deck":["Defend_G","Defend_G","Defend_G","Defend_G+1","Survivor","Neutralize","Heel Hook","Crippling Poison+1","Endless Agony","Dash","Dash","Poisoned Stab","Slice","Adrenaline+1","Predator+1","Bite","Bite","Bite","Bite","Bite","RitualDagger+1","Backstab+1","Noxious Fumes+1","Venomology","Slice+1","Quick Slash+1","Flying Knee+1","Panache+1","Endless Agony"],"max_hp_per_floor":[70,70,70,70,70,70,70,70,70,70,70,70,70,70,70,70,70,70,70,70,70,49,49,49,49,49,49,49,49,49,49,49,49,49,49,49,49,49,49,49,49,49,49,49,49,49,49,49,49,49],"relics":["Ring of the Snake","Shuriken","Bottled Lightning","Darkstone Periapt","Ornamental Fan","Runic Pyramid","Paper Crane","Boot","Toolbox","War Paint","Busted Crown","Toxic Egg 2","Anchor","Snake Skull"],"card_choices":[{"not_picked":["Dagger Throw","Slice"],"picked":"Heel Hook","floor":1},{"not_picked":["Prepared","Dash"],"picked":"Crippling Poison","floor":3},{"not_picked":["Escape Plan","Prepared"],"picked":"Endless Agony","floor":4},{"not_picked":["Deflect","Leg Sweep"],"picked":"Dash","floor":6},{"not_picked":["PiercingWail","Accuracy"],"picked":"Dash","floor":8},{"not_picked":["Finisher","Flechettes"],"picked":"Poisoned Stab","floor":10},{"not_picked":["Finisher","Sucker Punch"],"picked":"Slice","floor":14},{"not_picked":["Burst","Phantasmal Killer"],"picked":"Adrenaline","floor":16},{"not_picked":["Bane","Well Laid Plans","Heel Hook+1"],"picked":"SKIP","floor":18},{"not_picked":["Heel Hook","Poisoned Stab"],"picked":"Predator+1","floor":21},{"not_picked":["Sucker Punch","PiercingWail+1","Underhanded Strike"],"picked":"SKIP","floor":23},{"not_picked":["Crippling Poison","Deflect","Finisher"],"picked":"SKIP","floor":27},{"not_picked":["Accuracy+1","Slice+1"],"picked":"Backstab+1","floor":28},{"not_picked":["Dodge and Roll","Deflect","Leg Sweep"],"picked":"SKIP","floor":29},{"not_picked":["Well Laid Plans","Accuracy","Skewer"],"picked":"SKIP","floor":30},{"not_picked":["Sucker Punch","Dagger Throw"],"picked":"Noxious Fumes","floor":31},{"not_picked":["Glass Knife","Doppelganger"],"picked":"Venomology","floor":33},{"not_picked":["Heel Hook"],"picked":"SKIP","floor":35},{"not_picked":["Deflect"],"picked":"SKIP","floor":36},{"not_picked":["Finisher"],"picked":"SKIP","floor":37},{"not_picked":[],"picked":"Slice+1","floor":39},{"not_picked":["Slice+1"],"picked":"SKIP","floor":40},{"not_picked":["Poisoned Stab"],"picked":"SKIP","floor":42},{"not_picked":[],"picked":"Quick Slash+1","floor":45},{"not_picked":[],"picked":"Flying Knee+1","floor":46},{"not_picked":["Accuracy"],"picked":"SKIP","floor":47}],"player_experience":217644,"potions_floor_usage":[16,16,16,30,35,35,36,37,39,40,40,40,42,42,50,50,50,50],"damage_taken":[{"damage":0,"enemies":"Small Slimes","floor":1,"turns":4},{"damage":0,"enemies":"2 Louse","floor":3,"turns":4},{"damage":0,"enemies":"Cultist","floor":4,"turns":4},{"damage":50,"enemies":"Gremlin Nob","floor":6,"turns":6},{"damage":1,"enemies":"Blue Slaver","floor":8,"turns":3},{"damage":8,"enemies":"Gremlin Gang","floor":10,"turns":5},{"damage":2,"enemies":"Looter","floor":14,"turns":3},{"damage":4,"enemies":"The Guardian","floor":16,"turns":9},{"damage":3,"enemies":"Spheric Guardian","floor":18,"turns":6},{"damage":5,"enemies":"2 Thieves","floor":21,"turns":5},{"damage":15,"enemies":"Slavers","floor":23,"turns":9},{"damage":1,"enemies":"Centurion and Healer","floor":27,"turns":7},{"damage":2,"enemies":"Snecko","floor":28,"turns":5},{"damage":0,"enemies":"Chosen and Byrds","floor":29,"turns":5},{"damage":0,"enemies":"Gremlin Leader","floor":30,"turns":6},{"damage":4,"enemies":"Snake Plant","floor":31,"turns":3},{"damage":19,"enemies":"Champ","floor":33,"turns":14},{"damage":4,"enemies":"Orb Walker","floor":35,"turns":4},{"damage":13,"enemies":"3 Shapes","floor":36,"turns":4},{"damage":21,"enemies":"3 Darklings","floor":37,"turns":4},{"damage":2,"enemies":"4 Shapes","floor":39,"turns":2},{"damage":2,"enemies":"Maw","floor":40,"turns":7},{"damage":1,"enemies":"Sphere and 2 Shapes","floor":42,"turns":4},{"damage":14,"enemies":"2 Orb Walkers","floor":45,"turns":4},{"damage":5,"enemies":"4 Shapes","floor":46,"turns":4},{"damage":1,"enemies":"3 Darklings","floor":47,"turns":4},{"damage":74,"enemies":"Donu and Deca","floor":50,"turns":8}],"relics_obtained":[{"floor":6,"key":"Bottled Lightning"},{"floor":9,"key":"Darkstone Periapt"},{"floor":23,"key":"Boot"},{"floor":26,"key":"Toolbox"},{"floor":30,"key":"War Paint"},{"floor":43,"key":"Anchor"},{"floor":45,"key":"Snake Skull"}],"event_choices":[{"event_name":"Liars Game","player_choice":"disagreed","floor":2,"damage_taken":0},{"event_name":"Accursed Blacksmith","player_choice":"Rummage","floor":5,"damage_taken":0},{"event_name":"Golden Wing","player_choice":"Card Removal","floor":12,"damage_taken":0},{"event_name":"Scrap Ooze","player_choice":"success","floor":13,"damage_taken":3},{"event_name":"Ghosts","player_choice":"Ignored","floor":20,"damage_taken":0},{"event_name":"Vampires","player_choice":"Became a vampire","floor":22,"damage_taken":0},{"event_name":"Nest","player_choice":"Joined the Cult","floor":25,"damage_taken":0},{"event_name":"The Woman in Blue","player_choice":"Bought 0 Potions","floor":38,"damage_taken":0}],"boss_relics":[{"not_picked":["Coffee Dripper","Philosopher\u0027s Stone"],"picked":"Runic Pyramid"},{"not_picked":["Sozu","White Beast Statue"],"picked":"Busted Crown"}],"items_purged_floors":[41],"is_endless":false,"potions_floor_spawned":[4,8,10,14,16,23,27,28,29,36,46],"seed_played":"4156831322550215005","killed_by":"Donu and Deca","ascension_level":0,"potions_obtained":[{"floor":4,"key":"SteroidPotion"},{"floor":8,"key":"AttackPotion"},{"floor":10,"key":"Swift Potion"},{"floor":16,"key":"GhostInAJar"},{"floor":23,"key":"Fire Potion"},{"floor":27,"key":"Swift Potion"},{"floor":36,"key":"EntropicBrew"},{"floor":46,"key":"EssenceOfSteel"}],"is_trial":false}