{"gold_per_floor":[117,117,184,197,372,400,427,437,437,453,488,4,14,34,34,132,132,147,62,14,26,26],"floor_reached":22,"playtime":1722,"items_purged":["Doubt"],"score":206,"play_id":"bb523fe8-673a-42d4-a7e6-3ef2306486ae","local_time":"20181114204341","is_ascension_mode":true,"campfire_choices":[{"floor":15.0,"key":"REST"}],"neow_cost":"NONE","seed_source_timestamp":0,"circlet_count":0,"master_deck":["Strike_R","Strike_R","Strike_R","Strike_R","Defend_R","Defend_R","Defend_R","Defend_R","Bash","Disarm","Heavy Blade","Body Slam","Flame Barrier","Shockwave","Battle Trance","Limit Break","Fire Breathing","Pummel","Twin Strike","Pommel Strike","Barricade","Decay","Decay","Regret","Thunderclap+1","Shrug It Off","Armaments"],"special_seed":0,"relics":["Burning Blood","Bronze Scales","Anchor","Kunai","Torii","Bottled Lightning","Calling Bell","StoneCalendar","Darkstone Periapt","Dream Catcher","Question Card"],"potions_floor_usage":[],"damage_taken":[{"damage":3.0,"enemies":"2 Louse","floor":1.0,"turns":3.0},{"damage":9.0,"enemies":"Jaw Worm","floor":4.0,"turns":3.0},{"damage":34.0,"enemies":"Lagavulin","floor":6.0,"turns":8.0},{"damage":3.0,"enemies":"Small Slimes","floor":8.0,"turns":3.0},{"damage":7.0,"enemies":"Blue Slaver","floor":10.0,"turns":5.0},{"damage":49.0,"enemies":"3 Sentries","floor":11.0,"turns":10.0},{"damage":1.0,"enemies":"3 Louse","floor":13.0,"turns":3.0},{"damage":0.0,"enemies":"Looter","floor":14.0,"turns":3.0},{"damage":33.0,"enemies":"The Guardian","floor":16.0,"turns":14.0},{"damage":53.0,"enemies":"Spheric Guardian","floor":18.0,"turns":7.0},{"damage":3.0,"enemies":"3 Byrds","floor":21.0,"turns":3.0},{"damage":37,"enemies":"Sentry and Sphere","floor":22,"turns":4}],"seed_played":"2631566261200755346","potions_obtained":[{"floor":1.0,"key":"Energy Potion"},{"floor":4.0,"key":"Energy Potion"},{"floor":16.0,"key":"Swift Potion"}],"is_trial":false,"path_per_floor":["M","?","?","M","?","E","T","M","T","M","E","$","M","M","R","B",null,"M","?","$","M","M"],"character_chosen":"IRONCLAD","items_purchased":["Bottled Lightning","Fire Breathing","Pummel","Block Potion","Shrug It Off"],"campfire_rested":1,"item_purchase_floors":[12,12,12,12,20],"current_hp_per_floor":[80,80,80,77,77,49,49,52,52,51,8,8,13,19,43,16,80,33,33,33,36,0],"gold":26,"neow_bonus":"RANDOM_COMMON_RELIC","is_prod":false,"is_daily":false,"chose_seed":false,"campfire_upgraded":0,"win_rate":0,"timestamp":1542224621,"path_taken":["M","?","?","?","?","E","?","M","T","M","E","$","M","M","R","BOSS","M","?","$","M","M"],"build_version":"2018-11-13","purchased_purges":1,"victory":false,"max_hp_per_floor":[80,80,80,80,80,80,80,80,80,80,80,80,80,80,80,80,80,80,80,80,80,80],"card_choices":[{"not_picked":["Sever Soul","Second Wind"],"picked":"Disarm","floor":1.0},{"not_picked":["Perfected Strike","Dual Wield"],"picked":"Body Slam","floor":4.0},{"not_picked":["Iron Wave","Clothesline"],"picked":"Flame Barrier","floor":6.0},{"not_picked":["Perfected Strike","Clash"],"picked":"Shockwave","floor":8.0},{"not_picked":["Clash","Twin Strike"],"picked":"Battle Trance","floor":10.0},{"not_picked":["Battle Trance","Twin Strike"],"picked":"Limit Break","floor":11.0},{"not_picked":["Shockwave","Clothesline"],"picked":"Twin Strike","floor":13.0},{"not_picked":["True Grit","Corruption"],"picked":"Pommel Strike","floor":14.0},{"not_picked":["Immolate","Berserk"],"picked":"Barricade","floor":16.0},{"not_picked":["Clothesline+1","Feel No Pain"],"picked":"Thunderclap+1","floor":18.0},{"not_picked":["Twin Strike+1","Thunderclap+1","Seeing Red"],"picked":"Armaments","floor":21.0}],"player_experience":212833,"relics_obtained":[{"floor":6.0,"key":"Anchor"},{"floor":9.0,"key":"Kunai"},{"floor":11.0,"key":"Torii"},{"floor":17.0,"key":"StoneCalendar"},{"floor":17.0,"key":"Darkstone Periapt"},{"floor":17.0,"key":"Dream Catcher"}],"event_choices":[{"damage_healed":0.0,"max_hp_gain":0.0,"max_hp_loss":0.0,"gold_gain":0.0,"cards_transformed":["Strike_R"],"event_name":"Living Wall","player_choice":"Change","floor":2.0,"gold_loss":0.0,"damage_taken":0.0,"cards_obtained":["Heavy Blade"]},{"damage_healed":0.0,"max_hp_gain":0.0,"max_hp_loss":0.0,"gold_gain":67.0,"event_name":"Golden Wing","player_choice":"Gained Gold","floor":3.0,"gold_loss":0.0,"damage_taken":0.0},{"damage_healed":0.0,"max_hp_gain":0.0,"max_hp_loss":0.0,"gold_gain":175.0,"event_name":"Liars Game","player_choice":"AGREE","floor":5.0,"gold_loss":0.0,"damage_taken":0.0,"cards_obtained":["Doubt"]},{"damage_healed":0.0,"max_hp_gain":0.0,"max_hp_loss":0.0,"gold_gain":0.0,"event_name":"Addict","player_choice":"Obtained Relic","floor":19.0,"gold_loss":85.0,"damage_taken":0.0,"relics_obtained":["Question Card"]}],"is_beta":true,"boss_relics":[{"not_picked":["Coffee Dripper","Runic Pyramid"],"picked":"Calling Bell"}],"items_purged_floors":[12],"is_endless":false,"potions_floor_spawned":[1,4,16],"killed_by":"Sentry and Sphere","ascension_level":1}