{"gold_per_floor":[10,30,30,30,44,44,73,38,38,70,87,99,99,99,99,170,170,189,189,189,207,306,306,154,187,213,213,224,235,235,150,150,150],"floor_reached":33,"playtime":950,"items_purged":["Strike_B"],"score":464,"play_id":"6ad0c151-1ec9-41ff-b30e-64eaae58e5d8","local_time":"20190224150549","is_ascension_mode":true,"campfire_choices":[{"data":"White Noise","floor":6.0,"key":"SMITH"},{"data":"Zap","floor":13.0,"key":"SMITH"},{"data":"Go for the Eyes","floor":15.0,"key":"SMITH"},{"floor":23,"key":"REST"},{"floor":27,"key":"REST"},{"floor":30,"key":"REST"},{"floor":32,"key":"REST"}],"neow_cost":"NO_GOLD","seed_source_timestamp":0,"circlet_count":0,"master_deck":["AscendersBane","Strike_B+1","Defend_B+1","Defend_B","Defend_B","Defend_B+1","Zap+1","Dualcast","Heatsinks","Machine Learning","White Noise+1","Go for the Eyes+1","Ball Lightning","Sweeping Beam","Darkness","Doom and Gloom+1","Storm+1","Creative AI+1","Cold Snap","Necronomicurse","Steam+1","Force Field","Capacitor+1","Core Surge"],"special_seed":0,"relics":["Cracked Core","War Paint","Frozen Egg 2","Bottled Flame","Nuclear Battery","Necronomicon","Happy Flower","Whetstone","Darkstone Periapt"],"potions_floor_usage":[21,29,33],"damage_taken":[{"damage":2.0,"enemies":"Jaw Worm","floor":1.0,"turns":3.0},{"damage":0.0,"enemies":"Small Slimes","floor":2.0,"turns":3.0},{"damage":4.0,"enemies":"Cultist","floor":5.0,"turns":4.0},{"damage":15.0,"enemies":"Lagavulin","floor":7.0,"turns":5.0},{"damage":20.0,"enemies":"Gremlin Nob","floor":10.0,"turns":4.0},{"damage":0.0,"enemies":"Large Slime","floor":11.0,"turns":4.0},{"damage":11.0,"enemies":"Looter","floor":12.0,"turns":3.0},{"damage":32.0,"enemies":"Hexaghost","floor":16.0,"turns":9.0},{"damage":19.0,"enemies":"2 Thieves","floor":18.0,"turns":3.0},{"damage":4,"enemies":"3 Byrds","floor":21,"turns":2},{"damage":33,"enemies":"Gremlin Leader","floor":25,"turns":6},{"damage":14,"enemies":"Sentry and Sphere","floor":28,"turns":5},{"damage":13,"enemies":"Shelled Parasite and Fungi","floor":29,"turns":3},{"damage":63,"enemies":"Collector","floor":33,"turns":6}],"seed_played":"-2015461130993977861","potions_obtained":[{"floor":1.0,"key":"FocusPotion"},{"floor":7.0,"key":"Regen Potion"},{"floor":11.0,"key":"Regen Potion"},{"floor":18.0,"key":"PowerPotion"},{"floor":21,"key":"FocusPotion"},{"floor":28,"key":"Swift Potion"}],"is_trial":false,"path_per_floor":["M","M","$","?","M","R","E","?","T","E","M","M","R","?","R","B",null,"M","?","?","M","?","R","$","E","T","R","M","M","R","?","R","B"],"character_chosen":"DEFECT","items_purchased":["Force Field"],"campfire_rested":4,"item_purchase_floors":[24],"current_hp_per_floor":[62,62,62,67,63,63,48,67,67,59,59,48,48,41,41,9,59,49,35,19,15,15,39,39,6,6,30,16,3,27,27,51,0],"gold":150,"neow_bonus":"TRANSFORM_TWO_CARDS","is_prod":false,"is_daily":false,"chose_seed":false,"campfire_upgraded":3,"win_rate":0,"timestamp":1551038749,"path_taken":["M","M","$","?","M","R","E","?","T","E","M","M","R","?","R","BOSS","M","?","?","M","?","R","?","E","T","R","M","M","R","?","R","BOSS"],"build_version":"2019-01-23","purchased_purges":1,"victory":false,"max_hp_per_floor":[71,71,71,76,76,76,76,76,76,76,76,76,76,76,76,76,76,76,81,81,81,81,81,81,81,81,81,81,81,81,81,81,81],"card_choices":[{"not_picked":["Turbo","Gash"],"picked":"White Noise","floor":1.0},{"not_picked":["Steam","Rip and Tear"],"picked":"Go for the Eyes","floor":2.0},{"not_picked":["Conserve Battery","Go for the Eyes"],"picked":"Ball Lightning","floor":5.0},{"not_picked":["Scrape","Steam Power"],"picked":"Sweeping Beam","floor":7.0},{"not_picked":["Melter","FTL"],"picked":"Darkness","floor":10.0},{"not_picked":["Compile Driver","Go for the Eyes"],"picked":"Doom and Gloom","floor":11.0},{"not_picked":["Ball Lightning","Chill"],"picked":"Storm+1","floor":12.0},{"not_picked":["Buffer+1","Biased Cognition+1"],"picked":"Creative AI+1","floor":16.0},{"not_picked":["Go for the Eyes","Beam Cell"],"picked":"Cold Snap","floor":18.0},{"not_picked":["Beam Cell+1","Redo"],"picked":"Steam+1","floor":21},{"not_picked":["Barrage+1","Sweeping Beam","Melter"],"picked":"SKIP","floor":25},{"not_picked":["Steam","Go for the Eyes"],"picked":"Capacitor+1","floor":28},{"not_picked":["Redo","White Noise"],"picked":"Core Surge","floor":29}],"player_experience":361813,"relics_obtained":[{"floor":7.0,"key":"War Paint"},{"floor":9.0,"key":"Frozen Egg 2"},{"floor":10.0,"key":"Bottled Flame"},{"floor":20,"key":"Necronomicon"},{"floor":25,"key":"Happy Flower"},{"floor":26,"key":"Whetstone"}],"event_choices":[{"damage_healed":0.0,"max_hp_gain":5.0,"max_hp_loss":0.0,"gold_gain":0.0,"event_name":"Big Fish","player_choice":"Donut","floor":4.0,"gold_loss":0.0,"damage_taken":0.0},{"damage_healed":19.0,"max_hp_gain":0.0,"max_hp_loss":0.0,"gold_gain":0.0,"event_name":"The Cleric","player_choice":"Healed","floor":8.0,"gold_loss":35.0,"damage_taken":0.0},{"damage_healed":0.0,"max_hp_gain":0.0,"max_hp_loss":0.0,"gold_gain":0.0,"event_name":"Wheel of Change","player_choice":"Damaged","floor":14.0,"gold_loss":0.0,"damage_taken":7.0},{"damage_healed":0,"gold_gain":0,"player_choice":"Shed Blood","damage_taken":19,"max_hp_gain":5,"max_hp_loss":0,"event_name":"Forgotten Altar","floor":19,"gold_loss":0},{"damage_healed":0,"gold_gain":0,"player_choice":"Obtained Book","damage_taken":16,"max_hp_gain":0,"max_hp_loss":0,"event_name":"Cursed Tome","floor":20,"gold_loss":0},{"damage_healed":0,"gold_gain":99,"player_choice":"Stole From Cult","damage_taken":0,"max_hp_gain":0,"max_hp_loss":0,"event_name":"Nest","floor":22,"gold_loss":0},{"damage_healed":0,"gold_gain":0,"player_choice":"Obtained Relic","damage_taken":0,"relics_obtained":["Darkstone Periapt"],"max_hp_gain":0,"max_hp_loss":0,"event_name":"Addict","floor":31,"gold_loss":85}],"is_beta":false,"boss_relics":[{"not_picked":["Ectoplasm","Runic Dome"],"picked":"Nuclear Battery"}],"items_purged_floors":[24],"is_endless":false,"potions_floor_spawned":[1,7,11,18,21,28],"killed_by":"Collector","ascension_level":14}