{"gold_per_floor":[17,17,31,31,46,57,57,35,35,47,47,75,75,105,105,105],"floor_reached":16,"playtime":660,"items_purged":[],"score":149,"play_id":"dbfe8f0a-3905-423a-83f5-50f4a492c8a2","local_time":"20190314213401","is_ascension_mode":true,"campfire_choices":[{"data":"Flame Barrier","floor":11,"key":"SMITH"},{"floor":13,"key":"REST"},{"data":"Evolve","floor":15,"key":"SMITH"}],"neow_cost":"NO_GOLD","seed_source_timestamp":99955259305806,"circlet_count":0,"master_deck":["Strike_R","Strike_R","Strike_R","Strike_R","Strike_R","Defend_R","Defend_R","Defend_R","Defend_R","Bash","Armaments","Shrug It Off","Flame Barrier+1","Headbutt","Evolve+1","Warcry","Thunderclap"],"relics":["Burning Blood","Nunchaku","Ice Cream","Darkstone Periapt","Lantern","Ginger"],"potions_floor_usage":[12,12],"damage_taken":[{"damage":16,"enemies":"Jaw Worm","floor":1,"turns":5},{"damage":11,"enemies":"Cultist","floor":3,"turns":4},{"damage":5,"enemies":"Small Slimes","floor":5,"turns":4},{"damage":17,"enemies":"Red Slaver","floor":6,"turns":5},{"damage":13,"enemies":"3 Louse","floor":10,"turns":6},{"damage":36,"enemies":"Lagavulin","floor":12,"turns":9},{"damage":10,"enemies":"3 Sentries","floor":14,"turns":11},{"damage":51,"enemies":"Hexaghost","floor":16,"turns":9}],"seed_played":"-7072222406983643362","potions_obtained":[{"floor":3,"key":"Block Potion"},{"floor":5,"key":"GamblersBrew"},{"floor":14,"key":"Explosive Potion"}],"is_trial":false,"path_per_floor":["M","?","M","?","M","M","?","$","T","M","R","E","R","E","R","B"],"character_chosen":"IRONCLAD","items_purchased":["Headbutt"],"campfire_rested":1,"item_purchase_floors":[8],"current_hp_per_floor":[62,80,75,75,76,65,65,65,65,58,58,28,52,48,48,0],"gold":105,"neow_bonus":"ONE_RARE_RELIC","is_prod":false,"is_daily":false,"chose_seed":false,"campfire_upgraded":2,"win_rate":0,"timestamp":1552613641,"path_taken":["M","?","?","?","?","M","?","?","T","M","R","E","R","E","R","BOSS"],"build_version":"2019-01-23","purchased_purges":0,"victory":false,"max_hp_per_floor":[80,80,80,80,80,80,80,80,80,80,80,80,80,80,80,80],"card_choices":[{"not_picked":["Iron Wave","Evolve"],"picked":"Armaments","floor":1},{"not_picked":["Pommel Strike","Sever Soul"],"picked":"Iron Wave","floor":3},{"not_picked":["Rupture","Warcry"],"picked":"Shrug It Off","floor":5},{"not_picked":["Reckless Charge","Thunderclap"],"picked":"Flame Barrier","floor":6},{"not_picked":["Sword Boomerang","Clothesline"],"picked":"Evolve","floor":10},{"not_picked":["True Grit","Blood for Blood"],"picked":"Warcry","floor":12},{"not_picked":["Pommel Strike","Inflame"],"picked":"Thunderclap","floor":14}],"player_experience":440989,"relics_obtained":[{"floor":9,"key":"Darkstone Periapt"},{"floor":12,"key":"Lantern"},{"floor":14,"key":"Ginger"}],"event_choices":[{"damage_healed":18,"gold_gain":0,"player_choice":"Full Heal","damage_taken":0,"max_hp_gain":0,"max_hp_loss":0,"event_name":"Wheel of Change","floor":2,"gold_loss":0},{"cards_removed":["Iron Wave"],"damage_healed":0,"gold_gain":0,"player_choice":"Gave Card","damage_taken":0,"relics_obtained":["Ice Cream"],"max_hp_gain":0,"max_hp_loss":0,"event_name":"WeMeetAgain","floor":4,"gold_loss":0},{"damage_healed":0,"gold_gain":0,"player_choice":"Bought 0 Potions","damage_taken":0,"max_hp_gain":0,"max_hp_loss":0,"event_name":"The Woman in Blue","floor":7,"gold_loss":0}],"is_beta":false,"boss_relics":[],"items_purged_floors":[],"is_endless":false,"potions_floor_spawned":[3,5,14],"killed_by":"Hexaghost","ascension_level":7}