{"path_per_floor":["M","$","M","M","M","R","M","R","T","E","?","M","?","M","R","B",null,"M","$","?","?","M","E","R","M","T","$","?","M","M","?","R","B",null,"M","M","?","$","?","E","M","E","T","$","?","M","?","M","R","B"],"character_chosen":"THE_SILENT","items_purchased":["Blur","Apotheosis"],"gold_per_floor":[110,35,50,66,84,84,99,99,174,205,205,218,218,228,228,333,333,333,198,198,198,198,198,198,198,198,18,18,18,18,18,18,18,18,18,18,18,18,18,18,18,18,18,18,18,18,18,18,18,18],"floor_reached":51,"campfire_rested":1,"playtime":6572,"current_hp_per_floor":[70,70,70,70,67,67,67,67,67,54,54,54,51,51,51,18,70,67,67,58,42,42,42,64,56,56,56,56,56,56,52,52,52,52,52,52,52,52,52,17,31,52,52,52,42,52,52,52,52,52],"items_purged":["Doubt","Strike_G"],"gold":18,"play_id":"fdc2d038-0206-4d0b-bb76-b7aa8daf4d83","is_prod":false,"is_daily":false,"is_ascension_mode":false,"campfire_upgraded":5,"path_taken":["M","$","M","M","M","R","?","R","T","E","?","M","?","M","R","BOSS","M","$","?","?","M","E","R","M","T","$","?","?","M","?","R","BOSS","M","M","?","$","?","E","M","E","T","?","?","?","?","?","R","BOSS"],"build_version":"2018-01-25-PROD3","purchased_purges":2,"victory":true,"master_deck":["Defend_G","Defend_G","Defend_G","Defend_G","Survivor","Neutralize+1","After Image","Dagger Throw+1","Adrenaline+1","Backflip","After Image","Slice+1","Blur","Outmaneuver","Footwork","Apotheosis+1","Footwork","Backflip+1","Bite_G","Bite_G","Bite_G","Bite_G","Venomology","Crippling Poison+1","Footwork+1","Masterful Stab+1","Malaise","Madness+1","Madness","Choke+1"],"max_hp_per_floor":[70,70,70,70,70,70,70,70,70,70,70,70,70,70,70,70,70,70,70,75,75,75,75,75,75,75,75,75,75,75,52,52,52,52,52,52,52,52,52,52,52,52,52,52,52,52,52,52,52,52],"relics":["Ring of the Snake","Pantograph","Bottled Flame","Mercury Hourglass","Ectoplasm","Nilry\u0027s Codex","Calipers","Bag of Preparation","Philosopher\u0027s Stone","Snake Skull","Bottled Lightning","Matryoshka"],"card_choices":[{"not_picked":["A Thousand Cuts","Corpse Explosion"],"picked":"After Image"},{"not_picked":["Blade Dance","Riddle With Holes"],"picked":"Dagger Throw"},{"not_picked":["Catalyst","Bane"],"picked":"Adrenaline"},{"not_picked":["Deadly Poison","Reflex"],"picked":"Backflip"},{"not_picked":["Wraith Form","Doppelganger"],"picked":"After Image"},{"not_picked":["Flying Knee","Outmaneuver"],"picked":"Slice"},{"not_picked":["Deadly Poison","Prepared"],"picked":"Outmaneuver"},{"not_picked":["Heel Hook","Poisoned Stab"],"picked":"Footwork"},{"not_picked":["Backstab","Deadly Poison"],"picked":"Backflip"},{"not_picked":["Phantasmal Killer","Die Die Die"],"picked":"Venomology"},{"not_picked":["Prepared","Blade Dance"],"picked":"Crippling Poison"},{"not_picked":["Reflex","Malaise"],"picked":"Footwork"},{"not_picked":["Deadly Poison","Flechettes"],"picked":"Masterful Stab"},{"not_picked":["Dagger Throw","Deflect"],"picked":"Malaise"},{"not_picked":["Escape Plan","Bane"],"picked":"Choke"}],"player_experience":88456,"potions_floor_usage":[33,33,36,40,40,41,42,46,46,48,48,50,50,50,50],"damage_taken":[{"damage":0.0,"enemies":"Blue Slaver","floor":1.0,"turns":7.0},{"damage":0.0,"enemies":"Small Slimes","floor":3.0,"turns":5.0},{"damage":0.0,"enemies":"Cultist","floor":4.0,"turns":3.0},{"damage":3.0,"enemies":"Exordium Wildlife","floor":5.0,"turns":5.0},{"damage":0.0,"enemies":"3 Louse","floor":7.0,"turns":5.0},{"damage":13.0,"enemies":"Gremlin Nob","floor":10.0,"turns":5.0},{"damage":0.0,"enemies":"Looter","floor":12.0,"turns":3.0},{"damage":0.0,"enemies":"2 Fungi Beasts","floor":14.0,"turns":3.0},{"damage":52.0,"enemies":"Hexaghost","floor":16.0,"turns":16.0},{"damage":3.0,"enemies":"Spheric Guardian","floor":18.0,"turns":4.0},{"damage":0.0,"enemies":"3 Byrds","floor":22.0,"turns":4.0},{"damage":0.0,"enemies":"Gremlin Leader","floor":23.0,"turns":7.0},{"damage":8.0,"enemies":"Snake Plant","floor":25.0,"turns":6.0},{"damage":0.0,"enemies":"Sentry and Sphere","floor":29.0,"turns":6.0},{"damage":0,"enemies":"Snecko","floor":30,"turns":8},{"damage":0,"enemies":"Champ","floor":33,"turns":24},{"damage":4,"enemies":"3 Shapes","floor":35,"turns":5},{"damage":1,"enemies":"3 Darklings","floor":36,"turns":6},{"damage":47,"enemies":"2 Orb Walkers","floor":40,"turns":9},{"damage":6,"enemies":"4 Shapes","floor":41,"turns":7},{"damage":15,"enemies":"Giant Head","floor":42,"turns":10},{"damage":0,"enemies":"Maw","floor":46,"turns":10},{"damage":0,"enemies":"3 Darklings","floor":48,"turns":5},{"damage":0,"enemies":"Time Eater","floor":50,"turns":15}],"event_choices":[{"event_name":"Living Wall","player_choice":"Forget","floor":11.0,"damage_taken":0.0},{"event_name":"Scrap Ooze","player_choice":"success","floor":13.0,"damage_taken":3.0},{"event_name":"Forgotten Altar","player_choice":"Shed Blood","floor":20.0,"damage_taken":0.0},{"event_name":"Cursed Tome","player_choice":"Obtained Book","floor":21.0,"damage_taken":0.0},{"event_name":"Transmorgrifier","player_choice":"Transform","floor":28.0,"damage_taken":0.0},{"event_name":"Vampires","player_choice":"Became a vampire","floor":31,"damage_taken":0},{"event_name":"The Lab","player_choice":"Got Potions","floor":37,"damage_taken":0},{"event_name":"Winding Halls","player_choice":"Embrace Madness","floor":45,"damage_taken":0},{"event_name":"Mysterious Sphere","player_choice":"Ignore","floor":47,"damage_taken":0}],"boss_relics":[{"not_picked":["Astrolabe","Black Star"],"picked":"Philosopher\u0027s Stone"}],"potions_floor_spawned":[4,7,12,14,22,25,29,35,40,48],"seed_played":"-780852584224920799","ascension_level":0,"is_trial":false}