{"gold_per_floor":[119,119,138,138,149,149,182,182,182,182,214,242,255,285,285,285],"floor_reached":16,"playtime":577,"items_purged":[],"score":148,"play_id":"8dad43be-01b3-4a10-bfe4-bdf9c20e2e93","local_time":"20190224214649","is_ascension_mode":true,"campfire_choices":[{"data":"Bash","floor":6,"key":"SMITH"},{"data":"Clothesline","floor":8,"key":"SMITH"},{"floor":10,"key":"DIG"},{"data":"Corruption","floor":15,"key":"SMITH"}],"neow_cost":"NONE","seed_source_timestamp":1027416273950980,"circlet_count":0,"master_deck":["Strike_R","Strike_R","Strike_R","Strike_R","Strike_R","Defend_R","Defend_R","Defend_R","Defend_R","Bash+1","Pommel Strike","Clothesline+1","Sentinel","Corruption+1","Uppercut"],"relics":["Burning Blood","Bag of Marbles","Kunai","Unceasing Top","Shovel","Lantern","Shuriken","Odd Mushroom","Molten Egg 2"],"potions_floor_usage":[7],"damage_taken":[{"damage":4,"enemies":"Small Slimes","floor":1,"turns":3},{"damage":6,"enemies":"Cultist","floor":3,"turns":3},{"damage":2,"enemies":"Jaw Worm","floor":5,"turns":3},{"damage":12,"enemies":"Gremlin Nob","floor":7,"turns":3},{"damage":28,"enemies":"3 Sentries","floor":11,"turns":7},{"damage":9,"enemies":"The Mushroom Lair","floor":12,"turns":3},{"damage":11,"enemies":"Blue Slaver","floor":13,"turns":3},{"damage":12,"enemies":"Gremlin Nob","floor":14,"turns":3},{"damage":43,"enemies":"Slime Boss","floor":16,"turns":7}],"seed_played":"5842206091667401653","potions_obtained":[{"floor":3,"key":"Energy Potion"},{"floor":5,"key":"Dexterity Potion"}],"is_trial":false,"path_per_floor":["M","?","M","$","M","R","E","R","T","R","E","?","M","E","R","B"],"character_chosen":"IRONCLAD","items_purchased":[],"campfire_rested":0,"item_purchase_floors":[],"current_hp_per_floor":[80,80,80,80,80,80,74,74,74,74,52,49,44,38,38,0],"gold":285,"neow_bonus":"RANDOM_COMMON_RELIC","is_prod":false,"is_daily":false,"chose_seed":false,"campfire_upgraded":3,"win_rate":0,"timestamp":1551062809,"path_taken":["M","?","M","?","M","R","E","R","T","R","E","?","M","E","R","BOSS"],"build_version":"2019-01-23","purchased_purges":0,"victory":false,"max_hp_per_floor":[80,80,80,80,80,80,80,80,80,80,80,80,80,80,80,80],"card_choices":[{"not_picked":["True Grit","Sword Boomerang"],"picked":"Armaments","floor":1},{"not_picked":["Havoc","Perfected Strike"],"picked":"Pommel Strike","floor":3},{"not_picked":["Wild Strike","Thunderclap"],"picked":"Clothesline","floor":5},{"not_picked":["Thunderclap","Combust"],"picked":"Sentinel","floor":7},{"not_picked":["Pommel Strike","Immolate"],"picked":"Corruption","floor":11},{"not_picked":["Second Wind","Warcry"],"picked":"Uppercut","floor":12},{"not_picked":["True Grit","Havoc","Pommel Strike"],"picked":"SKIP","floor":13},{"not_picked":["Headbutt","Flex","Carnage"],"picked":"SKIP","floor":14}],"player_experience":370540,"relics_obtained":[{"floor":7,"key":"Unceasing Top"},{"floor":9,"key":"Shovel"},{"floor":10,"key":"Lantern"},{"floor":11,"key":"Shuriken"},{"floor":12,"key":"Odd Mushroom"},{"floor":14,"key":"Molten Egg 2"}],"event_choices":[{"cards_removed":["Armaments"],"damage_healed":0,"gold_gain":0,"player_choice":"Gave Card","damage_taken":0,"relics_obtained":["Kunai"],"max_hp_gain":0,"max_hp_loss":0,"event_name":"WeMeetAgain","floor":2,"gold_loss":0},{"damage_healed":0,"gold_gain":0,"player_choice":"Fought Mushrooms","damage_taken":0,"max_hp_gain":0,"max_hp_loss":0,"event_name":"Mushrooms","floor":12,"gold_loss":0}],"is_beta":false,"boss_relics":[],"items_purged_floors":[],"is_endless":false,"potions_floor_spawned":[3,5],"killed_by":"Slime Boss","ascension_level":5}