{"gold_per_floor":[116,131,20,20,70,70,103,113,113,113,163,175,200,250,250,250],"floor_reached":16,"playtime":546,"items_purged":[],"score":211,"play_id":"4375e4f4-68a1-4970-8efa-09ab633dbc89","local_time":"20181017204708","is_ascension_mode":true,"campfire_choices":[{"data":"Sunder","floor":6,"key":"SMITH"},{"data":"Defragment","floor":10,"key":"SMITH"},{"data":"Recycle","floor":15,"key":"SMITH"}],"neow_cost":"NONE","seed_source_timestamp":692996078546731,"circlet_count":0,"master_deck":["Strike_B","Strike_B","Strike_B","Strike_B","Defend_B","Defend_B","Defend_B","Defend_B","Zap","Dualcast","AscendersBane","Buffer","Gash","Sunder+1","FTL","Coolheaded","Defragment+1","Ball Lightning","Recycle+1","Injury"],"relics":["Cracked Core","SsserpentHead","Letter Opener","Ornamental Fan","Kunai","Golden Idol"],"potions_floor_usage":[16],"damage_taken":[{"damage":3,"enemies":"2 Louse","floor":1,"turns":3},{"damage":1,"enemies":"Cultist","floor":2,"turns":3},{"damage":24,"enemies":"Lagavulin","floor":7,"turns":8},{"damage":7,"enemies":"Small Slimes","floor":8,"turns":3},{"damage":9,"enemies":"2 Fungi Beasts","floor":12,"turns":3},{"damage":8,"enemies":"3 Sentries","floor":13,"turns":6},{"damage":21,"enemies":"Hexaghost","floor":16,"turns":7}],"seed_played":"914684676539207271","potions_obtained":[{"floor":1,"key":"EssenceOfSteel"},{"floor":8,"key":"FairyPotion"}],"is_trial":false,"path_per_floor":["M","M","$","?","?","R","E","M","T","R","?","M","E","?","R"],"character_chosen":"DEFECT","items_purchased":["FTL","Coolheaded"],"campfire_rested":0,"item_purchase_floors":[3,3],"current_hp_per_floor":[61,60,60,60,60,60,36,29,29,29,29,20,12,12,12,0],"gold":250,"neow_bonus":"ONE_RANDOM_RARE_CARD","is_prod":false,"is_daily":false,"chose_seed":false,"campfire_upgraded":3,"win_rate":0,"timestamp":1539823628,"path_taken":["M","M","$","?","?","R","E","M","T","R","?","M","E","?","R","BOSS"],"build_version":"2018-10-11","purchased_purges":0,"victory":false,"max_hp_per_floor":[71,71,71,71,71,71,71,71,71,71,71,71,71,71,71,71],"card_choices":[{"not_picked":["Hello World","Barrage"],"picked":"Gash","floor":1},{"not_picked":["Compile Driver","Melter"],"picked":"Sunder","floor":2},{"not_picked":["Auto Shields","Seek"],"picked":"Defragment","floor":7},{"not_picked":["Redo","Turbo"],"picked":"Ball Lightning","floor":8},{"not_picked":["Hello World","Streamline","Stack"],"picked":"SKIP","floor":12},{"not_picked":["Chill","Cold Snap"],"picked":"Recycle","floor":13}],"player_experience":762395,"relics_obtained":[{"floor":7,"key":"Letter Opener"},{"floor":9,"key":"Ornamental Fan"},{"floor":13,"key":"Kunai"}],"event_choices":[{"event_name":"FaceTrader","player_choice":"Trade","floor":4,"damage_taken":0},{"event_name":"Liars Game","player_choice":"disagreed","floor":5,"damage_taken":0},{"event_name":"Dead Adventurer","player_choice":"Searched \u00270\u0027 times","floor":11,"damage_taken":0},{"event_name":"Golden Idol","player_choice":"Take Wound","floor":14,"damage_taken":0}],"is_beta":false,"boss_relics":[],"items_purged_floors":[],"is_endless":false,"potions_floor_spawned":[1,8,13],"killed_by":"Hexaghost","ascension_level":19}