{"gold_per_floor":[115,135,135,152,169,169,169,196,249,268,299,127,145,162,162,263,263,248,173,192,92,104,139,139,139,166,180,180,180,180,197,197,293,293,312,187,187,37,56,56,83,83,83,83,83,83,93,93],"floor_reached":48,"playtime":6686,"items_purged":["Strike_G","Predator","Dagger Spray","Survivor"],"score":640,"play_id":"352834b5-99fa-42b6-8e4f-520bcf10c4b9","local_time":"20180726192351","is_ascension_mode":false,"campfire_choices":[{"data":"Backflip","floor":6,"key":"SMITH"},{"floor":15,"key":"REST"},{"floor":24,"key":"REST"},{"floor":28,"key":"REST"},{"data":"Tactician","floor":30,"key":"SMITH"},{"data":"Tools of the Trade","floor":32,"key":"SMITH"},{"data":"Tactician","floor":40,"key":"SMITH"},{"data":"Footwork","floor":42,"key":"SMITH"},{"data":"Prepared","floor":45,"key":"SMITH"}],"neow_cost":"","seed_source_timestamp":0,"circlet_count":0,"master_deck":["Neutralize","Escape Plan","Backflip+1","Poisoned Stab","Deflect","Footwork+1","Cloak And Dagger","Bouncing Flask","Tools of the Trade+1","Well Laid Plans","Slice","Tactician+1","Acrobatics","Dagger Throw+1","Escape Plan","Tactician+1","RitualDagger","Underhanded Strike","Prepared+1","Escape Plan","Tools of the Trade","Madness","Madness"],"relics":["Ring of the Snake","Matryoshka","Potion Belt","Centennial Puzzle","Vajra","Pandora\u0027s Box","Boot","Letter Opener","Dream Catcher","Black Star","The Courier","Bottled Tornado","Dead Branch"],"potions_floor_usage":[8,11,16,22,33,33,35,48],"damage_taken":[{"damage":0,"enemies":"Jaw Worm","floor":1,"turns":4},{"damage":4,"enemies":"Cultist","floor":2,"turns":4},{"damage":0,"enemies":"2 Louse","floor":4,"turns":4},{"damage":2,"enemies":"Blue Slaver","floor":5,"turns":4},{"damage":14,"enemies":"3 Sentries","floor":8,"turns":10},{"damage":0,"enemies":"2 Fungi Beasts","floor":10,"turns":4},{"damage":17,"enemies":"Lagavulin","floor":11,"turns":7},{"damage":0,"enemies":"3 Louse","floor":13,"turns":4},{"damage":3,"enemies":"Exordium Thugs","floor":14,"turns":5},{"damage":19,"enemies":"Slime Boss","floor":16,"turns":20},{"damage":2,"enemies":"2 Thieves","floor":18,"turns":4},{"damage":4,"enemies":"Chosen","floor":20,"turns":4},{"damage":16,"enemies":"Snecko","floor":22,"turns":5},{"damage":26,"enemies":"Slavers","floor":23,"turns":7},{"damage":2,"enemies":"Chosen and Byrds","floor":27,"turns":5},{"damage":0,"enemies":"3 Cultists","floor":31,"turns":4},{"damage":42,"enemies":"Champ","floor":33,"turns":8},{"damage":4,"enemies":"3 Shapes","floor":35,"turns":3},{"damage":12,"enemies":"Flame Bruiser 1 Orb","floor":39,"turns":4},{"damage":1,"enemies":"Nemesis","floor":41,"turns":5},{"damage":9,"enemies":"Sphere and 2 Shapes","floor":47,"turns":4},{"damage":39,"enemies":"2 Orb Walkers","floor":48,"turns":3}],"seed_played":"-4189031332915075702","potions_obtained":[{"floor":2,"key":"GamblersBrew"},{"floor":8,"key":"SpeedPotion"},{"floor":13,"key":"EssenceOfSteel"},{"floor":20,"key":"Swift Potion"},{"floor":22,"key":"FearPotion"},{"floor":23,"key":"EssenceOfSteel"},{"floor":31,"key":"Swift Potion"},{"floor":35,"key":"Energy Potion"},{"floor":41,"key":"FearPotion"}],"is_trial":true,"path_per_floor":["M","M","?","M","M","R","?","E","T","M","E","$","M","M","R","B",null,"M","?","M","$","M","E","R","?","T","M","R","?","R","M","R","B",null,"M","$","?","$","M","R","E","R","T","?","R","?","M"],"character_chosen":"THE_SILENT","items_purchased":["Footwork","Cloak And Dagger"],"campfire_rested":3,"item_purchase_floors":[12,12],"current_hp_per_floor":[70,66,66,66,64,64,64,50,50,50,33,33,33,30,51,32,70,68,68,64,64,48,22,43,37,37,35,56,56,56,56,56,14,70,66,66,66,66,54,54,53,53,53,53,53,44,35,0],"gold":93,"neow_bonus":"","is_prod":false,"is_daily":false,"chose_seed":false,"campfire_upgraded":6,"win_rate":0,"timestamp":1532629431,"path_taken":["M","M","?","M","M","R","?","E","T","M","E","$","M","M","R","BOSS","M","?","M","$","M","E","R","?","T","M","R","?","R","?","R","BOSS","M","$","?","$","?","R","E","R","T","?","R","?","?","E"],"build_version":"2018-07-19v2","purchased_purges":4,"victory":false,"max_hp_per_floor":[70,70,70,70,70,70,70,70,70,70,70,70,70,70,70,70,70,70,70,70,70,70,70,70,70,70,70,70,70,70,70,70,70,70,70,70,70,70,70,70,70,70,70,70,70,70,70,70],"card_choices":[{"not_picked":["PiercingWail","Underhanded Strike","Bane"],"picked":"SKIP","floor":1},{"not_picked":["Sucker Punch","Quick Slash"],"picked":"Escape Plan","floor":2},{"not_picked":["Poisoned Stab","PiercingWail"],"picked":"Backflip","floor":4},{"not_picked":["Prepared","Sucker Punch"],"picked":"Poisoned Stab","floor":5},{"not_picked":["Quick Slash","Dodge and Roll","A Thousand Cuts"],"picked":"SKIP","floor":8},{"not_picked":["Sucker Punch","Underhanded Strike","Heel Hook"],"picked":"SKIP","floor":10},{"not_picked":["Quick Slash","Bullet Time"],"picked":"Deflect","floor":11},{"not_picked":["Deflect","PiercingWail","Eviscerate"],"picked":"SKIP","floor":13},{"not_picked":["Dagger Spray","Deflect"],"picked":"Bouncing Flask","floor":14},{"not_picked":["A Thousand Cuts","Malaise"],"picked":"Tools of the Trade","floor":16},{"not_picked":["PiercingWail","Reflex+1"],"picked":"Acrobatics","floor":18},{"not_picked":["Leg Sweep","Crippling Poison"],"picked":"Dagger Throw+1","floor":20},{"not_picked":["Well Laid Plans+1","Blur"],"picked":"Escape Plan","floor":22},{"not_picked":["Slice","Bane"],"picked":"Tactician","floor":23},{"not_picked":["Dodge and Roll","Backflip"],"picked":"Underhanded Strike","floor":27},{"not_picked":["Deadly Poison","Caltrops"],"picked":"Prepared","floor":28},{"not_picked":["Blade Dance+1","Storm of Steel"],"picked":"Escape Plan","floor":31},{"not_picked":["Doppelganger","Phantasmal Killer"],"picked":"Tools of the Trade","floor":33},{"not_picked":["Underhanded Strike","Quick Slash","Dagger Throw"],"picked":"SKIP","floor":35},{"not_picked":["Sucker Punch","Dagger Throw+1","Outmaneuver+1"],"picked":"SKIP","floor":39},{"not_picked":["Dagger Throw","Deadly Poison","Acrobatics"],"picked":"SKIP","floor":41},{"not_picked":["Quick Slash+1","Flying Knee","Backstab+1"],"picked":"SKIP","floor":47}],"player_experience":338868,"relics_obtained":[{"floor":8,"key":"Matryoshka"},{"floor":9,"key":"Potion Belt"},{"floor":9,"key":"Centennial Puzzle"},{"floor":11,"key":"Vajra"},{"floor":23,"key":"Boot"},{"floor":26,"key":"Letter Opener"},{"floor":26,"key":"Dream Catcher"},{"floor":41,"key":"The Courier"},{"floor":41,"key":"Bottled Tornado"},{"floor":43,"key":"Dead Branch"}],"event_choices":[{"event_name":"Bonfire Elementals","player_choice":"BASIC","floor":3,"damage_taken":0},{"event_name":"Living Wall","player_choice":"Forget","floor":7,"damage_taken":0},{"event_name":"Beggar","player_choice":"Gave Gold","floor":19,"damage_taken":0},{"event_name":"Nest","player_choice":"Joined the Cult","floor":25,"damage_taken":0},{"event_name":"Ghosts","player_choice":"Ignored","floor":29,"damage_taken":0},{"event_name":"SecretPortal","player_choice":"Rejected Portal.","floor":37,"damage_taken":0},{"event_name":"Falling","player_choice":"Removed Attack","floor":44,"damage_taken":0},{"event_name":"Winding Halls","player_choice":"Embrace Madness","floor":46,"damage_taken":0}],"is_beta":false,"boss_relics":[{"not_picked":["Tiny House","Cursed Key"],"picked":"Pandora\u0027s Box"},{"not_picked":["Orrery","WristBlade"],"picked":"Black Star"}],"items_purged_floors":[12,21,36,38],"is_endless":true,"potions_floor_spawned":[2,8,13,20,22,23,31,35,41],"killed_by":"2 Orb Walkers","ascension_level":0}