{"gold_per_floor":[126,138,150,175,203,248,260,282,343,367,398,410,422,466,478,490],"floor_reached":16,"playtime":1192,"items_purged":[],"score":123,"play_id":"d53d533b-5f55-4d5d-931b-b898463c0848","local_time":"20190117080002","is_ascension_mode":true,"campfire_choices":[{"data":"Distraction","floor":7,"key":"SMITH"},{"data":"Choke","floor":12,"key":"SMITH"},{"data":"Cloak And Dagger","floor":15,"key":"SMITH"}],"neow_cost":"NONE","seed_source_timestamp":655161722659525,"circlet_count":0,"master_deck":["Defend_G","Defend_G+1","Defend_G","Defend_G","Defend_G","Strike_G","Strike_G","Strike_G","Strike_G","Survivor","Neutralize+1","Distraction+1","Backstab","Cloak And Dagger+1","Masterful Stab","Backstab","Backflip","Choke+1","Parasite","Deflect"],"relics":["Ring of the Snake","MawBank","Darkstone Periapt","Smiling Mask","Boot"],"potions_floor_usage":[4,4,6,14,16,16],"damage_taken":[{"damage":7,"enemies":"Small Slimes","floor":1,"turns":5},{"damage":0,"enemies":"Jaw Worm","floor":4,"turns":4},{"damage":0,"enemies":"2 Louse","floor":5,"turns":4},{"damage":10,"enemies":"Gremlin Nob","floor":6,"turns":4},{"damage":0,"enemies":"2 Fungi Beasts","floor":8,"turns":2},{"damage":7,"enemies":"Large Slime","floor":10,"turns":5},{"damage":2,"enemies":"Blue Slaver","floor":11,"turns":2},{"damage":3,"enemies":"3 Sentries","floor":14,"turns":8},{"damage":50,"enemies":"Hexaghost","floor":16,"turns":16}],"seed_played":"-8870831971998807397","potions_obtained":[{"floor":1,"key":"EntropicBrew"},{"floor":5,"key":"FairyPotion"},{"floor":8,"key":"Weak Potion"},{"floor":11,"key":"Energy Potion"}],"is_trial":false,"path_per_floor":["M","?","?","M","M","E","R","M","T","M","M","R","?","E","R","B"],"character_chosen":"THE_SILENT","items_purchased":[],"campfire_rested":0,"item_purchase_floors":[],"current_hp_per_floor":[63,63,49,49,49,39,39,39,39,32,30,30,53,50,50,0],"gold":490,"neow_bonus":"RANDOM_COMMON_RELIC","is_prod":false,"is_daily":false,"chose_seed":false,"campfire_upgraded":3,"win_rate":0,"timestamp":1547730002,"path_taken":["M","?","?","M","M","E","R","M","T","M","?","R","?","E","R","BOSS"],"build_version":"2019-01-10","purchased_purges":0,"victory":false,"max_hp_per_floor":[70,70,70,70,70,70,70,70,70,70,70,70,76,76,76,76],"card_choices":[{"not_picked":["Tactician","Flying Knee"],"picked":"Distraction","floor":1},{"not_picked":["Blade Dance","Acrobatics"],"picked":"Cloak And Dagger","floor":4},{"not_picked":["Reflex","Eviscerate"],"picked":"Masterful Stab","floor":5},{"not_picked":["Acrobatics","Bouncing Flask"],"picked":"Backstab","floor":6},{"not_picked":["Dodge and Roll","Acrobatics"],"picked":"Backflip","floor":8},{"not_picked":["Doppelganger","Outmaneuver","Bane"],"picked":"SKIP","floor":10},{"not_picked":["Bane","Prepared"],"picked":"Choke","floor":11},{"not_picked":["Dash","Riddle With Holes"],"picked":"Deflect","floor":14}],"player_experience":117227,"relics_obtained":[{"floor":6,"key":"Darkstone Periapt"},{"floor":9,"key":"Smiling Mask"},{"floor":14,"key":"Boot"}],"event_choices":[{"damage_healed":0,"gold_gain":0,"cards_transformed":["Strike_G"],"player_choice":"Change","damage_taken":0,"max_hp_gain":0,"max_hp_loss":0,"event_name":"Living Wall","floor":2,"gold_loss":0,"cards_obtained":["Backstab"]},{"damage_healed":0,"gold_gain":0,"player_choice":"Entered Light","damage_taken":14,"max_hp_gain":0,"max_hp_loss":0,"event_name":"Shining Light","floor":3,"gold_loss":0,"cards_upgraded":["Defend_G","Neutralize"]},{"damage_healed":17,"gold_gain":0,"player_choice":"Healed and dodged fight","damage_taken":0,"max_hp_gain":0,"max_hp_loss":0,"event_name":"Mushrooms","floor":13,"gold_loss":0,"cards_obtained":["Parasite"]}],"is_beta":false,"boss_relics":[],"items_purged_floors":[],"is_endless":false,"potions_floor_spawned":[1,5,8,11],"killed_by":"Hexaghost","ascension_level":2}