{"path_per_floor":["M","?","$","M","M","E","M","R","T","M","E","R","M","M","R","B",null,"M","$","?","?","M","R"],"character_chosen":"IRONCLAD","items_purchased":["Champion Belt"],"gold_per_floor":[118,118,43,58,70,105,123,123,172,184,210,210,227,247,247,348,348,358,65,65,65,76,76],"floor_reached":24,"campfire_rested":0,"playtime":1634,"current_hp_per_floor":[80,64,64,70,76,72,78,78,78,78,66,66,69,75,75,40,80,84,84,68,68,69,69],"items_purged":["Strike_R"],"gold":76,"score":250,"play_id":"a356ee3b-9528-426f-a0cd-619e02baad96","is_prod":false,"is_daily":false,"is_ascension_mode":true,"campfire_upgraded":4,"path_taken":["M","?","$","M","?","E","M","R","T","M","E","R","M","M","R","BOSS","M","$","?","?","M","R","E"],"build_version":"2018-02-12-PROD1","purchased_purges":1,"victory":false,"master_deck":["Strike_R+1","Strike_R+1","Strike_R+1","Strike_R+1","Defend_R+1","Defend_R+1","Defend_R+1","Defend_R+1","Bash","Armaments+1","Corruption+1","Uppercut","True Grit+1","Cleave","Clash","Feel No Pain+1","Fire Breathing+1","Demon Form","Fiend Fire","Clash","Feed","Battle Trance","Feel No Pain","Necronomicurse"],"max_hp_per_floor":[80,80,80,80,80,80,80,80,80,80,80,80,80,80,80,80,80,84,84,84,84,88,88],"relics":["Burning Blood","NeowsBlessing","War Paint","Orichalcum","Gambling Chip","Orrery","Champion Belt","Necronomicon"],"card_choices":[{"not_picked":["True Grit","Evolve"],"picked":"Armaments"},{"not_picked":["Armaments","Shockwave"],"picked":"Corruption"},{"not_picked":["Battle Trance","Reckless Charge"],"picked":"Uppercut"},{"not_picked":["Flex","Corruption"],"picked":"True Grit"},{"not_picked":["Inflame","True Grit"],"picked":"Cleave"},{"not_picked":["Whirlwind","Ghostly Armor"],"picked":"Clash"},{"not_picked":["Wild Strike","Twin Strike"],"picked":"Feel No Pain"},{"not_picked":["Havoc","Disarm"],"picked":"Fire Breathing"},{"not_picked":["Warcry","Clothesline"],"picked":"Demon Form"},{"not_picked":["Exhume","Bludgeon"],"picked":"Fiend Fire"},{"not_picked":["Flame Barrier","Impervious"],"picked":"Clash"},{"not_picked":["Havoc","Cleave"],"picked":"Feed"},{"not_picked":["Second Wind","Twin Strike"],"picked":"Battle Trance"},{"not_picked":["Perfected Strike","Wild Strike"],"picked":"Feel No Pain"}],"player_experience":148618,"potions_floor_usage":[6,16,24,24],"damage_taken":[{"damage":0,"enemies":"Jaw Worm","floor":1,"turns":1},{"damage":0,"enemies":"Small Slimes","floor":4,"turns":1},{"damage":0,"enemies":"Blue Slaver","floor":5,"turns":1},{"damage":10,"enemies":"3 Sentries","floor":6,"turns":9},{"damage":0,"enemies":"3 Louse","floor":7,"turns":4},{"damage":6,"enemies":"Looter","floor":10,"turns":3},{"damage":18,"enemies":"Gremlin Nob","floor":11,"turns":5},{"damage":3,"enemies":"Exordium Wildlife","floor":13,"turns":3},{"damage":0,"enemies":"2 Fungi Beasts","floor":14,"turns":3},{"damage":41,"enemies":"Hexaghost","floor":16,"turns":8},{"damage":2,"enemies":"Spheric Guardian","floor":18,"turns":7},{"damage":9,"enemies":"3 Byrds","floor":22,"turns":6},{"damage":72,"enemies":"Gremlin Leader","floor":24,"turns":8}],"event_choices":[{"event_name":"Shining Light","player_choice":"Entered Light","floor":2,"damage_taken":0},{"event_name":"Cursed Tome","player_choice":"Obtained Book","floor":20,"damage_taken":0},{"event_name":"Back to Basics","player_choice":"Simplicity","floor":21,"damage_taken":0}],"boss_relics":[{"not_picked":["Snecko Eye","Black Blood"],"picked":"Orrery"}],"potions_floor_spawned":[4,6,7,16,22],"seed_played":"-8002369931412637934","killed_by":"Gremlin Leader","ascension_level":4,"is_trial":false}