{"gold_per_floor":[112,0,0,0,14,43,43,76,376,376,403,403,423,451,451,555,555,566,491,491,32,0,0,0],"floor_reached":24,"playtime":1169,"items_purged":[],"score":365,"play_id":"1bba289d-7866-4a2c-9589-b9e527bfe196","local_time":"20190128220338","is_ascension_mode":true,"campfire_choices":[{"data":"Zap","floor":7,"key":"SMITH"},{"floor":12,"key":"REST"},{"data":"Redo","floor":15,"key":"SMITH"},{"data":"Fission","floor":23,"key":"SMITH"}],"neow_cost":"NONE","seed_source_timestamp":966721369082001,"circlet_count":0,"master_deck":["Strike_B+1","Defend_B","Defend_B","Defend_B","Defend_B","Zap+1","Dualcast+1","Glacier","Darkness","Chill","FTL","Turbo","Cold Snap","Coolheaded","Go for the Eyes","Steam","Redo+1","Fission+1","Redo+1","Ghostly","Ghostly","Ghostly","Ghostly","Ghostly","Hologram","Chrysalis","Hologram"],"relics":["Cracked Core","Thread and Needle","Bag of Preparation","Old Coin","Girya","Matryoshka","Nuclear Battery","Symbiotic Virus"],"potions_floor_usage":[8,8,16,24],"damage_taken":[{"damage":0,"enemies":"2 Louse","floor":1,"turns":4},{"damage":2,"enemies":"Small Slimes","floor":5,"turns":3},{"damage":8,"enemies":"3 Sentries","floor":6,"turns":10},{"damage":16,"enemies":"Gremlin Nob","floor":8,"turns":3},{"damage":0,"enemies":"Lagavulin","floor":11,"turns":5},{"damage":0,"enemies":"Jaw Worm","floor":13,"turns":4},{"damage":7,"enemies":"3 Sentries","floor":14,"turns":9},{"damage":9,"enemies":"Hexaghost","floor":16,"turns":11},{"damage":13,"enemies":"3 Byrds","floor":18,"turns":6},{"damage":0,"enemies":"2 Thieves","floor":22,"turns":5},{"damage":39,"enemies":"Slavers","floor":24,"turns":4}],"seed_played":"-4447683136523262403","potions_obtained":[{"floor":5,"key":"Poison Potion"},{"floor":6,"key":"Strength Potion"},{"floor":14,"key":"Block Potion"},{"floor":16,"key":"Energy Potion"}],"is_trial":false,"path_per_floor":["M","$","?","?","M","E","R","E","T","?","E","R","M","E","R","B",null,"M","?","?","$","M","R","E"],"character_chosen":"DEFECT","items_purchased":["Chill","FTL","Symbiotic Virus","Hologram","Chrysalis"],"campfire_rested":1,"item_purchase_floors":[2,2,21,21,21],"current_hp_per_floor":[68,68,68,53,51,43,43,27,27,20,20,42,42,35,35,26,63,50,50,37,37,37,37,0],"gold":0,"neow_bonus":"TRANSFORM_CARD","is_prod":false,"is_daily":false,"chose_seed":false,"campfire_upgraded":3,"win_rate":0,"timestamp":1548731018,"path_taken":["M","$","?","?","M","E","R","E","T","?","E","R","M","E","R","BOSS","M","?","?","$","M","R","E"],"build_version":"2019-01-23","purchased_purges":0,"victory":false,"max_hp_per_floor":[75,75,75,75,75,75,75,75,75,75,75,75,75,75,75,75,75,75,75,37,37,37,37,37],"card_choices":[{"not_picked":["Compile Driver","Conserve Battery"],"picked":"Darkness","floor":1},{"not_picked":["Streamline","Sweeping Beam"],"picked":"Turbo","floor":5},{"not_picked":["Sweeping Beam","Stack"],"picked":"Cold Snap","floor":6},{"not_picked":["Rip and Tear","Glacier"],"picked":"Coolheaded","floor":8},{"not_picked":["Biased Cognition","Double Energy"],"picked":"Go for the Eyes","floor":11},{"not_picked":["Beam Cell","Leap"],"picked":"Steam","floor":13},{"not_picked":["Loop","Gash"],"picked":"Redo","floor":14},{"not_picked":["Thunder Strike","Seek"],"picked":"Fission","floor":16},{"not_picked":["Go for the Eyes+1","Cold Snap"],"picked":"Redo+1","floor":18},{"not_picked":["Gash","Rebound"],"picked":"Hologram","floor":22}],"player_experience":234206,"relics_obtained":[{"floor":6,"key":"Thread and Needle"},{"floor":8,"key":"Bag of Preparation"},{"floor":9,"key":"Old Coin"},{"floor":11,"key":"Girya"},{"floor":14,"key":"Matryoshka"}],"event_choices":[{"damage_healed":0,"gold_gain":0,"player_choice":"Leave","damage_taken":0,"max_hp_gain":0,"max_hp_loss":0,"event_name":"The Cleric","floor":3,"gold_loss":0},{"damage_healed":0,"gold_gain":0,"player_choice":"Entered Light","damage_taken":15,"max_hp_gain":0,"max_hp_loss":0,"event_name":"Shining Light","floor":4,"gold_loss":0,"cards_upgraded":["Dualcast","Strike_B"]},{"cards_removed":["Strike_B"],"damage_healed":0,"gold_gain":0,"player_choice":"Card Removal","damage_taken":7,"max_hp_gain":0,"max_hp_loss":0,"event_name":"Golden Wing","floor":10,"gold_loss":0},{"cards_removed":["Strike_B"],"damage_healed":0,"gold_gain":0,"player_choice":"Gave Gold","damage_taken":0,"max_hp_gain":0,"max_hp_loss":0,"event_name":"Beggar","floor":19,"gold_loss":75},{"damage_healed":0,"gold_gain":0,"player_choice":"Became a Ghost","damage_taken":0,"max_hp_gain":0,"max_hp_loss":38,"event_name":"Ghosts","floor":20,"gold_loss":0,"cards_obtained":["Ghostly","Ghostly","Ghostly","Ghostly","Ghostly"]}],"is_beta":false,"boss_relics":[{"not_picked":["Busted Crown","Snecko Eye"],"picked":"Nuclear Battery"}],"items_purged_floors":[],"is_endless":false,"potions_floor_spawned":[5,6,14,16],"killed_by":"Slavers","ascension_level":8}