{"gold_per_floor":[116,127,127,127,77,112,127,127,127,127,142,142,142,160,160,256,256,273,308,325,325,213,213,247,247,247,107,107,124,136,11,11,115,115,126,56,56,67,77,77,90,90,90,118,118,153,166,16,16,16],"floor_reached":51,"playtime":4743,"items_purged":["Strike_R","Regret","Strike_R","Defend_R"],"score":793,"play_id":"ba351630-f0a4-46be-879e-4d2016456cb6","local_time":"20190523233839","is_ascension_mode":true,"campfire_choices":[{"data":"Shockwave","floor":8,"key":"SMITH"},{"data":"Spot Weakness","floor":10,"key":"SMITH"},{"data":"Bash","floor":13,"key":"SMITH"},{"floor":15,"key":"REST"},{"data":"Reaper","floor":23,"key":"SMITH"},{"data":"Strike_R","floor":25,"key":"SMITH"},{"data":"Defend_R","floor":32,"key":"SMITH"},{"data":"Heavy Blade","floor":40,"key":"SMITH"},{"data":"Limit Break","floor":42,"key":"SMITH"},{"floor":49,"key":"REST"}],"neow_cost":"NONE","seed_source_timestamp":16882320808924,"circlet_count":0,"master_deck":["Strike_R+1","Strike_R+1","Defend_R+1","Bash+1","Shockwave+1","Spot Weakness+1","Shrug It Off+1","Inflame+1","Reaper+1","Metallicize+1","Metallicize+1","Barricade+1","Demon Form+1","Heavy Blade+1","Dual Wield","Rampage+1","Limit Break+1","Shame","Flame Barrier","Madness","Madness","Heavy Blade"],"relics":["Burning Blood","Bronze Scales","Du-Vu Doll","Vajra","Frozen Egg 2","Cursed Key","Red Mask","Champion Belt","Ornamental Fan","Black Star","GremlinMask","Regal Pillow","Red Skull","Whetstone","PreservedInsect","Bottled Flame"],"potions_floor_usage":[11,18,18,24,33,41,44,44,50,50],"damage_taken":[{"damage":0,"enemies":"Small Slimes","floor":1,"turns":3},{"damage":4,"enemies":"Jaw Worm","floor":2,"turns":4},{"damage":48,"enemies":"3 Sentries","floor":6,"turns":11},{"damage":0,"enemies":"Cultist","floor":7,"turns":3},{"damage":0,"enemies":"3 Louse","floor":11,"turns":4},{"damage":1,"enemies":"Looter","floor":14,"turns":3},{"damage":45,"enemies":"Hexaghost","floor":16,"turns":8},{"damage":6,"enemies":"3 Byrds","floor":18,"turns":2},{"damage":22,"enemies":"Masked Bandits","floor":19,"turns":5},{"damage":10,"enemies":"Shell Parasite","floor":20,"turns":4},{"damage":23,"enemies":"Slavers","floor":24,"turns":7},{"damage":7,"enemies":"Centurion and Healer","floor":29,"turns":5},{"damage":13,"enemies":"Sentry and Sphere","floor":30,"turns":6},{"damage":34,"enemies":"Automaton","floor":33,"turns":10},{"damage":14,"enemies":"Orb Walker","floor":35,"turns":6},{"damage":13,"enemies":"3 Darklings","floor":38,"turns":6},{"damage":24,"enemies":"Writhing Mass","floor":39,"turns":6},{"damage":9,"enemies":"Sphere and 2 Shapes","floor":41,"turns":6},{"damage":44,"enemies":"Reptomancer","floor":44,"turns":5},{"damage":17,"enemies":"Giant Head","floor":46,"turns":8},{"damage":19,"enemies":"4 Shapes","floor":47,"turns":6},{"damage":49,"enemies":"Time Eater","floor":50,"turns":6}],"seed_played":"1435561534169994918","potions_obtained":[{"floor":1,"key":"Explosive Potion"},{"floor":7,"key":"Block Potion"},{"floor":11,"key":"AttackPotion"},{"floor":16,"key":"FearPotion"},{"floor":19,"key":"AttackPotion"},{"floor":30,"key":"SteroidPotion"},{"floor":33,"key":"Fire Potion"},{"floor":38,"key":"Swift Potion"},{"floor":39,"key":"Regen Potion"},{"floor":41,"key":"BloodPotion"},{"floor":44,"key":"Ancient Potion"}],"is_trial":false,"path_per_floor":["M","M","?","T","?","E","M","R","T","R","M","?","R","M","R","B",null,"M","?","M","?","$","R","E","R","T","$","?","M","M","$","R","B",null,"M","$","?","M","M","R","M","R","T","E","?","E","M","$","R","B",null],"character_chosen":"IRONCLAD","items_purchased":["Metallicize+1","Metallicize+1","Dual Wield"],"campfire_rested":2,"item_purchase_floors":[22,27,36],"current_hp_per_floor":[80,80,77,77,77,35,41,41,41,41,47,47,47,52,76,37,80,80,74,74,59,59,59,69,69,69,69,69,85,78,78,78,50,85,84,84,84,77,79,79,76,76,76,55,44,45,69,69,85,42],"gold":16,"neow_bonus":"REMOVE_CARD","is_prod":false,"is_daily":false,"chose_seed":false,"campfire_upgraded":8,"win_rate":0,"timestamp":1558651119,"path_taken":["M","M","?","?","?","E","?","R","T","R","M","?","R","?","R","BOSS","M","?","M","?","$","R","E","R","T","$","?","M","?","?","R","BOSS","M","$","?","M","M","R","?","R","T","E","?","E","M","?","R","BOSS"],"build_version":"2019-01-23","purchased_purges":4,"victory":true,"max_hp_per_floor":[80,80,80,80,80,80,80,80,80,80,80,80,80,80,80,80,80,80,80,80,85,85,85,85,85,85,85,85,85,85,85,85,85,85,85,85,85,85,85,85,85,85,85,85,85,85,85,85,85,85],"card_choices":[{"not_picked":["Armaments","Perfected Strike"],"picked":"Shockwave","floor":1},{"not_picked":["Seeing Red","Iron Wave","Rage"],"picked":"SKIP","floor":2},{"not_picked":["Searing Blow","Warcry","Thunderclap"],"picked":"SKIP","floor":6},{"not_picked":["Pommel Strike","Havoc"],"picked":"Spot Weakness","floor":7},{"not_picked":["Heavy Blade","True Grit"],"picked":"Shrug It Off","floor":11},{"not_picked":["Twin Strike","Sentinel"],"picked":"Inflame+1","floor":14},{"not_picked":["Offering","Brutality+1"],"picked":"Reaper","floor":16},{"not_picked":["Headbutt","Wild Strike","Anger"],"picked":"SKIP","floor":18},{"not_picked":["Iron Wave","Sever Soul","True Grit"],"picked":"SKIP","floor":20},{"not_picked":["Shrug It Off","Intimidate","Burning Pact"],"picked":"SKIP","floor":24},{"not_picked":["Twin Strike+1","Feel No Pain+1"],"picked":"Barricade+1","floor":29},{"not_picked":["Thunderclap","Warcry","Metallicize+1"],"picked":"SKIP","floor":30},{"not_picked":["Bludgeon","Barricade+1"],"picked":"Demon Form+1","floor":33},{"not_picked":["Wild Strike+1","Burning Pact"],"picked":"Heavy Blade","floor":35},{"not_picked":["Iron Wave+1","Havoc"],"picked":"Rampage+1","floor":38},{"not_picked":["Rampage+1","Perfected Strike+1","Armaments+1"],"picked":"SKIP","floor":39},{"not_picked":["Rampage+1","Perfected Strike+1","Armaments+1"],"picked":"SKIP","floor":39},{"not_picked":["Infernal Blade+1","Thunderclap+1"],"picked":"Limit Break","floor":41},{"not_picked":["Twin Strike","Headbutt+1"],"picked":"Flame Barrier","floor":44},{"not_picked":["Uppercut","Metallicize+1","Shockwave"],"picked":"SKIP","floor":46},{"not_picked":["Cleave","Thunderclap"],"picked":"Heavy Blade","floor":47}],"player_experience":545554,"relics_obtained":[{"floor":4,"key":"Du-Vu Doll"},{"floor":6,"key":"Vajra"},{"floor":9,"key":"Frozen Egg 2"},{"floor":19,"key":"Red Mask"},{"floor":24,"key":"Champion Belt"},{"floor":26,"key":"Ornamental Fan"},{"floor":43,"key":"Regal Pillow"},{"floor":44,"key":"Red Skull"},{"floor":44,"key":"Whetstone"},{"floor":46,"key":"PreservedInsect"},{"floor":46,"key":"Bottled Flame"}],"event_choices":[{"damage_healed":0,"gold_gain":0,"player_choice":"Success","damage_taken":3,"relics_obtained":["Bronze Scales"],"max_hp_gain":0,"max_hp_loss":0,"event_name":"Scrap Ooze","floor":3,"gold_loss":0},{"cards_removed":["Defend_R"],"damage_healed":0,"gold_gain":0,"player_choice":"Card Removal","damage_taken":0,"max_hp_gain":0,"max_hp_loss":0,"event_name":"The Cleric","floor":5,"gold_loss":50},{"damage_healed":0,"gold_gain":0,"player_choice":"Forge","damage_taken":0,"max_hp_gain":0,"max_hp_loss":0,"event_name":"Accursed Blacksmith","floor":12,"gold_loss":0,"cards_upgraded":["Shrug It Off"]},{"damage_healed":0,"gold_gain":0,"player_choice":"Fought Bandits","damage_taken":0,"max_hp_gain":0,"max_hp_loss":0,"event_name":"Masked Bandits","floor":19,"gold_loss":0},{"damage_healed":0,"gold_gain":0,"player_choice":"Shed Blood","damage_taken":20,"max_hp_gain":5,"max_hp_loss":0,"event_name":"Forgotten Altar","floor":21,"gold_loss":0},{"cards_removed":["Defend_R"],"damage_healed":0,"gold_gain":0,"player_choice":"Offered Basic","damage_taken":0,"max_hp_gain":0,"max_hp_loss":0,"event_name":"Bonfire Elementals","floor":28,"gold_loss":0},{"damage_healed":0,"gold_gain":0,"player_choice":"Trade","damage_taken":0,"relics_obtained":["GremlinMask"],"max_hp_gain":0,"max_hp_loss":0,"event_name":"FaceTrader","floor":37,"gold_loss":0},{"damage_healed":0,"gold_gain":0,"player_choice":"Embrace Madness","damage_taken":11,"max_hp_gain":0,"max_hp_loss":0,"event_name":"Winding Halls","floor":45,"gold_loss":0,"cards_obtained":["Madness","Madness"]}],"is_beta":false,"boss_relics":[{"not_picked":["Eternal Feather","Sozu"],"picked":"Cursed Key"},{"not_picked":["Mark of Pain","Runic Pyramid"],"picked":"Black Star"}],"items_purged_floors":[22,27,31,48],"is_endless":false,"potions_floor_spawned":[1,7,11,16,19,30,33,38,39,41,44],"ascension_level":2}