{"gold_per_floor":[110,127,77,94,108,143,143,143,194,214,232,250,250,223,223,328,328,347,347,31,48,29,29],"floor_reached":23,"playtime":1482,"items_purged":[],"score":218,"play_id":"a0a4ca4f-8e21-4268-ab89-9ac38f764f4c","local_time":"20190522044153","is_ascension_mode":false,"campfire_choices":[{"floor":8,"key":"REST"},{"floor":15,"key":"REST"}],"neow_cost":"NONE","seed_source_timestamp":473485848723900,"circlet_count":0,"master_deck":["Defend_G","Defend_G","Strike_G","Strike_G","Strike_G","Strike_G","Survivor","Neutralize","Impatience","Cloak And Dagger+1","Cloak And Dagger","Slice","Terror","Cloak And Dagger","Dodge and Roll","Dodge and Roll","Blur","Slice","All Out Attack","Accuracy","Cloak And Dagger","Slice","Flash of Steel","Accuracy","Accuracy"],"relics":["Ring of the Snake","Paper Crane","Bag of Preparation","Empty Cage","FaceOfCleric","Membership Card"],"potions_floor_usage":[16,16],"damage_taken":[{"damage":0,"enemies":"Small Slimes","floor":1,"turns":4},{"damage":3,"enemies":"2 Louse","floor":2,"turns":5},{"damage":2,"enemies":"Cultist","floor":4,"turns":5},{"damage":0,"enemies":"Exordium Wildlife","floor":5,"turns":3},{"damage":51,"enemies":"3 Sentries","floor":6,"turns":19},{"damage":2,"enemies":"Looter","floor":10,"turns":3},{"damage":0,"enemies":"Exordium Thugs","floor":11,"turns":6},{"damage":0,"enemies":"2 Fungi Beasts","floor":12,"turns":4},{"damage":5,"enemies":"Hexaghost","floor":16,"turns":14},{"damage":31,"enemies":"Spheric Guardian","floor":18,"turns":10},{"damage":20,"enemies":"Shell Parasite","floor":21,"turns":6},{"damage":28,"enemies":"Cultist and Chosen","floor":23,"turns":4}],"seed_played":"849590835201051196","potions_obtained":[{"floor":5,"key":"Fire Potion"},{"floor":6,"key":"EssenceOfSteel"},{"floor":12,"key":"Energy Potion"},{"floor":16,"key":"PowerPotion"},{"floor":18,"key":"SpeedPotion"}],"is_trial":false,"path_per_floor":["M","M","?","M","M","E","?","R","T","M","M","M","?","$","R","B",null,"M","?","$","M","$","M"],"character_chosen":"THE_SILENT","items_purchased":["Slice","Membership Card","Accuracy","Cloak And Dagger","Slice","Flash of Steel","Accuracy"],"campfire_rested":2,"item_purchase_floors":[14,20,20,20,20,20,22],"current_hp_per_floor":[70,67,67,65,65,14,14,35,35,33,33,33,26,26,47,42,70,39,39,39,20,20,0],"gold":29,"neow_bonus":"RANDOM_COLORLESS","is_prod":false,"is_daily":false,"chose_seed":false,"campfire_upgraded":0,"win_rate":0,"timestamp":1558528913,"path_taken":["M","M","?","M","M","E","?","R","T","M","M","?","?","$","R","BOSS","M","?","?","M","$","M"],"build_version":"2019-01-23","purchased_purges":0,"victory":false,"max_hp_per_floor":[70,70,70,70,70,70,70,70,70,70,70,70,70,70,70,70,70,70,70,70,71,71,71],"card_choices":[{"not_picked":["Dodge and Roll","Bane"],"picked":"Cloak And Dagger","floor":1},{"not_picked":["Flying Knee","Slice"],"picked":"Cloak And Dagger","floor":2},{"not_picked":["Wraith Form v2","Deflect"],"picked":"Slice","floor":4},{"not_picked":["Underhanded Strike","Bane"],"picked":"Terror","floor":5},{"not_picked":["Backflip","Quick Slash"],"picked":"Cloak And Dagger","floor":6},{"not_picked":["Distraction","Prepared"],"picked":"Dodge and Roll","floor":10},{"not_picked":["Skewer","Expertise"],"picked":"Dodge and Roll","floor":11},{"not_picked":["Underhanded Strike","Caltrops"],"picked":"Blur","floor":12},{"not_picked":["PiercingWail","Outmaneuver"],"picked":"All Out Attack","floor":18},{"not_picked":["Flying Knee+1","Dodge and Roll"],"picked":"Accuracy","floor":21}],"player_experience":395572,"relics_obtained":[{"floor":6,"key":"Paper Crane"},{"floor":9,"key":"Bag of Preparation"}],"event_choices":[{"cards_removed":["Defend_G"],"damage_healed":0,"gold_gain":0,"player_choice":"Card Removal","damage_taken":0,"max_hp_gain":0,"max_hp_loss":0,"event_name":"The Cleric","floor":3,"gold_loss":50},{"damage_healed":0,"gold_gain":0,"player_choice":"Upgraded","damage_taken":0,"max_hp_gain":0,"max_hp_loss":0,"event_name":"Upgrade Shrine","floor":7,"gold_loss":0,"cards_upgraded":["Cloak And Dagger"]},{"cards_removed":["Defend_G"],"damage_healed":0,"gold_gain":0,"player_choice":"Card Removal","damage_taken":7,"max_hp_gain":0,"max_hp_loss":0,"event_name":"Golden Wing","floor":13,"gold_loss":0},{"damage_healed":0,"gold_gain":0,"player_choice":"Trade","damage_taken":0,"relics_obtained":["FaceOfCleric"],"max_hp_gain":0,"max_hp_loss":0,"event_name":"FaceTrader","floor":19,"gold_loss":0}],"is_beta":false,"boss_relics":[{"not_picked":["Cursed Key","Astrolabe"],"picked":"Empty Cage"}],"items_purged_floors":[],"is_endless":false,"potions_floor_spawned":[5,6,12,16,18],"killed_by":"Cultist and Chosen","ascension_level":0}