{"gold_per_floor":[214,214,3,3,16,41,59,59,59,79,104,104,122,132,132,208,208,223,242,242,29,29,29,29],"floor_reached":24,"playtime":1006,"items_purged":["Decay"],"score":391,"play_id":"e7ca0d12-62e1-4970-8e9d-081e0cc6b16e","local_time":"20190228194145","is_ascension_mode":true,"campfire_choices":[{"floor":8,"key":"REST"},{"data":"Genetic Algorithm","floor":12,"key":"SMITH"},{"floor":15,"key":"REST"},{"data":"Fission","floor":23,"key":"SMITH"}],"neow_cost":"NONE","seed_source_timestamp":1365082994746060,"circlet_count":0,"master_deck":["AscendersBane","Zap","Dualcast","Conserve Battery","Ball Lightning","Beam Cell","Genetic Algorithm+1","Cold Snap","Stack","Cold Snap","Steam","Fission+1","Rip and Tear","Static Discharge","Undo","All For One","Defragment","Chill","Biased Cognition","Doom and Gloom","Cold Snap+1","Hologram","Heatsinks"],"relics":["Cracked Core","Singing Bowl","Orichalcum","Lantern","Cables","Bottled Flame","Pandora\u0027s Box"],"potions_floor_usage":[18,24,24],"damage_taken":[{"damage":2,"enemies":"Jaw Worm","floor":1,"turns":3},{"damage":2,"enemies":"2 Louse","floor":5,"turns":3},{"damage":23,"enemies":"Lagavulin","floor":6,"turns":6},{"damage":0,"enemies":"Cultist","floor":7,"turns":3},{"damage":17,"enemies":"Exordium Thugs","floor":10,"turns":5},{"damage":13,"enemies":"3 Sentries","floor":11,"turns":7},{"damage":1,"enemies":"Looter","floor":13,"turns":3},{"damage":1,"enemies":"Large Slime","floor":14,"turns":5},{"damage":17,"enemies":"The Guardian","floor":16,"turns":14},{"damage":3,"enemies":"2 Thieves","floor":18,"turns":5},{"damage":0,"enemies":"Chosen","floor":19,"turns":3},{"damage":93,"enemies":"Gremlin Leader","floor":24,"turns":10}],"seed_played":"252072143407713100","potions_obtained":[{"floor":5,"key":"FearPotion"},{"floor":6,"key":"Block Potion"},{"floor":14,"key":"Regen Potion"},{"floor":18,"key":"Energy Potion"}],"is_trial":false,"path_per_floor":["M","?","$","?","M","E","M","R","T","M","E","R","M","M","R","B",null,"M","M","?","$","?","R","E"],"character_chosen":"DEFECT","items_purchased":["Orichalcum","Ball Lightning","Hologram","Heatsinks"],"campfire_rested":2,"item_purchase_floors":[3,3,21,21],"current_hp_per_floor":[62,36,36,59,57,34,34,55,55,38,25,25,26,25,46,29,62,59,59,59,59,59,59,0],"gold":29,"neow_bonus":"HUNDRED_GOLD","is_prod":false,"is_daily":false,"chose_seed":false,"campfire_upgraded":2,"win_rate":0,"timestamp":1551400905,"path_taken":["M","?","$","?","M","E","M","R","T","M","E","R","M","M","R","BOSS","M","M","?","$","?","R","E"],"build_version":"2019-01-23","purchased_purges":1,"victory":false,"max_hp_per_floor":[71,71,71,71,71,71,71,71,71,71,71,71,73,73,73,73,73,73,73,73,73,73,73,73],"card_choices":[{"not_picked":["Storm","Redo"],"picked":"Conserve Battery","floor":1},{"not_picked":["Streamline","Stack"],"picked":"Beam Cell","floor":5},{"not_picked":["Rainbow","Steam Power"],"picked":"Genetic Algorithm","floor":6},{"not_picked":["Gash","Barrage"],"picked":"Cold Snap","floor":7},{"not_picked":["Hello World","Beam Cell"],"picked":"Stack","floor":10},{"not_picked":["Conserve Battery","Barrage"],"picked":"Cold Snap","floor":11},{"not_picked":["Leap","Skim","Barrage"],"picked":"Singing Bowl","floor":13},{"not_picked":["Compile Driver","Stack"],"picked":"Steam","floor":14},{"not_picked":["Thunder Strike","Reboot"],"picked":"Fission","floor":16},{"not_picked":["Conserve Battery","Rebound"],"picked":"Doom and Gloom","floor":18},{"not_picked":["Stack","Doom and Gloom"],"picked":"Cold Snap+1","floor":19}],"player_experience":408615,"relics_obtained":[{"floor":6,"key":"Lantern"},{"floor":9,"key":"Cables"},{"floor":11,"key":"Bottled Flame"}],"event_choices":[{"damage_healed":0,"gold_gain":0,"player_choice":"Success","damage_taken":26,"relics_obtained":["Singing Bowl"],"max_hp_gain":0,"max_hp_loss":0,"event_name":"Scrap Ooze","floor":2,"gold_loss":0},{"damage_healed":23,"gold_gain":0,"player_choice":"Banana","damage_taken":0,"max_hp_gain":0,"max_hp_loss":0,"event_name":"Big Fish","floor":4,"gold_loss":0},{"damage_healed":0,"gold_gain":0,"player_choice":"Smashed Altar","damage_taken":0,"max_hp_gain":0,"max_hp_loss":0,"event_name":"Forgotten Altar","floor":20,"gold_loss":0,"cards_obtained":["Decay"]},{"cards_removed":["Chaos"],"damage_healed":0,"gold_gain":0,"player_choice":"Card Removal","damage_taken":0,"max_hp_gain":0,"max_hp_loss":0,"event_name":"Wheel of Change","floor":22,"gold_loss":0}],"is_beta":false,"boss_relics":[{"not_picked":["Empty Cage","Eternal Feather"],"picked":"Pandora\u0027s Box"}],"items_purged_floors":[21],"is_endless":false,"potions_floor_spawned":[5,6,14,18],"killed_by":"Gremlin Leader","ascension_level":18}