{"gold_per_floor":[111,130,205,223,31,31,61,61,85,112,112,146,164,182,182,278,278,295,314,314,11,11,37,37,17,17,17,36,0,0,17,17,116,116,129,141,37,37,37,37,0,15,39,50,50,50,85,50,50,50,50,50,16,51,51],"floor_reached":55,"playtime":3437,"items_purged":[],"score":696,"play_id":"d5283049-ab36-4e1a-8269-fdbec3ad24d2","local_time":"20190523044811","is_ascension_mode":false,"campfire_choices":[{"data":"Terror","floor":6,"key":"SMITH"},{"floor":15,"key":"REST"},{"data":"Infinite Blades","floor":24,"key":"SMITH"},{"data":"Infinite Blades","floor":27,"key":"SMITH"},{"data":"Choke","floor":32,"key":"SMITH"},{"data":"A Thousand Cuts","floor":40,"key":"SMITH"},{"floor":45,"key":"REST"},{"floor":49,"key":"RECALL"},{"data":"Malaise","floor":52,"key":"SMITH"}],"neow_cost":"NONE","seed_source_timestamp":558308985609700,"circlet_count":0,"master_deck":["Defend_G","Defend_G","Defend_G","Defend_G","Defend_G","Survivor","Neutralize","Endless Agony","Outmaneuver","Terror+1","Blade Dance+1","Heel Hook","Infinite Blades+1","Predator","Malaise+1","Deflect+1","Bite","Bite","Bite","Bite","Bite","Noxious Fumes","Endless Agony","Infinite Blades+1","Endless Agony","Slice","Choke+1","A Thousand Cuts+1","Noxious Fumes","Accuracy"],"relics":["Ring of the Snake","Oddly Smooth Stone","Pen Nib","Ornamental Fan","Juzu Bracelet","Bag of Marbles","Anchor","Orichalcum","Sozu","Membership Card","Centennial Puzzle","Happy Flower","Busted Crown","TwistedFunnel","Unceasing Top","Red Mask","Bronze Scales","Mango","Strawberry"],"potions_floor_usage":[13,16],"damage_taken":[{"damage":0,"enemies":"2 Louse","floor":1,"turns":2},{"damage":1,"enemies":"Small Slimes","floor":2,"turns":3},{"damage":1,"enemies":"Jaw Worm","floor":4,"turns":7},{"damage":22,"enemies":"Gremlin Nob","floor":10,"turns":4},{"damage":12,"enemies":"3 Sentries","floor":12,"turns":12},{"damage":0,"enemies":"3 Louse","floor":13,"turns":2},{"damage":0,"enemies":"Blue Slaver","floor":14,"turns":2},{"damage":26,"enemies":"Slime Boss","floor":16,"turns":11},{"damage":5,"enemies":"2 Thieves","floor":18,"turns":5},{"damage":0,"enemies":"Chosen","floor":19,"turns":4},{"damage":15,"enemies":"Slavers","floor":23,"turns":6},{"damage":0,"enemies":"Centurion and Healer","floor":28,"turns":6},{"damage":2,"enemies":"Sentry and Sphere","floor":31,"turns":4},{"damage":39,"enemies":"Champ","floor":33,"turns":11},{"damage":0,"enemies":"Orb Walker","floor":35,"turns":3},{"damage":33,"enemies":"3 Shapes","floor":36,"turns":3},{"damage":10,"enemies":"Writhing Mass","floor":42,"turns":5},{"damage":10,"enemies":"Maw","floor":44,"turns":5},{"damage":1,"enemies":"Reptomancer","floor":47,"turns":5},{"damage":35,"enemies":"Awakened One","floor":50,"turns":12},{"damage":33,"enemies":"Shield and Spear","floor":54,"turns":5},{"damage":51,"enemies":"The Heart","floor":55,"turns":3}],"seed_played":"-7619071387280276922","potions_obtained":[{"floor":1,"key":"SteroidPotion"},{"floor":2,"key":"AttackPotion"}],"is_trial":false,"path_per_floor":["M","M","?","M","$","R","?","?","T","E","?","E","M","M","R","B",null,"M","M","?","$","?","E","R","$","T","R","M","?","?","M","R","B",null,"M","M","$","T","$","R","?","M","T","M","R","?","E","$","R","B",null,"R","$","E","B"],"character_chosen":"THE_SILENT","items_purchased":["Pen Nib","Blade Dance","Membership Card","Noxious Fumes","Centennial Puzzle","Endless Agony","TwistedFunnel","Noxious Fumes","Accuracy"],"campfire_rested":2,"item_purchase_floors":[5,5,21,21,21,25,37,48,53],"current_hp_per_floor":[70,69,58,57,57,57,57,57,57,35,23,11,11,11,32,6,70,65,65,49,49,49,49,49,49,49,49,49,49,49,49,49,19,49,49,22,22,22,22,22,22,24,24,26,40,40,63,63,63,54,63,63,63,47,0],"gold":51,"neow_bonus":"RANDOM_COMMON_RELIC","is_prod":false,"is_daily":false,"chose_seed":false,"campfire_upgraded":6,"win_rate":0,"timestamp":1558615691,"path_taken":["M","M","?","M","$","R","?","?","T","E","?","E","M","M","R","BOSS","M","M","?","$","?","E","R","?","T","R","M","?","?","M","R","BOSS","M","M","$","?","$","R","?","M","T","M","R","?","E","$","R","BOSS","R","$","E","BOSS"],"build_version":"2019-01-23","purchased_purges":0,"victory":false,"max_hp_per_floor":[70,70,70,70,70,70,70,70,70,70,70,70,70,70,70,70,70,70,70,49,49,49,49,49,49,49,49,49,49,49,49,49,49,49,49,49,49,49,49,49,49,49,49,49,49,49,63,63,63,63,63,63,63,70,70],"card_choices":[{"not_picked":["Reflex","Flying Knee"],"picked":"Endless Agony","floor":1},{"not_picked":["Leg Sweep","Predator"],"picked":"Outmaneuver","floor":2},{"not_picked":["Poisoned Stab","Slice"],"picked":"Terror","floor":4},{"not_picked":["Catalyst","Outmaneuver"],"picked":"Heel Hook","floor":10},{"not_picked":["Escape Plan","Poisoned Stab","Deadly Poison"],"picked":"SKIP","floor":12},{"not_picked":["Dash","Blade Dance"],"picked":"Infinite Blades","floor":13},{"not_picked":["Quick Slash","Backflip"],"picked":"Predator","floor":14},{"not_picked":["Wraith Form v2","Doppelganger"],"picked":"Malaise","floor":16},{"not_picked":["Concentrate","Backflip+1","Flying Knee"],"picked":"SKIP","floor":18},{"not_picked":["Terror","Acrobatics"],"picked":"Deflect+1","floor":19},{"not_picked":["Night Terror","Flying Knee"],"picked":"Infinite Blades","floor":23},{"not_picked":["Well Laid Plans","Eviscerate","Leg Sweep+1"],"picked":"SKIP","floor":28},{"not_picked":["Flying Knee","Infinite Blades"],"picked":"Choke","floor":31},{"not_picked":["Burst","Phantasmal Killer"],"picked":"A Thousand Cuts","floor":33},{"not_picked":[],"picked":"Terror+1","floor":35},{"not_picked":["Dagger Spray"],"picked":"SKIP","floor":36},{"not_picked":["Blade Dance"],"picked":"SKIP","floor":42},{"not_picked":["Underhanded Strike+1"],"picked":"SKIP","floor":44},{"not_picked":["Venomology"],"picked":"SKIP","floor":47},{"not_picked":["Blade Dance"],"picked":"SKIP","floor":54}],"player_experience":413014,"relics_obtained":[{"floor":9,"key":"Juzu Bracelet"},{"floor":10,"key":"Bag of Marbles"},{"floor":12,"key":"Orichalcum"},{"floor":23,"key":"Happy Flower"},{"floor":38,"key":"Unceasing Top"},{"floor":43,"key":"Bronze Scales"},{"floor":47,"key":"Mango"},{"floor":54,"key":"Strawberry"}],"event_choices":[{"damage_healed":0,"gold_gain":75,"player_choice":"Gather Gold","damage_taken":11,"max_hp_gain":0,"max_hp_loss":0,"event_name":"World of Goop","floor":3,"gold_loss":0},{"damage_healed":0,"gold_gain":30,"player_choice":"Searched \u00272\u0027 times","damage_taken":0,"relics_obtained":["Ornamental Fan"],"max_hp_gain":0,"max_hp_loss":0,"event_name":"Dead Adventurer","floor":7,"gold_loss":0},{"damage_healed":0,"gold_gain":0,"player_choice":"Grow","damage_taken":0,"max_hp_gain":0,"max_hp_loss":0,"event_name":"Living Wall","floor":8,"gold_loss":0,"cards_upgraded":["Blade Dance"]},{"damage_healed":0,"gold_gain":0,"player_choice":"Success","damage_taken":12,"relics_obtained":["Anchor"],"max_hp_gain":0,"max_hp_loss":0,"event_name":"Scrap Ooze","floor":11,"gold_loss":0},{"damage_healed":0,"gold_gain":0,"player_choice":"Became a vampire","damage_taken":0,"max_hp_gain":0,"max_hp_loss":21,"event_name":"Vampires","floor":20,"gold_loss":0,"cards_obtained":["Bite","Bite","Bite","Bite","Bite"]},{"damage_healed":0,"gold_gain":0,"player_choice":"Read","damage_taken":0,"max_hp_gain":0,"max_hp_loss":0,"event_name":"The Library","floor":22,"gold_loss":0,"cards_obtained":["Endless Agony"]},{"damage_healed":0,"gold_gain":0,"player_choice":"Paid Fearfully","damage_taken":0,"max_hp_gain":0,"max_hp_loss":0,"event_name":"Masked Bandits","floor":29,"gold_loss":36},{"damage_healed":0,"gold_gain":0,"player_choice":"1 cards matched","damage_taken":0,"max_hp_gain":0,"max_hp_loss":0,"event_name":"Match and Keep!","floor":30,"gold_loss":0,"cards_obtained":["Slice"]},{"damage_healed":0,"gold_gain":0,"player_choice":"Paid","damage_taken":0,"relics_obtained":["Red Mask"],"max_hp_gain":0,"max_hp_loss":0,"event_name":"Tomb of Lord Red Mask","floor":41,"gold_loss":37},{"cards_removed":["Terror"],"damage_healed":0,"gold_gain":0,"player_choice":"Purged","damage_taken":0,"max_hp_gain":0,"max_hp_loss":0,"event_name":"Purifier","floor":46,"gold_loss":0}],"is_beta":false,"boss_relics":[{"not_picked":["Runic Dome","Snecko Eye"],"picked":"Sozu"},{"not_picked":["Ring of the Serpent","HoveringKite"],"picked":"Busted Crown"}],"items_purged_floors":[],"is_endless":false,"potions_floor_spawned":[1,2,28,31,33,36,47],"killed_by":"The Heart","ascension_level":0}