{"gold_per_floor":[11,31,45,55,15,48,48,75,145,159,174,174,174,188,188,261,261,227,245,260,279,174,174,207,219,310,341,386,398,410,337,349,435,447,471,483,42,42,142,142,142,172,172,172,12,47,99,118,118,118,118,118,25,56,56],"floor_reached":56,"playtime":3364,"items_purged":[],"score":2135,"play_id":"f1407092-dfa4-4592-b32c-52f6a3bc9dba","local_time":"20190226231909","is_ascension_mode":true,"campfire_choices":[{"floor":7,"key":"REST"},{"data":"Fission","floor":12,"key":"SMITH"},{"data":"Defragment","floor":15,"key":"SMITH"},{"data":"Buffer","floor":23,"key":"SMITH"},{"data":"Defragment","floor":25,"key":"SMITH"},{"floor":29,"key":"REST"},{"data":"Zap","floor":32,"key":"SMITH"},{"floor":40,"key":"RECALL"},{"data":"White Noise","floor":44,"key":"SMITH"},{"data":"Heatsinks","floor":49,"key":"SMITH"},{"data":"Chill","floor":52,"key":"SMITH"}],"neow_cost":"NO_GOLD","seed_source_timestamp":1202940356603853,"circlet_count":0,"master_deck":["AscendersBane","Zap+1","Dualcast","Rebound","White Noise+1","Creative AI","Cold Snap","Doom and Gloom","Echo Form","Hologram","Chill+1","Self Repair","Defragment+1","Fission+1","Turbo","Coolheaded","Steam Power","Turbo","Buffer+1","BootSequence","Redo","Streamline","Melter","Sweeping Beam","Scrape","Heatsinks","Leap","Conserve Battery","Ball Lightning","Force Field","Cold Snap","Steam","Go for the Eyes","Aggregate+1","Defragment+1","Conserve Battery","Biased Cognition","Double Energy+1","Conserve Battery+1","Storm","Writhe","Creative AI","Loop","Heatsinks+1","Master of Strategy+1","Madness+1","Madness+1","Hologram+1","Ball Lightning","Writhe","Electrodynamics","Conserve Battery+1","Shame","Lockon+1","Storm","Defragment","Stack+1","White Noise+1"],"relics":["Cracked Core","Prayer Wheel","Matryoshka","Bird Faced Urn","Centennial Puzzle","Meat on the Bone","Pandora\u0027s Box","MawBank","Ancient Tea Set","Toxic Egg 2","Dead Branch","Dream Catcher","Question Card","Cursed Key","Mummified Hand","Nunchaku","Pen Nib","Dodecahedron","Shuriken","Pantograph"],"potions_floor_usage":[4,6,8,18,21,21,27,28,28,48,55],"damage_taken":[{"damage":4,"enemies":"2 Louse","floor":1,"turns":3},{"damage":6,"enemies":"Small Slimes","floor":2,"turns":4},{"damage":7,"enemies":"Jaw Worm","floor":3,"turns":3},{"damage":18,"enemies":"Exordium Wildlife","floor":4,"turns":3},{"damage":15,"enemies":"3 Sentries","floor":6,"turns":6},{"damage":9,"enemies":"Lagavulin","floor":8,"turns":7},{"damage":18,"enemies":"Large Slime","floor":10,"turns":7},{"damage":16,"enemies":"Red Slaver","floor":11,"turns":4},{"damage":7,"enemies":"Blue Slaver","floor":14,"turns":5},{"damage":24,"enemies":"The Guardian","floor":16,"turns":11},{"damage":15,"enemies":"2 Thieves","floor":18,"turns":5},{"damage":36,"enemies":"Shell Parasite","floor":19,"turns":6},{"damage":22,"enemies":"Snake Plant","floor":20,"turns":5},{"damage":9,"enemies":"3 Cultists","floor":21,"turns":6},{"damage":36,"enemies":"Book of Stabbing","floor":24,"turns":8},{"damage":1,"enemies":"Snecko","floor":27,"turns":6},{"damage":78,"enemies":"Gremlin Leader","floor":28,"turns":10},{"damage":8,"enemies":"Champ","floor":33,"turns":9},{"damage":9,"enemies":"3 Shapes","floor":35,"turns":4},{"damage":30,"enemies":"Mind Bloom Boss Battle","floor":39,"turns":4},{"damage":0,"enemies":"Reptomancer","floor":42,"turns":3},{"damage":2,"enemies":"Giant Head","floor":46,"turns":6},{"damage":27,"enemies":"3 Darklings","floor":48,"turns":3},{"damage":24,"enemies":"Time Eater","floor":50,"turns":6},{"damage":27,"enemies":"Shield and Spear","floor":54,"turns":3},{"damage":24,"enemies":"The Heart","floor":55,"turns":4}],"seed_played":"-7086665892707364604","potions_obtained":[{"floor":1,"key":"Energy Potion"},{"floor":2,"key":"AttackPotion"},{"floor":4,"key":"Block Potion"},{"floor":16,"key":"Weak Potion"},{"floor":19,"key":"Regen Potion"},{"floor":20,"key":"Block Potion"},{"floor":24,"key":"EntropicBrew"},{"floor":28,"key":"FearPotion"},{"floor":35,"key":"GamblersBrew"},{"floor":42,"key":"PowerPotion"}],"is_trial":false,"path_per_floor":["M","M","M","M","$","E","R","E","T","M","M","R","?","M","R","B",null,"M","M","M","M","$","R","E","R","T","M","E","R","?","?","R","B",null,"M","?","$","?","?","R","?","E","T","R","$","E","T","M","R","B",null,"R","$","E","B",null],"character_chosen":"DEFECT","items_purchased":["Self Repair","Defragment","Conserve Battery","Mummified Hand","Master of Strategy+1","Electrodynamics","Defragment","Stack+1"],"campfire_rested":2,"item_purchase_floors":[5,22,22,37,37,45,53,53],"current_hp_per_floor":[60,54,47,29,29,21,42,40,40,45,52,52,45,62,62,71,71,69,56,59,71,71,71,66,66,66,71,34,55,55,55,55,71,71,71,71,71,58,71,71,71,71,71,71,71,71,71,65,65,70,71,71,71,71,61],"gold":56,"neow_bonus":"ONE_RARE_RELIC","is_prod":false,"is_daily":false,"chose_seed":false,"campfire_upgraded":8,"win_rate":0,"timestamp":1551241149,"path_taken":["M","M","M","M","$","E","R","E","T","M","M","R","?","M","R","BOSS","M","M","M","M","$","R","E","R","T","M","E","R","?","?","R","BOSS","M","?","$","?","?","R","?","E","T","R","$","E","?","M","R","BOSS","R","$","E","BOSS"],"build_version":"2019-01-23","purchased_purges":0,"victory":true,"max_hp_per_floor":[71,71,71,71,71,71,71,71,71,71,71,71,71,71,71,71,71,71,71,71,71,71,71,71,71,71,71,71,71,71,71,71,71,71,71,71,71,71,71,71,71,71,71,71,71,71,71,71,71,71,71,71,71,71,71],"card_choices":[{"not_picked":["Recycle","Streamline"],"picked":"Rebound","floor":1},{"not_picked":["Streamline","Consume"],"picked":"White Noise","floor":1},{"not_picked":["White Noise","Barrage"],"picked":"Creative AI","floor":2},{"not_picked":["Fusion","Conserve Battery"],"picked":"Cold Snap","floor":2},{"not_picked":["Turbo","Steam"],"picked":"Doom and Gloom","floor":3},{"not_picked":["Reinforced Body","Sweeping Beam"],"picked":"Echo Form","floor":3},{"not_picked":["Streamline","Sweeping Beam"],"picked":"Hologram","floor":4},{"not_picked":["Ball Lightning","Gash"],"picked":"Chill","floor":4},{"not_picked":["Scrape","Redo"],"picked":"Defragment","floor":6},{"not_picked":["Hologram","Fusion"],"picked":"Fission","floor":8},{"not_picked":["Streamline","Gash"],"picked":"Turbo","floor":10},{"not_picked":["Consume","Sweeping Beam","Streamline"],"picked":"SKIP","floor":10},{"not_picked":["Consume","Sweeping Beam","Streamline"],"picked":"SKIP","floor":10},{"not_picked":["Auto Shields","Compile Driver"],"picked":"Coolheaded","floor":11},{"not_picked":["Reprogram","Hologram"],"picked":"Steam Power","floor":11},{"not_picked":["Blizzard","Darkness"],"picked":"Go for the Eyes","floor":14},{"not_picked":["Capacitor","Chill"],"picked":"Turbo","floor":14},{"not_picked":["Creative AI","Thunder Strike"],"picked":"Buffer","floor":16},{"not_picked":["Auto Shields","Gash"],"picked":"Leap","floor":18},{"not_picked":["Heatsinks","Cold Snap"],"picked":"Conserve Battery","floor":18},{"not_picked":["Barrage","Compile Driver"],"picked":"Ball Lightning","floor":19},{"not_picked":["Compile Driver","Fusion"],"picked":"Force Field","floor":19},{"not_picked":["Rebound","Storm"],"picked":"Cold Snap","floor":20},{"not_picked":["Aggregate","White Noise"],"picked":"Steam","floor":20},{"not_picked":["Doom and Gloom","Melter"],"picked":"Go for the Eyes","floor":21},{"not_picked":["Sunder","Chaos"],"picked":"Aggregate+1","floor":21},{"not_picked":["Beam Cell","Go for the Eyes"],"picked":"Biased Cognition","floor":24},{"not_picked":["Sweeping Beam","Leap+1"],"picked":"Double Energy+1","floor":27},{"not_picked":["Compile Driver","Rebound"],"picked":"Conserve Battery+1","floor":27},{"not_picked":["Undo+1","Ball Lightning"],"picked":"Storm","floor":28},{"not_picked":["Meteor Strike","Biased Cognition","Hyperbeam"],"picked":"Creative AI","floor":33},{"not_picked":["Turbo+1","Sweeping Beam","Self Repair"],"picked":"Loop","floor":35},{"not_picked":["Coolheaded+1","Leap+1","Gash"],"picked":"Heatsinks","floor":35},{"not_picked":["Beam Cell","Gash","Rebound+1"],"picked":"Hologram+1","floor":39},{"not_picked":["Cold Snap","Turbo+1","Steam+1"],"picked":"Ball Lightning","floor":42},{"not_picked":["Go for the Eyes","Stack+1","Sweeping Beam+1"],"picked":"Conserve Battery+1","floor":46},{"not_picked":["Meteor Strike","Glacier+1","Beam Cell"],"picked":"Lockon+1","floor":48},{"not_picked":["Compile Driver","Steam Power+1","Melter+1"],"picked":"Storm","floor":48},{"not_picked":["Turbo+1","Double Energy+1","Buffer"],"picked":"White Noise+1","floor":54}],"player_experience":397601,"relics_obtained":[{"floor":6,"key":"Matryoshka"},{"floor":8,"key":"Bird Faced Urn"},{"floor":9,"key":"Centennial Puzzle"},{"floor":9,"key":"Meat on the Bone"},{"floor":24,"key":"MawBank"},{"floor":26,"key":"Ancient Tea Set"},{"floor":26,"key":"Toxic Egg 2"},{"floor":28,"key":"Dead Branch"},{"floor":39,"key":"Nunchaku"},{"floor":42,"key":"Pen Nib"},{"floor":43,"key":"Dodecahedron"},{"floor":46,"key":"Shuriken"},{"floor":54,"key":"Pantograph"}],"event_choices":[{"cards_removed":["Strike_B"],"damage_healed":0,"gold_gain":0,"player_choice":"Card Removal","damage_taken":7,"max_hp_gain":0,"max_hp_loss":0,"event_name":"Golden Wing","floor":13,"gold_loss":0},{"damage_healed":0,"gold_gain":0,"player_choice":"Opened","damage_taken":0,"relics_obtained":["Dream Catcher"],"max_hp_gain":0,"max_hp_loss":0,"event_name":"The Mausoleum","floor":30,"gold_loss":0,"cards_obtained":["Writhe"]},{"damage_healed":0,"gold_gain":0,"player_choice":"Obtained Relic","damage_taken":0,"relics_obtained":["Question Card"],"max_hp_gain":0,"max_hp_loss":0,"event_name":"Addict","floor":31,"gold_loss":85},{"damage_healed":0,"gold_gain":0,"player_choice":"Ignored","damage_taken":0,"max_hp_gain":0,"max_hp_loss":0,"event_name":"Mysterious Sphere","floor":36,"gold_loss":0},{"damage_healed":0,"gold_gain":0,"player_choice":"Embrace Madness","damage_taken":13,"max_hp_gain":0,"max_hp_loss":0,"event_name":"Winding Halls","floor":38,"gold_loss":0,"cards_obtained":["Madness","Madness"]},{"damage_healed":0,"gold_gain":0,"player_choice":"Fight","damage_taken":0,"max_hp_gain":0,"max_hp_loss":0,"event_name":"MindBloom","floor":39,"gold_loss":0},{"cards_removed":["Go for the Eyes"],"damage_healed":0,"gold_gain":0,"player_choice":"Removed Attack","damage_taken":0,"max_hp_gain":0,"max_hp_loss":0,"event_name":"Falling","floor":41,"gold_loss":0}],"is_beta":false,"boss_relics":[{"not_picked":["Ectoplasm","Empty Cage"],"picked":"Pandora\u0027s Box"},{"not_picked":["Orrery","Philosopher\u0027s Stone"],"picked":"Cursed Key"}],"items_purged_floors":[],"is_endless":false,"potions_floor_spawned":[1,2,4,16,19,20,24,28,35,42],"ascension_level":16}