{"gold_per_floor":[117,131,56,73,73,73,99,99,153,22,40,70,70,93,93,212,212,227,227,241,17,30,30,30,30,30,48,48,87,8,24,24,24],"floor_reached":33,"playtime":1956,"items_purged":["Strike_B","Strike_B"],"score":330,"play_id":"72333c2c-9b55-4894-8675-1bd1fbb6a0cd","local_time":"20180626235532","is_ascension_mode":true,"campfire_choices":[{"data":"Go for the Eyes","floor":6,"key":"SMITH"},{"floor":15,"key":"REST"},{"data":"Recycle","floor":23,"key":"SMITH"},{"floor":28,"key":"REST"},{"floor":32,"key":"REST"}],"neow_cost":"NONE","seed_source_timestamp":21547197364283,"circlet_count":0,"master_deck":["Strike_B+1","Defend_B","Defend_B+1","Zap","Dualcast","Reboot","Sweeping Beam","Cold Snap","Go for the Eyes+1","Defragment","Leap","All For One","Gash","Core Surge","Beam Cell+1","Recycle+1","BootSequence+1","FTL","Chill"],"relics":["Cracked Core","Art of War","Bag of Preparation","Boot","Golden Idol","Empty Cage","Bottled Tornado","Unceasing Top"],"potions_floor_usage":[12,12,16,20,20,29,29,31,33,33],"damage_taken":[{"damage":3,"enemies":"Jaw Worm","floor":1,"turns":4},{"damage":1,"enemies":"Cultist","floor":2,"turns":3},{"damage":7,"enemies":"Small Slimes","floor":4,"turns":3},{"damage":25,"enemies":"3 Sentries","floor":7,"turns":5},{"damage":0,"enemies":"Blue Slaver","floor":11,"turns":3},{"damage":9,"enemies":"Gremlin Nob","floor":12,"turns":3},{"damage":4,"enemies":"3 Louse","floor":14,"turns":2},{"damage":29,"enemies":"Hexaghost","floor":16,"turns":10},{"damage":12,"enemies":"Spheric Guardian","floor":18,"turns":4},{"damage":0,"enemies":"Chosen","floor":20,"turns":3},{"damage":28,"enemies":"Snake Plant","floor":22,"turns":5},{"damage":4,"enemies":"Snecko","floor":27,"turns":5},{"damage":44,"enemies":"Gremlin Leader","floor":29,"turns":6},{"damage":0,"enemies":"3 Cultists","floor":31,"turns":4},{"damage":21,"enemies":"Collector","floor":33,"turns":6}],"seed_played":"6757792434484344281","potions_obtained":[{"floor":7,"key":"FearPotion"},{"floor":11,"key":"Weak Potion"},{"floor":14,"key":"Fire Potion"},{"floor":19,"key":"SteroidPotion"},{"floor":19,"key":"AttackPotion"},{"floor":19,"key":"FocusPotion"},{"floor":27,"key":"SpeedPotion"},{"floor":29,"key":"Weak Potion"},{"floor":31,"key":"GamblersBrew"}],"is_trial":false,"path_per_floor":["M","M","$","M","?","R","E","?","T","$","M","E","?","M","R","B",null,"M","?","M","$","M","R","?","?","T","M","R","E","$","M","R"],"character_chosen":"DEFECT","items_purchased":["Defragment","Leap","Recycle","SteroidPotion","FTL"],"campfire_rested":3,"item_purchase_floors":[10,10,21,21,30],"current_hp_per_floor":[72,71,71,64,64,64,39,24,24,24,24,15,15,11,31,2,69,57,57,57,57,29,29,29,29,29,25,45,1,1,1,21,0],"gold":24,"neow_bonus":"ONE_RANDOM_RARE_CARD","is_prod":false,"is_daily":false,"chose_seed":false,"campfire_upgraded":2,"win_rate":0,"timestamp":1530071732,"path_taken":["M","M","$","M","?","R","E","?","T","$","M","E","?","?","R","BOSS","M","?","M","?","M","R","?","?","T","?","R","E","$","M","R","BOSS"],"build_version":"2018-06-21v2","purchased_purges":2,"victory":false,"max_hp_per_floor":[75,75,75,75,75,75,75,75,75,75,75,75,69,69,69,69,69,69,69,69,69,69,69,69,69,69,69,69,69,69,69,69,69],"card_choices":[{"not_picked":["Coolheaded","Conserve Battery"],"picked":"Sweeping Beam","floor":1},{"not_picked":["Melter","Compile Driver"],"picked":"Cold Snap","floor":2},{"not_picked":["Genetic Algorithm","Hologram"],"picked":"Go for the Eyes","floor":4},{"not_picked":["Multi-Cast","Meteor Strike"],"picked":"Fusion","floor":7},{"not_picked":["Redo","Compile Driver","Sweeping Beam"],"picked":"SKIP","floor":11},{"not_picked":["Rebound","Lockon"],"picked":"All For One","floor":12},{"not_picked":["Ball Lightning","Redo"],"picked":"Gash","floor":14},{"not_picked":["Reboot","Creative AI"],"picked":"Core Surge","floor":16},{"not_picked":["Leap+1","Stack"],"picked":"Beam Cell+1","floor":18},{"not_picked":["Redo","Cold Snap","Steam Power"],"picked":"SKIP","floor":20},{"not_picked":["Turbo","Rip and Tear","Stack"],"picked":"SKIP","floor":22},{"not_picked":["Steam","Beam Cell+1"],"picked":"BootSequence+1","floor":27},{"not_picked":["Fusion","Hologram","Cold Snap"],"picked":"SKIP","floor":29},{"not_picked":["Rebound","FTL"],"picked":"Chill","floor":31}],"player_experience":323867,"relics_obtained":[{"floor":7,"key":"Art of War"},{"floor":9,"key":"Bag of Preparation"},{"floor":12,"key":"Boot"},{"floor":26,"key":"Bottled Tornado"},{"floor":29,"key":"Unceasing Top"}],"event_choices":[{"event_name":"Purifier","player_choice":"One Purge","floor":5,"damage_taken":0},{"event_name":"Shining Light","player_choice":"Entered Light","floor":8,"damage_taken":0},{"event_name":"Golden Idol","player_choice":"Lose Max HP","floor":13,"damage_taken":0},{"event_name":"The Lab","player_choice":"Got Potions","floor":19,"damage_taken":0},{"event_name":"Cursed Tome","player_choice":"Ignored","floor":24,"damage_taken":0},{"event_name":"Back to Basics","player_choice":"Elegance","floor":25,"damage_taken":0}],"boss_relics":[{"not_picked":["Ectoplasm","Inserter"],"picked":"Empty Cage"}],"items_purged_floors":[3,21],"is_endless":false,"potions_floor_spawned":[7,11,14,27,29,31],"killed_by":"Collector","ascension_level":4}