{"gold_per_floor":[116,132,132,142,165,198,198,218,242,276,290,305,305,316,316,390,390,406,17,35,35,35,66,66,82,109,123,140,54,87,103,103,103],"floor_reached":33,"playtime":1481,"items_purged":["Meteor Strike"],"score":542,"play_id":"7f0dd138-1334-4c14-beda-65c23843b1e9","local_time":"20190226221243","is_ascension_mode":true,"campfire_choices":[{"data":"Zap","floor":7,"key":"SMITH"},{"floor":13,"key":"REST"},{"data":"Reinforced Body","floor":15,"key":"SMITH"},{"data":"Scrape","floor":24,"key":"SMITH"},{"data":"Thunder Strike","floor":32,"key":"SMITH"}],"neow_cost":"NONE","seed_source_timestamp":1200867008292453,"circlet_count":0,"master_deck":["AscendersBane","Zap+1","Dualcast","Core Surge","Stack","Melter","Reinforced Body+1","Self Repair","FTL","All For One","Beam Cell","Ball Lightning","Go for the Eyes","Biased Cognition","Thunder Strike+1","Streamline","Heatsinks","Scrape+1","Seek","Glacier","Steam","Beam Cell","Steam","Doom and Gloom","Gash","Cold Snap","Cold Snap","Coolheaded+1","Double Energy","Steam","Go for the Eyes"],"relics":["Cracked Core","Vajra","Bag of Preparation","Ancient Tea Set","Boot","Pandora\u0027s Box","PreservedInsect","Gremlin Horn","Happy Flower","Juzu Bracelet"],"potions_floor_usage":[8,10,23,27,31,31],"damage_taken":[{"damage":0,"enemies":"Cultist","floor":1,"turns":3},{"damage":7,"enemies":"Jaw Worm","floor":2,"turns":4},{"damage":0,"enemies":"Small Slimes","floor":4,"turns":4},{"damage":13,"enemies":"Gremlin Nob","floor":6,"turns":4},{"damage":6,"enemies":"Exordium Thugs","floor":8,"turns":4},{"damage":23,"enemies":"3 Sentries","floor":10,"turns":7},{"damage":9,"enemies":"Lots of Slimes","floor":11,"turns":4},{"damage":9,"enemies":"Large Slime","floor":12,"turns":3},{"damage":11,"enemies":"Looter","floor":14,"turns":3},{"damage":12,"enemies":"The Guardian","floor":16,"turns":11},{"damage":0,"enemies":"Spheric Guardian","floor":18,"turns":3},{"damage":0,"enemies":"3 Byrds","floor":20,"turns":3},{"damage":2,"enemies":"Book of Stabbing","floor":23,"turns":4},{"damage":3,"enemies":"Snake Plant","floor":25,"turns":4},{"damage":5,"enemies":"Snecko","floor":27,"turns":4},{"damage":4,"enemies":"Cultist and Chosen","floor":28,"turns":4},{"damage":30,"enemies":"Gremlin Leader","floor":30,"turns":5},{"damage":0,"enemies":"Snake Plant","floor":31,"turns":2},{"damage":73,"enemies":"Automaton","floor":33,"turns":6}],"seed_played":"1359737896654834584","potions_obtained":[{"floor":6,"key":"AttackPotion"},{"floor":8,"key":"Swift Potion"},{"floor":11,"key":"SmokeBomb"},{"floor":14,"key":"Energy Potion"},{"floor":16,"key":"Fire Potion"},{"floor":23,"key":"AttackPotion"},{"floor":27,"key":"Regen Potion"},{"floor":31,"key":"SteroidPotion"}],"is_trial":false,"path_per_floor":["M","M","?","M","T","E","R","M","T","E","M","M","R","M","R","B",null,"M","$","M","?","$","E","R","M","T","M","M","$","E","M","R","B"],"character_chosen":"DEFECT","items_purchased":["Beam Cell","PreservedInsect","Steam","Doom and Gloom","Double Energy"],"campfire_rested":1,"item_purchase_floors":[19,19,19,19,29],"current_hp_per_floor":[64,57,57,57,57,44,44,45,45,29,27,25,46,42,42,37,63,63,63,70,70,70,71,71,71,71,71,71,71,48,55,55,0],"gold":103,"neow_bonus":"ONE_RANDOM_RARE_CARD","is_prod":false,"is_daily":false,"chose_seed":false,"campfire_upgraded":4,"win_rate":0,"timestamp":1551237163,"path_taken":["M","?","?","M","?","E","R","M","T","E","M","M","R","M","R","BOSS","M","$","M","?","?","E","R","M","T","M","?","?","E","M","R","BOSS"],"build_version":"2019-01-23","purchased_purges":1,"victory":false,"max_hp_per_floor":[71,71,71,71,71,71,71,71,71,71,71,71,71,71,71,71,71,71,71,71,71,71,71,71,71,71,71,71,71,71,71,71,71],"card_choices":[{"not_picked":["Conserve Battery","Beam Cell"],"picked":"Stack","floor":1},{"not_picked":["Barrage","Recycle","Streamline"],"picked":"SKIP","floor":2},{"not_picked":["Redo","Force Field"],"picked":"Reinforced Body","floor":4},{"not_picked":["Loop","Aggregate"],"picked":"Self Repair","floor":6},{"not_picked":["Leap","Capacitor"],"picked":"FTL","floor":8},{"not_picked":["Force Field","Heatsinks"],"picked":"All For One","floor":10},{"not_picked":["Redo","Conserve Battery"],"picked":"Beam Cell","floor":11},{"not_picked":["Self Repair","Beam Cell"],"picked":"Ball Lightning","floor":12},{"not_picked":["Compile Driver","Lockon"],"picked":"Go for the Eyes","floor":14},{"not_picked":["Hyperbeam","Multi-Cast"],"picked":"Biased Cognition","floor":16},{"not_picked":["Rip and Tear","Darkness"],"picked":"Steam","floor":18},{"not_picked":["Fusion","Darkness+1"],"picked":"Gash","floor":20},{"not_picked":["Go for the Eyes","Aggregate"],"picked":"Cold Snap","floor":23},{"not_picked":["Doom and Gloom","Storm+1","Barrage"],"picked":"SKIP","floor":25},{"not_picked":["Sunder","Static Discharge"],"picked":"Cold Snap","floor":27},{"not_picked":["Rebound","Redo"],"picked":"Coolheaded+1","floor":28},{"not_picked":["Sweeping Beam","FTL"],"picked":"Steam","floor":30},{"not_picked":["Turbo","Barrage"],"picked":"Go for the Eyes","floor":31}],"player_experience":395573,"relics_obtained":[{"floor":5,"key":"Vajra"},{"floor":6,"key":"Bag of Preparation"},{"floor":9,"key":"Ancient Tea Set"},{"floor":10,"key":"Boot"},{"floor":23,"key":"Gremlin Horn"},{"floor":26,"key":"Happy Flower"},{"floor":30,"key":"Juzu Bracelet"}],"event_choices":[{"damage_healed":0,"gold_gain":0,"cards_transformed":["Strike_B"],"player_choice":"Change","damage_taken":0,"max_hp_gain":0,"max_hp_loss":0,"event_name":"Living Wall","floor":3,"gold_loss":0,"cards_obtained":["Melter"]},{"damage_healed":0,"gold_gain":0,"player_choice":"Ignored","damage_taken":0,"max_hp_gain":0,"max_hp_loss":0,"event_name":"Vampires","floor":21,"gold_loss":0}],"is_beta":false,"boss_relics":[{"not_picked":["Velvet Choker","Black Star"],"picked":"Pandora\u0027s Box"}],"items_purged_floors":[19],"is_endless":false,"potions_floor_spawned":[6,8,11,14,16,20,23,25,27,31],"killed_by":"Automaton","ascension_level":16}