{"gold_per_floor":[116,132,132,145,163,194,194,230,230,242,204,216,246,276,288,421,433,464,476,509,521,554,566],"floor_reached":23,"playtime":1265,"items_purged":[],"score":430,"play_id":"e217e73c-93b2-4fb3-92eb-63a0e0b08b3f","local_time":"20190219163721","is_ascension_mode":true,"campfire_choices":[{"floor":7,"key":"REST"},{"data":"Zap","floor":10,"key":"SMITH"},{"data":"Buffer","floor":12,"key":"SMITH"},{"floor":15,"key":"REST"}],"neow_cost":"CURSE","seed_source_timestamp":576156270600298,"circlet_count":0,"master_deck":["AscendersBane","Defend_B","Defend_B","Defend_B","Defend_B","Zap+1","Dualcast","Clumsy","Buffer+1","Gash","White Noise","Glacier","Cold Snap","Steam","Cold Snap","Cold Snap","Leap","Fission","Melter+1","Amplify+1","Creative AI+1","Hologram","Darkness","Force Field","Cold Snap"],"relics":["Cracked Core","Golden Idol","Bag of Marbles","Regal Pillow","MawBank","Astrolabe"],"potions_floor_usage":[6,16,20,23,23],"damage_taken":[{"damage":8,"enemies":"Jaw Worm","floor":1,"turns":6},{"damage":2,"enemies":"Small Slimes","floor":2,"turns":3},{"damage":1,"enemies":"Cultist","floor":4,"turns":4},{"damage":14,"enemies":"Exordium Wildlife","floor":5,"turns":4},{"damage":15,"enemies":"3 Sentries","floor":6,"turns":9},{"damage":15,"enemies":"Lagavulin","floor":8,"turns":9},{"damage":8,"enemies":"Exordium Thugs","floor":13,"turns":6},{"damage":0,"enemies":"Looter","floor":14,"turns":3},{"damage":0,"enemies":"Slime Boss","floor":16,"turns":19},{"damage":0,"enemies":"Chosen","floor":18,"turns":7},{"damage":0,"enemies":"3 Byrds","floor":20,"turns":2},{"damage":0,"enemies":"Sentry and Sphere","floor":22,"turns":5},{"damage":73,"enemies":"Book of Stabbing","floor":23,"turns":10}],"seed_played":"-5461455439500549360","potions_obtained":[{"floor":4,"key":"EssenceOfSteel"},{"floor":5,"key":"Explosive Potion"},{"floor":6,"key":"Fire Potion"},{"floor":16,"key":"Poison Potion"},{"floor":20,"key":"EssenceOfSteel"}],"is_trial":false,"path_per_floor":["M","M","?","M","M","E","R","E","T","R","?","R","M","M","R","B",null,"M","?","M","?","M","E"],"character_chosen":"DEFECT","items_purchased":[],"campfire_rested":2,"item_purchase_floors":[],"current_hp_per_floor":[60,58,58,57,43,28,48,33,33,33,33,33,25,25,60,60,67,67,67,67,67,67,0],"gold":566,"neow_bonus":"THREE_RARE_CARDS","is_prod":false,"is_daily":false,"chose_seed":false,"campfire_upgraded":2,"win_rate":0,"timestamp":1550612241,"path_taken":["M","M","?","M","M","E","R","E","T","R","?","R","M","M","R","BOSS","M","?","M","?","M","E"],"build_version":"2019-01-23","purchased_purges":0,"victory":false,"max_hp_per_floor":[75,75,69,69,69,69,69,69,69,69,69,69,69,69,69,69,69,69,69,69,69,69,69],"card_choices":[{"not_picked":["Core Surge","Fission"],"picked":"Buffer","floor":0},{"not_picked":["Streamline","Redo"],"picked":"Gash","floor":1},{"not_picked":["Force Field","Go for the Eyes"],"picked":"White Noise","floor":2},{"not_picked":["Rebound","Redo"],"picked":"Glacier","floor":4},{"not_picked":["BootSequence","Beam Cell"],"picked":"Cold Snap","floor":5},{"not_picked":["Biased Cognition","Machine Learning"],"picked":"Steam","floor":6},{"not_picked":["Static Discharge","Barrage"],"picked":"Cold Snap","floor":8},{"not_picked":["Chaos","Redo"],"picked":"Cold Snap","floor":13},{"not_picked":["Fusion","Rebound"],"picked":"Leap","floor":14},{"not_picked":["Seek","Meteor Strike"],"picked":"Fission","floor":16},{"not_picked":["Heatsinks","Stack"],"picked":"Hologram","floor":18},{"not_picked":["Coolheaded","Static Discharge+1"],"picked":"Darkness","floor":20},{"not_picked":["Glacier","Leap"],"picked":"Cold Snap","floor":22}],"player_experience":317640,"relics_obtained":[{"floor":6,"key":"Bag of Marbles"},{"floor":8,"key":"Regal Pillow"},{"floor":9,"key":"MawBank"}],"event_choices":[{"damage_healed":0,"gold_gain":0,"player_choice":"Lose Max HP","damage_taken":0,"relics_obtained":["Golden Idol"],"max_hp_gain":0,"max_hp_loss":6,"event_name":"Golden Idol","floor":3,"gold_loss":0},{"cards_removed":["Strike_B"],"damage_healed":0,"gold_gain":0,"player_choice":"Card Removal","damage_taken":0,"max_hp_gain":0,"max_hp_loss":0,"event_name":"The Cleric","floor":11,"gold_loss":50},{"damage_healed":0,"gold_gain":0,"player_choice":"Ignored","damage_taken":0,"max_hp_gain":0,"max_hp_loss":0,"event_name":"Ghosts","floor":19,"gold_loss":0},{"damage_healed":0,"gold_gain":0,"player_choice":"Read","damage_taken":0,"max_hp_gain":0,"max_hp_loss":0,"event_name":"The Library","floor":21,"gold_loss":0,"cards_obtained":["Force Field"]}],"is_beta":false,"boss_relics":[{"not_picked":["Eternal Feather","Fusion Hammer"],"picked":"Astrolabe"}],"items_purged_floors":[],"is_endless":false,"potions_floor_spawned":[4,5,6,16,20],"killed_by":"Book of Stabbing","ascension_level":12}