{"gold_per_floor":[114,127,142,160,173,173,203,37,60,71,82,109,109,124,124,223,223,243,243,258,1,18,18,28,28,28,28,41,76,94,294,294,394,394,410,28,28,39,139,171,171,204,250,261,280,280,305,315,315,315],"floor_reached":50,"playtime":3326,"items_purged":["Defend_G"],"score":693,"play_id":"9ccf1c89-d4db-4b34-aa33-fd3f0dbe4498","local_time":"20190115085915","is_ascension_mode":false,"campfire_choices":[{"data":"Glass Knife","floor":6,"key":"SMITH"},{"data":"Crippling Poison","floor":13,"key":"SMITH"},{"data":"Finisher","floor":15,"key":"SMITH"},{"data":"Neutralize","floor":23,"key":"SMITH"},{"data":"Backstab","floor":25,"key":"SMITH"},{"floor":32,"key":"REST"},{"data":"Dark Shackles","floor":41,"key":"SMITH"},{"floor":49,"key":"REST"}],"neow_cost":"NONE","seed_source_timestamp":483763313453197,"circlet_count":0,"master_deck":["Defend_G","Defend_G","Strike_G","Strike_G","Strike_G","Strike_G+1","Survivor","Neutralize+1","Glass Knife+1","Crippling Poison+1","Dash","Heel Hook+1","Dash","Quick Slash","Underhanded Strike","Dagger Spray","Backstab+1","Backstab","Bane","Finisher+1","Die Die Die","Bane+1","PiercingWail","Flying Knee","Backstab","Corpse Explosion","All Out Attack","Flying Knee","Finesse","Endless Agony","Dark Shackles+1","Slice","Slice","Outmaneuver+1","Malaise","Poisoned Stab","Sucker Punch","Infinite Blades"],"relics":["Ring of the Snake","Pocketwatch","Bag of Marbles","Pen Nib","Whetstone","Empty Cage","Ornamental Fan","Shuriken","Orichalcum","Runic Pyramid","Bag of Preparation","Bird Faced Urn","Bronze Scales","Centennial Puzzle","Omamori","Blood Vial"],"potions_floor_usage":[47,47,50,50],"damage_taken":[{"damage":0,"enemies":"Cultist","floor":1,"turns":3},{"damage":1,"enemies":"2 Louse","floor":2,"turns":3},{"damage":0,"enemies":"Small Slimes","floor":3,"turns":2},{"damage":0,"enemies":"Red Slaver","floor":4,"turns":3},{"damage":2,"enemies":"Looter","floor":5,"turns":3},{"damage":7,"enemies":"Lagavulin","floor":7,"turns":6},{"damage":2,"enemies":"Exordium Wildlife","floor":10,"turns":2},{"damage":0,"enemies":"Lots of Slimes","floor":11,"turns":1},{"damage":0,"enemies":"Gremlin Nob","floor":12,"turns":2},{"damage":0,"enemies":"Looter","floor":14,"turns":1},{"damage":39,"enemies":"Slime Boss","floor":16,"turns":7},{"damage":6,"enemies":"Chosen","floor":18,"turns":2},{"damage":0,"enemies":"3 Byrds","floor":20,"turns":3},{"damage":0,"enemies":"Snecko","floor":22,"turns":2},{"damage":0,"enemies":"3 Cultists","floor":24,"turns":4},{"damage":10,"enemies":"Sentry and Sphere","floor":28,"turns":4},{"damage":0,"enemies":"Slavers","floor":29,"turns":2},{"damage":11,"enemies":"Snake Plant","floor":30,"turns":2},{"damage":45,"enemies":"Champ","floor":33,"turns":8},{"damage":0,"enemies":"3 Shapes","floor":35,"turns":2},{"damage":0,"enemies":"3 Darklings","floor":38,"turns":2},{"damage":0,"enemies":"Mind Bloom Boss Battle","floor":39,"turns":5},{"damage":17,"enemies":"Nemesis","floor":40,"turns":7},{"damage":0,"enemies":"Reptomancer","floor":42,"turns":4},{"damage":6,"enemies":"4 Shapes","floor":44,"turns":1},{"damage":15,"enemies":"Maw","floor":45,"turns":5},{"damage":24,"enemies":"Giant Head","floor":47,"turns":9},{"damage":0,"enemies":"Jaw Worm Horde","floor":48,"turns":1},{"damage":39,"enemies":"Donu and Deca","floor":50,"turns":4}],"seed_played":"-3408932124958523342","potions_obtained":[{"floor":2,"key":"SpeedPotion"},{"floor":4,"key":"PowerPotion"},{"floor":5,"key":"Energy Potion"},{"floor":10,"key":"GhostInAJar"},{"floor":22,"key":"GhostInAJar"},{"floor":33,"key":"SteroidPotion"},{"floor":48,"key":"Dexterity Potion"}],"is_trial":false,"path_per_floor":["M","M","M","M","M","R","E","$","T","M","M","E","R","M","R","B",null,"M","?","M","$","M","R","M","R","T","?","M","E","M","?","R","B",null,"M","$","?","M","?","E","R","E","T","M","M","?","E","M","R","B"],"character_chosen":"THE_SILENT","items_purchased":["Dagger Spray","Bag of Marbles","Ornamental Fan","Finesse","Endless Agony","Bag of Preparation"],"campfire_rested":2,"item_purchase_floors":[8,8,21,36,36,36],"current_hp_per_floor":[70,69,69,69,67,67,60,60,60,58,58,58,58,58,58,19,70,64,64,64,64,64,64,64,64,64,64,54,54,43,43,64,19,70,70,70,70,70,70,53,53,53,53,47,32,32,8,10,31,0],"gold":315,"neow_bonus":"ONE_RANDOM_RARE_CARD","is_prod":false,"is_daily":false,"chose_seed":false,"campfire_upgraded":6,"win_rate":0.0,"timestamp":1547560755,"path_taken":["M","M","M","M","M","R","E","$","T","M","M","E","R","M","R","BOSS","M","?","M","$","?","R","M","R","T","?","M","E","M","?","R","BOSS","M","$","?","M","?","E","R","E","T","M","M","?","E","M","R","BOSS"],"build_version":"2019-01-10","purchased_purges":1,"victory":false,"max_hp_per_floor":[70,70,70,70,70,70,70,70,70,70,70,70,70,70,70,70,70,70,70,70,70,70,70,70,70,70,70,70,70,70,70,70,70,70,70,70,70,70,70,70,70,70,70,70,70,70,70,70,70,70],"card_choices":[{"not_picked":["Blade Dance","Flying Knee"],"picked":"Crippling Poison","floor":1},{"not_picked":["Leg Sweep","Well Laid Plans"],"picked":"Dash","floor":2},{"not_picked":["Flying Knee","Tactician"],"picked":"Heel Hook","floor":3},{"not_picked":["Outmaneuver","Prepared"],"picked":"Dash","floor":4},{"not_picked":["Outmaneuver","PiercingWail"],"picked":"Quick Slash","floor":5},{"not_picked":["Prepared","A Thousand Cuts"],"picked":"Underhanded Strike","floor":7},{"not_picked":["Quick Slash","Prepared"],"picked":"Backstab","floor":10},{"not_picked":["Dagger Spray","Dodge and Roll"],"picked":"Backstab","floor":11},{"not_picked":["Bouncing Flask","Noxious Fumes"],"picked":"Bane","floor":12},{"not_picked":["Dodge and Roll","Backstab"],"picked":"Finisher","floor":14},{"not_picked":["Unload","Venomology"],"picked":"Die Die Die","floor":16},{"not_picked":["Deflect","Expertise"],"picked":"Bane+1","floor":18},{"not_picked":["Underhanded Strike+1","Bane","Acrobatics"],"picked":"SKIP","floor":20},{"not_picked":["Dodge and Roll","Endless Agony"],"picked":"PiercingWail","floor":22},{"not_picked":["Well Laid Plans","Choke"],"picked":"Flying Knee","floor":24},{"not_picked":["Reflex","Dagger Spray"],"picked":"Backstab","floor":28},{"not_picked":["Deadly Poison+1","Backflip"],"picked":"Corpse Explosion","floor":29},{"not_picked":["Flying Knee","Acrobatics+1"],"picked":"All Out Attack","floor":30},{"not_picked":["Caltrops+1","Dodge and Roll"],"picked":"Flying Knee","floor":35},{"not_picked":["Blind","Dramatic Entrance"],"picked":"Dark Shackles","floor":37},{"not_picked":["Noxious Fumes","Dagger Spray+1"],"picked":"Slice","floor":38},{"not_picked":["Flying Knee+1","Burst"],"picked":"Slice","floor":39},{"not_picked":["Quick Slash","Caltrops"],"picked":"Outmaneuver+1","floor":40},{"not_picked":["Sucker Punch","Quick Slash+1"],"picked":"Malaise","floor":42},{"not_picked":["Backflip+1","Footwork"],"picked":"Poisoned Stab","floor":44},{"not_picked":["Deadly Poison","Dagger Throw"],"picked":"Sucker Punch","floor":45},{"not_picked":["Footwork+1","Dodge and Roll"],"picked":"Infinite Blades","floor":47},{"not_picked":["Sucker Punch+1","Predator+1","Backflip+1"],"picked":"SKIP","floor":48}],"player_experience":41331,"relics_obtained":[{"floor":7,"key":"Pocketwatch"},{"floor":9,"key":"Pen Nib"},{"floor":12,"key":"Whetstone"},{"floor":26,"key":"Shuriken"},{"floor":29,"key":"Orichalcum"},{"floor":39,"key":"Bird Faced Urn"},{"floor":40,"key":"Bronze Scales"},{"floor":42,"key":"Centennial Puzzle"},{"floor":43,"key":"Omamori"},{"floor":47,"key":"Blood Vial"}],"event_choices":[{"cards_removed":["Strike_G"],"damage_healed":0,"gold_gain":0,"player_choice":"Purged","damage_taken":0,"max_hp_gain":0,"max_hp_loss":0,"event_name":"Purifier","floor":19,"gold_loss":0},{"damage_healed":0,"gold_gain":0,"player_choice":"Ignored","damage_taken":0,"max_hp_gain":0,"max_hp_loss":0,"event_name":"Beggar","floor":27,"gold_loss":0},{"damage_healed":0,"gold_gain":200,"player_choice":"Gold","damage_taken":0,"max_hp_gain":0,"max_hp_loss":0,"event_name":"Wheel of Change","floor":31,"gold_loss":0},{"damage_healed":0,"gold_gain":0,"player_choice":"Memory 1","damage_taken":0,"max_hp_gain":0,"max_hp_loss":0,"event_name":"SensoryStone","floor":37,"gold_loss":0},{"damage_healed":0,"gold_gain":0,"player_choice":"Fight","damage_taken":0,"max_hp_gain":0,"max_hp_loss":0,"event_name":"MindBloom","floor":39,"gold_loss":0},{"damage_healed":0,"gold_gain":0,"player_choice":"Ignored","damage_taken":0,"max_hp_gain":0,"max_hp_loss":0,"event_name":"Tomb of Lord Red Mask","floor":46,"gold_loss":0}],"is_beta":false,"boss_relics":[{"not_picked":["Tiny House","Black Star"],"picked":"Empty Cage"},{"not_picked":["Orrery","Velvet Choker"],"picked":"Runic Pyramid"}],"items_purged_floors":[36],"is_endless":false,"potions_floor_spawned":[2,4,5,10,14,16,20,22,29,33,38,40,42,48],"killed_by":"Donu and Deca","ascension_level":0}