{"gold_per_floor":[118,16,16,16,16,43,43,75,102,134,151,151,178,50,50,127,127,139,139,152,11,11,11,23,58,112,123,123,141,141,191,191,268,268,282,297,311,325,340,365,365,365,365,365,27,62,80,94,94,94,94],"floor_reached":52,"playtime":3840,"items_purged":["Strike_G","Strike_G"],"score":2066,"play_id":"af61be95-492a-4de8-86d3-15f259f7e6ab","local_time":"20181028160402","is_ascension_mode":true,"campfire_choices":[{"data":"Neutralize","floor":7,"key":"SMITH"},{"data":"1","floor":12,"key":"LIFT"},{"data":"2","floor":15,"key":"LIFT"},{"data":"3","floor":23,"key":"LIFT"},{"data":"After Image","floor":28,"key":"SMITH"},{"floor":32,"key":"REST"},{"floor":42,"key":"REST"},{"floor":44,"key":"REST"},{"floor":49,"key":"REST"}],"neow_cost":"NONE","seed_source_timestamp":1623125851238162,"circlet_count":0,"master_deck":["Defend_G","Defend_G","Defend_G","Strike_G","Survivor","Neutralize+1","AscendersBane","Quick Slash","Well Laid Plans","Backflip","Deadly Poison","Caltrops","Quick Slash","Cloak And Dagger","Burst","Glass Knife","Quick Slash+1","Skewer+1","Blur+1","Escape Plan+1","Infinite Blades","Backflip","Footwork","PiercingWail","After Image+1","Blur+1","Adrenaline","Terror","Escape Plan","Dagger Spray+1","Leg Sweep","After Image","Panacea","Heel Hook+1"],"relics":["Ring of the Snake","NeowsBlessing","Prayer Wheel","Happy Flower","Orichalcum","Girya","StoneCalendar","Astrolabe","MutagenicStrength","Dead Branch","Bag of Preparation","Fusion Hammer","Mercury Hourglass","Meat on the Bone","Mummified Hand","Thread and Needle"],"potions_floor_usage":[10,10,16,24,29,38,39,40,51,51],"damage_taken":[{"damage":0,"enemies":"Jaw Worm","floor":1,"turns":1},{"damage":0,"enemies":"Gremlin Nob","floor":6,"turns":1},{"damage":0,"enemies":"3 Sentries","floor":8,"turns":1},{"damage":16,"enemies":"Gremlin Nob","floor":10,"turns":5},{"damage":4,"enemies":"Small Slimes","floor":11,"turns":3},{"damage":12,"enemies":"Lagavulin","floor":13,"turns":6},{"damage":20,"enemies":"The Guardian","floor":16,"turns":9},{"damage":0,"enemies":"Spheric Guardian","floor":18,"turns":2},{"damage":0,"enemies":"3 Byrds","floor":20,"turns":4},{"damage":0,"enemies":"Snake Plant","floor":24,"turns":1},{"damage":33,"enemies":"Book of Stabbing","floor":25,"turns":5},{"damage":0,"enemies":"Centurion and Healer","floor":27,"turns":4},{"damage":17,"enemies":"Shelled Parasite and Fungi","floor":29,"turns":7},{"damage":23,"enemies":"Collector","floor":33,"turns":12},{"damage":4,"enemies":"3 Darklings","floor":35,"turns":4},{"damage":0,"enemies":"Orb Walker","floor":36,"turns":3},{"damage":0,"enemies":"Maw","floor":37,"turns":6},{"damage":0,"enemies":"4 Shapes","floor":38,"turns":7},{"damage":0,"enemies":"Transient","floor":39,"turns":6},{"damage":9,"enemies":"Giant Head","floor":40,"turns":8},{"damage":0,"enemies":"Nemesis","floor":46,"turns":5},{"damage":0,"enemies":"3 Darklings","floor":47,"turns":3},{"damage":0,"enemies":"4 Shapes","floor":48,"turns":3},{"damage":16,"enemies":"Awakened One","floor":50,"turns":14},{"damage":0,"enemies":"Donu and Deca","floor":51,"turns":10}],"seed_played":"-3881360812525115446","potions_obtained":[{"floor":4,"key":"Swift Potion"},{"floor":4,"key":"Block Potion"},{"floor":10,"key":"GamblersBrew"},{"floor":18,"key":"FearPotion"},{"floor":35,"key":"SteroidPotion"},{"floor":37,"key":"Regen Potion"},{"floor":38,"key":"GamblersBrew"},{"floor":39,"key":"Energy Potion"},{"floor":46,"key":"Dexterity Potion"}],"is_trial":false,"path_per_floor":["M","$","?","?","?","E","R","E","T","E","M","R","E","$","R","B",null,"M","?","M","$","?","R","M","E","T","M","R","M","?","?","R","B",null,"M","M","M","M","M","E","?","R","T","R","$","E","M","M","R","B","B"],"character_chosen":"THE_SILENT","items_purchased":["Well Laid Plans","Backflip","PowerPotion","Footwork","Mummified Hand","Strength Potion"],"campfire_rested":4,"item_purchase_floors":[2,2,14,21,45,45],"current_hp_per_floor":[59,59,64,64,64,64,64,64,64,48,44,44,32,32,32,12,56,56,56,56,56,56,56,56,23,23,23,23,6,20,20,41,18,58,54,54,54,68,68,59,59,71,71,71,71,71,71,71,71,55,55],"gold":94,"neow_bonus":"THREE_ENEMY_KILL","is_prod":false,"is_daily":false,"chose_seed":false,"campfire_upgraded":2,"win_rate":0,"timestamp":1540757042,"path_taken":["M","$","?","?","?","E","R","E","T","E","M","R","E","$","R","BOSS","M","?","M","$","?","R","M","E","T","M","R","M","?","?","R","BOSS","M","M","M","M","M","E","?","R","T","R","$","E","M","M","R","BOSS","BOSS"],"build_version":"2018-10-25v2","purchased_purges":2,"victory":true,"max_hp_per_floor":[66,66,71,71,71,71,71,71,71,71,71,71,71,71,71,71,71,71,71,71,71,71,71,71,71,71,71,71,71,71,71,71,71,71,71,71,71,71,71,71,71,71,71,71,71,71,71,71,71,71,71],"card_choices":[{"not_picked":["Outmaneuver","Endless Agony"],"picked":"Quick Slash","floor":1},{"not_picked":["Outmaneuver","Eviscerate","Acrobatics"],"picked":"SKIP","floor":6},{"not_picked":["After Image","Backflip"],"picked":"Deadly Poison","floor":8},{"not_picked":["Dagger Throw","Sucker Punch"],"picked":"Caltrops","floor":10},{"not_picked":["Outmaneuver","Backflip"],"picked":"Quick Slash","floor":11},{"not_picked":["Leg Sweep","Accuracy"],"picked":"Cloak And Dagger","floor":11},{"not_picked":["Bane","Flying Knee"],"picked":"Burst","floor":13},{"not_picked":["Grand Finale","Storm of Steel"],"picked":"Glass Knife","floor":16},{"not_picked":["Outmaneuver","Eviscerate"],"picked":"Escape Plan+1","floor":18},{"not_picked":["Slice","Poisoned Stab","Dodge and Roll"],"picked":"SKIP","floor":18},{"not_picked":["Outmaneuver","Slice"],"picked":"Infinite Blades","floor":20},{"not_picked":["Setup","Finisher"],"picked":"Backflip","floor":20},{"not_picked":["Deadly Poison","Calculated Gamble"],"picked":"PiercingWail","floor":24},{"not_picked":["Outmaneuver+1","Sucker Punch","Flying Knee"],"picked":"SKIP","floor":24},{"not_picked":["Deflect","Noxious Fumes","Blur"],"picked":"SKIP","floor":25},{"not_picked":["Backflip","Dodge and Roll"],"picked":"After Image","floor":27},{"not_picked":["Catalyst","All Out Attack","Slice"],"picked":"SKIP","floor":27},{"not_picked":["Dagger Throw+1","Well Laid Plans"],"picked":"Blur+1","floor":29},{"not_picked":["Backflip","Reflex","Dash"],"picked":"SKIP","floor":29},{"not_picked":["Envenom","After Image"],"picked":"Adrenaline","floor":33},{"not_picked":["Distraction","Underhanded Strike"],"picked":"Terror","floor":35},{"not_picked":["Escape Plan","Endless Agony","Reflex+1"],"picked":"SKIP","floor":35},{"not_picked":["Endless Agony","Reflex+1"],"picked":"Escape Plan","floor":35},{"not_picked":["Quick Slash","Expertise","Prepared"],"picked":"SKIP","floor":36},{"not_picked":["Skewer","Predator+1","Quick Slash"],"picked":"SKIP","floor":36},{"not_picked":["Outmaneuver+1","Dodge and Roll"],"picked":"Dagger Spray+1","floor":37},{"not_picked":["Skewer+1","Leg Sweep","Terror"],"picked":"SKIP","floor":37},{"not_picked":["Deadly Poison","Acrobatics"],"picked":"Leg Sweep","floor":38},{"not_picked":["Escape Plan","Underhanded Strike","Eviscerate"],"picked":"SKIP","floor":38},{"not_picked":["Catalyst","Quick Slash","Dodge and Roll"],"picked":"SKIP","floor":39},{"not_picked":["Underhanded Strike","Blur","Prepared"],"picked":"SKIP","floor":39},{"not_picked":["Endless Agony+1","Underhanded Strike"],"picked":"After Image","floor":40},{"not_picked":["Impatience","Bandage Up"],"picked":"Panacea","floor":41},{"not_picked":["A Thousand Cuts","Underhanded Strike+1","Dagger Spray"],"picked":"SKIP","floor":46},{"not_picked":["Sucker Punch","Caltrops","Quick Slash"],"picked":"SKIP","floor":47},{"not_picked":["Poisoned Stab+1","Acrobatics","Setup"],"picked":"SKIP","floor":47},{"not_picked":["Flying Knee","Backflip+1"],"picked":"Heel Hook+1","floor":48},{"not_picked":["Noxious Fumes","Heel Hook","Wraith Form v2"],"picked":"SKIP","floor":48}],"player_experience":862368,"relics_obtained":[{"floor":6,"key":"Prayer Wheel"},{"floor":8,"key":"Happy Flower"},{"floor":9,"key":"Orichalcum"},{"floor":10,"key":"Girya"},{"floor":13,"key":"StoneCalendar"},{"floor":25,"key":"Dead Branch"},{"floor":26,"key":"Bag of Preparation"},{"floor":40,"key":"Mercury Hourglass"},{"floor":43,"key":"Meat on the Bone"},{"floor":46,"key":"Thread and Needle"}],"event_choices":[{"damage_healed":0,"gold_gain":0,"player_choice":"Donut","damage_taken":0,"max_hp_gain":5,"max_hp_loss":0,"event_name":"Big Fish","floor":3,"gold_loss":0},{"damage_healed":0,"gold_gain":0,"player_choice":"Got Potions","damage_taken":0,"max_hp_gain":0,"max_hp_loss":0,"event_name":"The Lab","floor":4,"gold_loss":0},{"cards_removed":["Defend_G"],"damage_healed":0,"gold_gain":0,"player_choice":"Offered Basic","damage_taken":0,"max_hp_gain":0,"max_hp_loss":0,"event_name":"Bonfire Elementals","floor":5,"gold_loss":0},{"damage_healed":0,"gold_gain":0,"player_choice":"Ignored","damage_taken":0,"max_hp_gain":0,"max_hp_loss":0,"event_name":"Ghosts","floor":19,"gold_loss":0},{"damage_healed":0,"gold_gain":0,"player_choice":"Inject Mutagens","damage_taken":0,"relics_obtained":["MutagenicStrength"],"max_hp_gain":0,"max_hp_loss":0,"event_name":"Drug Dealer","floor":22,"gold_loss":0},{"damage_healed":14,"gold_gain":0,"player_choice":"Heal","damage_taken":0,"max_hp_gain":0,"max_hp_loss":0,"event_name":"The Library","floor":30,"gold_loss":0},{"damage_healed":0,"gold_gain":100,"player_choice":"Bet on Murderer","damage_taken":0,"max_hp_gain":0,"max_hp_loss":0,"event_name":"The Joust","floor":31,"gold_loss":50},{"damage_healed":0,"gold_gain":0,"player_choice":"Memory 1","damage_taken":0,"max_hp_gain":0,"max_hp_loss":0,"event_name":"SensoryStone","floor":41,"gold_loss":0}],"is_beta":false,"boss_relics":[{"not_picked":["Ring of the Serpent","Velvet Choker"],"picked":"Astrolabe"},{"not_picked":["Runic Pyramid","Tiny House"],"picked":"Fusion Hammer"}],"items_purged_floors":[14,21],"is_endless":false,"potions_floor_spawned":[8,10,18,20,35,37,38,39,46,47],"ascension_level":20}