{"gold_per_floor":[114,13,13,13,113,141,141,169,169,169,119,119,137,150,150,249,249,261,161,161,161,181,181,207,221,221,231,66,78,108,23,23,127,127,140,157,169,133,150,150,0,11,36,61,61,0,0,11,11,11],"floor_reached":51,"playtime":9145,"items_purged":["Strike_G","Strike_G","Defend_G","Strike_G"],"score":703,"play_id":"20ec0d4d-5c70-4f14-a261-2d4aa753dd24","local_time":"20180706010833","is_ascension_mode":false,"campfire_choices":[{"data":"Neutralize","floor":7,"key":"SMITH"},{"data":"Envenom","floor":10,"key":"SMITH"},{"data":"Noxious Fumes","floor":12,"key":"SMITH"},{"data":"Expertise","floor":15,"key":"SMITH"},{"data":"Footwork","floor":23,"key":"SMITH"},{"floor":32,"key":"REST"},{"floor":40,"key":"REST"},{"floor":45,"key":"REST"},{"floor":49,"key":"REST"}],"neow_cost":"NONE","seed_source_timestamp":71369932274180,"circlet_count":0,"master_deck":["Defend_G+1","Defend_G","Strike_G+1","Strike_G","Survivor+1","Neutralize+1","Noxious Fumes+1","Acrobatics","Envenom+1","Expertise+1","Concentrate","Bullet Time+1","Footwork+1","Deflect","Infinite Blades","Predator","Caltrops","Flying Knee+1","Reflex+1","Expertise","Expertise+1"],"relics":["Ring of the Snake","NeowsBlessing","Bag of Marbles","Dream Catcher","War Paint","Happy Flower","Busted Crown","Vajra","Matryoshka","Tiny Chest","Bottled Lightning","Art of War","Orrery","Shuriken","Whetstone","Toxic Egg 2","Red Mask"],"potions_floor_usage":[16,16,22,24,27,36,42],"damage_taken":[{"damage":0,"enemies":"Jaw Worm","floor":1,"turns":1},{"damage":0,"enemies":"3 Sentries","floor":6,"turns":2},{"damage":0,"enemies":"Lagavulin","floor":8,"turns":1},{"damage":0,"enemies":"2 Louse","floor":13,"turns":3},{"damage":0,"enemies":"Small Slimes","floor":14,"turns":3},{"damage":5,"enemies":"Hexaghost","floor":16,"turns":7},{"damage":0,"enemies":"Shell Parasite","floor":18,"turns":5},{"damage":8,"enemies":"Chosen","floor":22,"turns":6},{"damage":24,"enemies":"Book of Stabbing","floor":24,"turns":8},{"damage":0,"enemies":"Snecko","floor":25,"turns":5},{"damage":4,"enemies":"Slaver and Parasite","floor":27,"turns":6},{"damage":0,"enemies":"3 Cultists","floor":29,"turns":5},{"damage":5,"enemies":"Collector","floor":33,"turns":9},{"damage":6,"enemies":"Orb Walker","floor":35,"turns":4},{"damage":4,"enemies":"3 Shapes","floor":36,"turns":4},{"damage":3,"enemies":"Sphere and 2 Shapes","floor":37,"turns":4},{"damage":25,"enemies":"3 Darklings","floor":39,"turns":6},{"damage":7,"enemies":"Maw","floor":42,"turns":7},{"damage":13,"enemies":"Nemesis","floor":44,"turns":7},{"damage":10,"enemies":"4 Shapes","floor":48,"turns":5},{"damage":47,"enemies":"Awakened One","floor":50,"turns":10}],"seed_played":"5730294034633134834","potions_obtained":[{"floor":1,"key":"LiquidBronze"},{"floor":13,"key":"GhostInAJar"},{"floor":14,"key":"Poison Potion"},{"floor":18,"key":"PowerPotion"},{"floor":25,"key":"SkillPotion"},{"floor":33,"key":"SpeedPotion"},{"floor":37,"key":"Poison Potion"},{"floor":39,"key":"Dexterity Potion"}],"is_trial":false,"path_per_floor":["M","$","?","?","?","E","R","E","T","R","?","R","M","M","R","B",null,"M","$","?","?","M","R","E","M","T","M","$","M","T","?","R","B",null,"M","M","M","$","M","R","$","M","T","E","R","?","$","M","R","B"],"character_chosen":"THE_SILENT","items_purchased":["Acrobatics","Infinite Blades","Expertise"],"campfire_rested":4,"item_purchase_floors":[2,28,38],"current_hp_per_floor":[70,70,63,56,56,56,56,56,56,56,56,56,56,56,56,51,70,70,70,70,70,62,62,38,38,38,34,34,34,34,34,55,50,70,64,60,57,57,32,53,53,46,46,33,54,54,54,44,65,18],"gold":11,"neow_bonus":"THREE_ENEMY_KILL","is_prod":false,"is_daily":false,"chose_seed":false,"campfire_upgraded":5,"win_rate":0,"timestamp":1530835713,"path_taken":["M","$","?","?","?","E","R","E","T","R","?","R","M","M","R","BOSS","M","$","?","?","M","R","E","M","T","M","$","M","?","?","R","BOSS","M","M","?","$","M","R","$","M","T","E","R","?","$","?","R","BOSS"],"build_version":"2018-06-28","purchased_purges":4,"victory":true,"max_hp_per_floor":[70,70,70,70,70,70,70,70,70,70,70,70,70,70,70,70,70,70,70,70,70,70,70,70,70,70,70,70,70,70,70,70,70,70,70,70,70,70,70,70,70,70,70,70,70,70,70,70,70,70],"card_choices":[{"not_picked":["PiercingWail","Outmaneuver"],"picked":"Noxious Fumes","floor":1},{"not_picked":["Cloak And Dagger","Dash","Dodge and Roll"],"picked":"SKIP","floor":6},{"not_picked":["Predator","Dodge and Roll"],"picked":"Envenom","floor":8},{"not_picked":["Dagger Spray","Sucker Punch"],"picked":"Expertise","floor":13},{"not_picked":["Distraction","PiercingWail"],"picked":"Concentrate","floor":14},{"not_picked":["Night Terror","Envenom"],"picked":"Bullet Time","floor":16},{"not_picked":["Underhanded Strike"],"picked":"SKIP","floor":18},{"not_picked":[],"picked":"Footwork","floor":22},{"not_picked":["Dagger Throw"],"picked":"SKIP","floor":24},{"not_picked":["Prepared"],"picked":"SKIP","floor":25},{"not_picked":[],"picked":"Deflect","floor":27},{"not_picked":["Dodge and Roll+1"],"picked":"SKIP","floor":29},{"not_picked":[],"picked":"Predator","floor":34},{"not_picked":[],"picked":"Caltrops","floor":34},{"not_picked":[],"picked":"Flying Knee","floor":34},{"not_picked":["Endless Agony+1"],"picked":"SKIP","floor":35},{"not_picked":[],"picked":"Reflex+1","floor":36},{"not_picked":["Sucker Punch"],"picked":"SKIP","floor":37},{"not_picked":["Flying Knee+1"],"picked":"SKIP","floor":39},{"not_picked":["Slice+1"],"picked":"SKIP","floor":42},{"not_picked":["Cloak And Dagger+1"],"picked":"SKIP","floor":44},{"not_picked":[],"picked":"Expertise+1","floor":45},{"not_picked":["Dodge and Roll+1"],"picked":"SKIP","floor":48}],"player_experience":279417,"relics_obtained":[{"floor":6,"key":"Dream Catcher"},{"floor":8,"key":"War Paint"},{"floor":9,"key":"Happy Flower"},{"floor":24,"key":"Vajra"},{"floor":26,"key":"Matryoshka"},{"floor":30,"key":"Tiny Chest"},{"floor":30,"key":"Bottled Lightning"},{"floor":43,"key":"Shuriken"},{"floor":43,"key":"Whetstone"},{"floor":44,"key":"Toxic Egg 2"}],"event_choices":[{"event_name":"Golden Wing","player_choice":"Card Removal","floor":3,"damage_taken":0},{"event_name":"Scrap Ooze","player_choice":"success","floor":4,"damage_taken":7},{"event_name":"Golden Shrine","player_choice":"Pray","floor":5,"damage_taken":0},{"event_name":"The Cleric","player_choice":"Card Removal","floor":11,"damage_taken":0},{"event_name":"Upgrade Shrine","player_choice":"Upgraded","floor":20,"damage_taken":0},{"event_name":"Wheel of Change","player_choice":"Full Heal","floor":21,"damage_taken":0},{"event_name":"Addict","player_choice":"Obtained Relic","floor":31,"damage_taken":0},{"event_name":"Tomb of Lord Red Mask","player_choice":"Paid","floor":46,"damage_taken":0}],"boss_relics":[{"not_picked":["White Beast Statue","Runic Dome"],"picked":"Busted Crown"},{"not_picked":["Eternal Feather","Velvet Choker"],"picked":"Orrery"}],"items_purged_floors":[2,19,28,41],"is_endless":false,"potions_floor_spawned":[1,13,14,18,25,33,37,39],"ascension_level":0}