{"gold_per_floor":[211,221,238,0,15,50,50,50,130,149,58,85,103,136,136,213,213,229,247,261,186,186,186,197,232,232,248,248,266,119,144,144,221,221,240,240,255,275,293,293],"floor_reached":40,"playtime":2327,"items_purged":["Normality"],"score":835,"play_id":"4797d057-8b0a-4ee3-8503-bfb4ad0eff5e","local_time":"20190318184533","is_ascension_mode":true,"campfire_choices":[{"floor":7,"key":"REST"},{"floor":15,"key":"REST"},{"data":"Neutralize","floor":23,"key":"SMITH"},{"floor":28,"key":"REST"},{"floor":32,"key":"REST"}],"neow_cost":"NONE","seed_source_timestamp":3171929569008,"circlet_count":0,"master_deck":["AscendersBane","Defend_G","Defend_G","Defend_G","Defend_G","Defend_G","Strike_G","Strike_G","Strike_G","Strike_G","Survivor","Neutralize+1","Riddle With Holes","Backflip","PiercingWail","Leg Sweep","Dagger Spray+1","Backstab+1","Caltrops","Bullet Time","Noxious Fumes","After Image","Acrobatics","Prepared+1","After Image","Predator+1","Backflip","Footwork","Dodge and Roll","PiercingWail+1","Cloak And Dagger+1","Parasite","Skewer+1"],"relics":["Ring of the Snake","Vajra","Torii","Singing Bowl","Regal Pillow","Bottled Tornado","Cursed Key","Letter Opener","Whetstone","Eternal Feather"],"potions_floor_usage":[6,6,12,14,16,19,24,25,25,31,40],"damage_taken":[{"damage":0,"enemies":"Small Slimes","floor":1,"turns":4},{"damage":8,"enemies":"2 Louse","floor":2,"turns":3},{"damage":3,"enemies":"Jaw Worm","floor":3,"turns":5},{"damage":13,"enemies":"Lots of Slimes","floor":5,"turns":8},{"damage":19,"enemies":"Lagavulin","floor":6,"turns":8},{"damage":0,"enemies":"3 Louse","floor":10,"turns":3},{"damage":11,"enemies":"Gremlin Nob","floor":12,"turns":4},{"damage":2,"enemies":"Exordium Thugs","floor":13,"turns":5},{"damage":2,"enemies":"3 Sentries","floor":14,"turns":4},{"damage":56,"enemies":"Slime Boss","floor":16,"turns":8},{"damage":14,"enemies":"Shell Parasite","floor":18,"turns":6},{"damage":21,"enemies":"2 Thieves","floor":19,"turns":5},{"damage":7,"enemies":"3 Cultists","floor":20,"turns":5},{"damage":0,"enemies":"Chosen and Byrds","floor":24,"turns":6},{"damage":0,"enemies":"Slavers","floor":25,"turns":4},{"damage":1,"enemies":"Snecko","floor":27,"turns":5},{"damage":6,"enemies":"3 Cultists","floor":29,"turns":6},{"damage":19,"enemies":"Book of Stabbing","floor":31,"turns":5},{"damage":21,"enemies":"Collector","floor":33,"turns":13},{"damage":7,"enemies":"Orb Walker","floor":35,"turns":5},{"damage":2,"enemies":"3 Darklings","floor":37,"turns":5},{"damage":39,"enemies":"Writhing Mass","floor":38,"turns":9},{"damage":11,"enemies":"4 Shapes","floor":39,"turns":7},{"damage":15,"enemies":"Reptomancer","floor":40,"turns":7}],"seed_played":"-562039640198500960","potions_obtained":[{"floor":3,"key":"Block Potion"},{"floor":10,"key":"Explosive Potion"},{"floor":12,"key":"PowerPotion"},{"floor":14,"key":"PowerPotion"},{"floor":16,"key":"PowerPotion"},{"floor":19,"key":"Strength Potion"},{"floor":24,"key":"Swift Potion"},{"floor":25,"key":"SmokeBomb"},{"floor":27,"key":"Strength Potion"},{"floor":33,"key":"Fire Potion"},{"floor":35,"key":"Fire Potion"}],"is_trial":false,"path_per_floor":["M","M","M","$","M","E","R","?","T","M","$","E","M","E","R","B",null,"M","M","M","?","?","R","M","E","T","M","R","M","$","E","R","B",null,"M","$","M","M","M","E"],"character_chosen":"THE_SILENT","items_purchased":["Vajra","Leg Sweep","Strength Potion","Caltrops","SkillPotion","Footwork"],"campfire_rested":4,"item_purchase_floors":[4,4,4,11,11,30],"current_hp_per_floor":[59,51,48,48,35,16,35,35,35,35,35,26,24,22,57,1,51,37,16,11,11,11,11,13,13,13,14,51,45,45,26,63,44,68,61,61,59,22,11,0],"gold":293,"neow_bonus":"HUNDRED_GOLD","is_prod":false,"is_daily":false,"chose_seed":false,"campfire_upgraded":1,"win_rate":0,"timestamp":1552949133,"path_taken":["M","M","M","$","M","E","R","?","T","M","$","E","M","E","R","BOSS","M","M","M","?","?","R","M","E","T","M","R","M","$","E","R","BOSS","M","$","M","M","?","E"],"build_version":"2019-01-23","purchased_purges":1,"victory":false,"max_hp_per_floor":[66,66,66,66,66,66,66,66,66,66,66,68,68,68,68,68,68,68,68,70,70,70,70,72,72,72,74,74,74,74,74,74,76,76,76,76,76,78,78,78],"card_choices":[{"not_picked":["Slice","Quick Slash"],"picked":"Riddle With Holes","floor":1},{"not_picked":["Distraction","Cloak And Dagger"],"picked":"Backflip","floor":2},{"not_picked":["Deflect","Acrobatics"],"picked":"PiercingWail","floor":3},{"not_picked":["Storm of Steel","Blade Dance","Escape Plan"],"picked":"SKIP","floor":5},{"not_picked":["Blur","Backstab"],"picked":"Dagger Spray","floor":6},{"not_picked":["Deflect","Quick Slash"],"picked":"Backstab","floor":10},{"not_picked":["Poisoned Stab","Prepared","Well Laid Plans"],"picked":"Singing Bowl","floor":12},{"not_picked":["Endless Agony","PiercingWail"],"picked":"Bullet Time","floor":13},{"not_picked":["Dodge and Roll","Blade Dance"],"picked":"Noxious Fumes","floor":14},{"not_picked":["Burst","Die Die Die"],"picked":"After Image","floor":16},{"not_picked":["Riddle With Holes+1","Calculated Gamble"],"picked":"Acrobatics","floor":18},{"not_picked":["Reflex","Slice"],"picked":"Prepared+1","floor":19},{"not_picked":["Setup","Poisoned Stab","Flying Knee"],"picked":"Singing Bowl","floor":20},{"not_picked":["Concentrate","Deadly Poison","Blur"],"picked":"Singing Bowl","floor":24},{"not_picked":["Unload","Sucker Punch+1"],"picked":"Predator","floor":25},{"not_picked":["Poisoned Stab+1","Cloak And Dagger","Endless Agony"],"picked":"Singing Bowl","floor":27},{"not_picked":["Sucker Punch","Deadly Poison"],"picked":"Backflip","floor":29},{"not_picked":["Reflex","Dagger Throw"],"picked":"Dodge and Roll","floor":31},{"not_picked":["Venomology","Glass Knife","Die Die Die"],"picked":"Singing Bowl","floor":33},{"not_picked":["Flechettes","Backstab"],"picked":"PiercingWail+1","floor":35},{"not_picked":["Deflect","Sucker Punch"],"picked":"Cloak And Dagger+1","floor":37},{"not_picked":["Setup","Quick Slash","Crippling Poison"],"picked":"Singing Bowl","floor":38},{"not_picked":["Prepared","Reflex"],"picked":"Skewer+1","floor":39}],"player_experience":1038365,"relics_obtained":[{"floor":6,"key":"Torii"},{"floor":9,"key":"Singing Bowl"},{"floor":12,"key":"Regal Pillow"},{"floor":14,"key":"Bottled Tornado"},{"floor":25,"key":"Letter Opener"},{"floor":31,"key":"Whetstone"}],"event_choices":[{"damage_healed":0,"gold_gain":0,"player_choice":"Grow","damage_taken":0,"max_hp_gain":0,"max_hp_loss":0,"event_name":"Living Wall","floor":8,"gold_loss":0,"cards_upgraded":["Dagger Spray"]},{"cards_removed":["Strike_G"],"damage_healed":0,"gold_gain":0,"player_choice":"Gave Gold","damage_taken":0,"max_hp_gain":0,"max_hp_loss":0,"event_name":"Beggar","floor":21,"gold_loss":75},{"damage_healed":0,"gold_gain":0,"player_choice":"Copied","damage_taken":0,"max_hp_gain":0,"max_hp_loss":0,"event_name":"Duplicator","floor":22,"gold_loss":0,"cards_obtained":["After Image"]}],"is_beta":false,"boss_relics":[{"not_picked":["Coffee Dripper","White Beast Statue"],"picked":"Cursed Key"},{"not_picked":["Fusion Hammer","Philosopher\u0027s Stone"],"picked":"Eternal Feather"}],"items_purged_floors":[30],"is_endless":false,"potions_floor_spawned":[3,5,10,12,14,16,19,24,25,27,33,35,38,39],"killed_by":"Reptomancer","ascension_level":15}