{"gold_per_floor":[119,138,138,157,171,171,171,196,219,236,236,262,273,286,286,391,391,405,405,159,172,172,172,198,198,198,210,222,241,241,260,260,365,365,375,375,388,276,276,276,276,276,276,276,291,291,308,322,322,322],"floor_reached":50,"playtime":3518,"items_purged":["Expertise"],"score":802,"play_id":"d9819884-11ab-4cdb-aaa5-c5b91a79e254","local_time":"20180711212613","is_ascension_mode":true,"campfire_choices":[{"data":"Sucker Punch","floor":6.0,"key":"SMITH"},{"floor":11.0,"key":"REST"},{"data":"Footwork","floor":15.0,"key":"SMITH"},{"data":"Envenom","floor":23.0,"key":"SMITH"},{"data":"Dash","floor":25.0,"key":"SMITH"},{"data":"Calculated Gamble","floor":30.0,"key":"SMITH"},{"floor":32.0,"key":"REST"},{"floor":40.0,"key":"REST"},{"floor":42.0,"key":"REST"},{"data":"Envenom","floor":46.0,"key":"SMITH"},{"floor":49.0,"key":"REST"}],"neow_cost":"","seed_source_timestamp":83437650124943,"circlet_count":0,"master_deck":["Survivor","Neutralize","AscendersBane","PiercingWail","Deadly Poison","Venomology","Sucker Punch+1","Dagger Spray","Footwork+1","Bane","Well Laid Plans","Envenom+1","Quick Slash","PiercingWail","Escape Plan","Dash+1","Bane","Backflip","Backflip","Backstab","Calculated Gamble+1","Malaise+1","Poisoned Stab+1","Envenom+1","Deflect","Infinite Blades","Footwork+1","Madness","Madness","Caltrops+1"],"special_seed":0,"relics":["Ring of the Snake","Ancient Tea Set","Lantern","Art of War","Pandora\u0027s Box","Ornamental Fan","Ninja Scroll","Blood Vial","Blue Candle","Philosopher\u0027s Stone","Frozen Egg 2"],"potions_floor_usage":[50,50],"damage_taken":[{"damage":5.0,"enemies":"Cultist","floor":1.0,"turns":5.0},{"damage":0.0,"enemies":"2 Louse","floor":2.0,"turns":4.0},{"damage":6.0,"enemies":"Jaw Worm","floor":4.0,"turns":4.0},{"damage":10.0,"enemies":"Exordium Wildlife","floor":5.0,"turns":5.0},{"damage":26.0,"enemies":"Gremlin Nob","floor":8.0,"turns":5.0},{"damage":13.0,"enemies":"Exordium Thugs","floor":10.0,"turns":6.0},{"damage":0.0,"enemies":"3 Sentries","floor":12.0,"turns":2.0},{"damage":0.0,"enemies":"2 Fungi Beasts","floor":13.0,"turns":4.0},{"damage":0.0,"enemies":"Exordium Wildlife","floor":14.0,"turns":4.0},{"damage":28.0,"enemies":"Slime Boss","floor":16.0,"turns":9.0},{"damage":0.0,"enemies":"Chosen","floor":18.0,"turns":5.0},{"damage":3.0,"enemies":"3 Byrds","floor":21.0,"turns":5.0},{"damage":18.0,"enemies":"Gremlin Leader","floor":24.0,"turns":8.0},{"damage":0.0,"enemies":"Cultist and Chosen","floor":27.0,"turns":5.0},{"damage":29.0,"enemies":"Snecko","floor":28.0,"turns":4.0},{"damage":0.0,"enemies":"Chosen and Byrds","floor":29.0,"turns":5.0},{"damage":6.0,"enemies":"Cultist and Chosen","floor":31.0,"turns":5.0},{"damage":60.0,"enemies":"Champ","floor":33.0,"turns":17.0},{"damage":14.0,"enemies":"Orb Walker","floor":35.0,"turns":4.0},{"damage":0.0,"enemies":"3 Shapes","floor":37.0,"turns":4.0},{"damage":9.0,"enemies":"3 Darklings","floor":45.0,"turns":6.0},{"damage":11.0,"enemies":"Maw","floor":47.0,"turns":7.0},{"damage":8.0,"enemies":"Sphere and 2 Shapes","floor":48.0,"turns":6.0},{"damage":87,"enemies":"Donu and Deca","floor":50,"turns":8}],"seed_played":"-5277227967460226173","potions_obtained":[{"floor":1.0,"key":"Block Potion"},{"floor":2.0,"key":"SkillPotion"},{"floor":7.0,"key":"Fruit Juice"},{"floor":7.0,"key":"Dexterity Potion"},{"floor":8.0,"key":"Explosive Potion"},{"floor":13.0,"key":"FearPotion"},{"floor":16.0,"key":"Ancient Potion"},{"floor":18.0,"key":"Fruit Juice"},{"floor":28.0,"key":"Explosive Potion"},{"floor":29.0,"key":"EntropicBrew"},{"floor":37.0,"key":"FearPotion"},{"floor":47.0,"key":"Poison Potion"}],"is_trial":false,"path_per_floor":["M","M","?","M","M","R","?","E","T","M","R","E","M","M","R","B",null,"M","?","$","M","T","R","E","R","T","M","M","M","R","M","R","B",null,"M","?","M","$","?","R","?","R","T","?","M","R","M","M","R"],"character_chosen":"THE_SILENT","items_purchased":["Ornamental Fan","Infinite Blades"],"campfire_rested":5,"item_purchase_floors":[20,38],"current_hp_per_floor":[58,58,70,64,54,54,54,33,33,20,42,42,42,42,42,14,60,60,60,60,62,62,62,44,44,44,46,28,44,44,40,64,6,62,50,50,52,52,52,76,66,80,80,80,71,71,62,56,80,0],"gold":322,"neow_bonus":"","is_prod":false,"is_daily":false,"chose_seed":false,"campfire_upgraded":6,"win_rate":0,"timestamp":1531358773,"path_taken":["M","M","?","M","M","R","?","E","T","M","R","E","M","M","R","BOSS","M","?","$","M","?","R","E","R","T","?","M","M","R","M","R","BOSS","M","?","M","?","?","R","?","R","T","?","M","R","M","M","R","BOSS"],"build_version":"2018-07-05","purchased_purges":1,"victory":false,"max_hp_per_floor":[70,70,70,70,70,70,70,75,75,75,75,75,75,75,75,75,75,75,75,75,80,80,80,80,80,80,80,80,80,80,80,80,80,80,80,80,80,80,80,80,80,80,80,80,80,80,80,80,80,80],"card_choices":[{"not_picked":["Expertise","Eviscerate"],"picked":"PiercingWail","floor":1.0},{"not_picked":["Distraction","Prepared"],"picked":"Deadly Poison","floor":2.0},{"not_picked":["PiercingWail","All Out Attack"],"picked":"Venomology","floor":4.0},{"not_picked":["Cloak And Dagger","Acrobatics"],"picked":"Sucker Punch","floor":5.0},{"not_picked":["Eviscerate","Blade Dance"],"picked":"Dagger Spray","floor":8.0},{"not_picked":["Dagger Throw","PiercingWail","Blade Dance"],"picked":"SKIP","floor":10.0},{"not_picked":["Backflip","Sucker Punch"],"picked":"Footwork","floor":12.0},{"not_picked":["Outmaneuver","Acrobatics"],"picked":"Bane","floor":13.0},{"not_picked":["Acrobatics","Die Die Die"],"picked":"Well Laid Plans","floor":14.0},{"not_picked":["Night Terror","Adrenaline"],"picked":"Envenom","floor":16.0},{"not_picked":["Dagger Throw","Dodge and Roll","Masterful Stab"],"picked":"SKIP","floor":18.0},{"not_picked":["Choke","Dagger Spray","Quick Slash"],"picked":"SKIP","floor":21.0},{"not_picked":["Outmaneuver","Dagger Throw"],"picked":"Backstab","floor":24.0},{"not_picked":["Prepared","Slice"],"picked":"Calculated Gamble","floor":27.0},{"not_picked":["Acrobatics","Eviscerate","Slice"],"picked":"SKIP","floor":28.0},{"not_picked":["Sucker Punch","Eviscerate"],"picked":"Malaise+1","floor":29.0},{"not_picked":["Sucker Punch","Prepared"],"picked":"Poisoned Stab+1","floor":31.0},{"not_picked":["Storm of Steel","Grand Finale"],"picked":"Envenom","floor":33.0},{"not_picked":["Backflip","Dagger Throw"],"picked":"Deflect","floor":35.0},{"not_picked":["Poisoned Stab","Caltrops+1","Expertise"],"picked":"SKIP","floor":37.0},{"not_picked":["Skewer","Bane"],"picked":"Caltrops+1","floor":45.0},{"not_picked":["Dagger Throw","Deadly Poison","All Out Attack"],"picked":"SKIP","floor":47.0},{"not_picked":["Burst","Dagger Throw+1","Dodge and Roll"],"picked":"SKIP","floor":48.0}],"player_experience":436519,"relics_obtained":[{"floor":8.0,"key":"Ancient Tea Set"},{"floor":9.0,"key":"Lantern"},{"floor":12.0,"key":"Art of War"},{"floor":22.0,"key":"Ninja Scroll"},{"floor":24.0,"key":"Blood Vial"},{"floor":26.0,"key":"Blue Candle"},{"floor":43.0,"key":"Frozen Egg 2"}],"event_choices":[{"event_name":"Big Fish","player_choice":"Banana","floor":3.0,"damage_taken":0.0},{"event_name":"The Lab","player_choice":"Got Potions","floor":7.0,"damage_taken":0.0},{"event_name":"Match and Keep!","player_choice":"0 cards matched","floor":19.0,"damage_taken":0.0},{"event_name":"Falling","player_choice":"Removed Skill","floor":36.0,"damage_taken":0.0},{"event_name":"Duplicator","player_choice":"One dupe","floor":39.0,"damage_taken":0.0},{"event_name":"Winding Halls","player_choice":"Embrace Madness","floor":41.0,"damage_taken":0.0},{"event_name":"Wheel of Change","player_choice":"Card Removal","floor":44.0,"damage_taken":0.0}],"boss_relics":[{"not_picked":["Runic Pyramid","Sozu"],"picked":"Pandora\u0027s Box"},{"not_picked":["Tiny House","Snecko Eye"],"picked":"Philosopher\u0027s Stone"}],"items_purged_floors":[38],"is_endless":false,"potions_floor_spawned":[1,2,8,13,16,18,28,29,37,47],"killed_by":"Donu and Deca","ascension_level":12}