{"gold_per_floor":[114,114,114,130,140,140,68,96,149,159,259,284,294,27,27,127,127,140,155,155],"floor_reached":20,"playtime":1091,"items_purged":["Strike_B"],"score":251,"play_id":"dccf5dee-195e-4f02-9efd-9f80a5dca6b3","local_time":"20180625230519","is_ascension_mode":true,"campfire_choices":[{"data":"Coolheaded","floor":6,"key":"SMITH"},{"data":"White Noise","floor":15,"key":"SMITH"}],"neow_cost":"NONE","seed_source_timestamp":826140973267825,"circlet_count":0,"master_deck":["Strike_B","Strike_B","Defend_B","Defend_B","Defend_B","Defend_B","Zap","Dualcast","Cold Snap","Beam Cell","Coolheaded+1","White Noise+1","Conserve Battery","Chaos","Ball Lightning","Magnetism","Echo Form","Tempest+1"],"relics":["Runic Pyramid","Bronze Scales","Bag of Marbles","Regal Pillow","Shuriken","Inserter"],"potions_floor_usage":[8,12,18,19],"damage_taken":[{"damage":6,"enemies":"2 Louse","floor":1,"turns":2},{"damage":3,"enemies":"Cultist","floor":4,"turns":4},{"damage":4,"enemies":"Jaw Worm","floor":5,"turns":3},{"damage":9,"enemies":"Lagavulin","floor":8,"turns":6},{"damage":2,"enemies":"Looter","floor":10,"turns":4},{"damage":0,"enemies":"3 Sentries","floor":12,"turns":5},{"damage":0,"enemies":"Blue Slaver","floor":13,"turns":3},{"damage":26,"enemies":"Slime Boss","floor":16,"turns":10},{"damage":6,"enemies":"Spheric Guardian","floor":18,"turns":5},{"damage":28,"enemies":"Shell Parasite","floor":19,"turns":5},{"damage":56,"enemies":"Cultist and Chosen","floor":20,"turns":4}],"seed_played":"5645860993272866280","potions_obtained":[{"floor":4,"key":"Dexterity Potion"},{"floor":10,"key":"Energy Potion"},{"floor":12,"key":"Ancient Potion"},{"floor":16,"key":"Energy Potion"},{"floor":18,"key":"Regen Potion"}],"is_trial":false,"path_per_floor":["M","?","?","M","M","R","$","E","T","M","?","E","M","$","R","B",null,"M","M"],"character_chosen":"DEFECT","items_purchased":["White Noise","Magnetism"],"campfire_rested":0,"item_purchase_floors":[7,14],"current_hp_per_floor":[69,69,62,59,55,55,55,46,46,51,51,51,51,51,51,25,75,69,54,0],"gold":155,"neow_bonus":"BOSS_RELIC","is_prod":false,"is_daily":false,"chose_seed":false,"campfire_upgraded":2,"win_rate":0,"timestamp":1529982319,"path_taken":["M","?","?","M","M","R","$","E","T","M","?","E","?","$","R","BOSS","M","M","M"],"build_version":"2018-06-21v2","purchased_purges":1,"victory":false,"max_hp_per_floor":[75,75,75,75,75,75,75,75,75,75,75,75,75,75,75,75,75,75,75,75],"card_choices":[{"not_picked":["Ball Lightning","Storm"],"picked":"Cold Snap","floor":1},{"not_picked":["Conserve Battery","Rebound"],"picked":"Beam Cell","floor":4},{"not_picked":["Barrage","Gash"],"picked":"Coolheaded","floor":5},{"not_picked":["Sweeping Beam","Fusion"],"picked":"Conserve Battery","floor":8},{"not_picked":["Aggregate","Beam Cell"],"picked":"Chaos","floor":10},{"not_picked":["Turbo","Beam Cell","Hyperbeam"],"picked":"SKIP","floor":12},{"not_picked":["Turbo","Coolheaded"],"picked":"Ball Lightning","floor":13},{"not_picked":["Machine Learning","Buffer"],"picked":"Echo Form","floor":16},{"not_picked":["Stack","Sweeping Beam","Barrage"],"picked":"SKIP","floor":18},{"not_picked":["Barrage","Aggregate"],"picked":"Tempest+1","floor":19}],"player_experience":315926,"relics_obtained":[{"floor":8,"key":"Bag of Marbles"},{"floor":9,"key":"Regal Pillow"},{"floor":12,"key":"Shuriken"}],"event_choices":[{"event_name":"Purifier","player_choice":"One Purge","floor":2,"damage_taken":0},{"event_name":"Scrap Ooze","player_choice":"success","floor":3,"damage_taken":7},{"event_name":"Golden Shrine","player_choice":"Pray","floor":11,"damage_taken":0}],"boss_relics":[{"not_picked":["Tiny House","Pandora\u0027s Box"],"picked":"Inserter"}],"items_purged_floors":[14],"is_endless":false,"potions_floor_spawned":[4,10,12,16,18],"killed_by":"Cultist and Chosen","ascension_level":4}