{"gold_per_floor":[111,111,111,130,205,235,235,285,285,320,330,344,364,389,389,462,462,474,485,485,267,293,322,322,237,237,266,266,4,24,41,41,119,119,129,129,129,148,158,190,210,220,243,278,293,393,393,412,412,412],"floor_reached":51,"playtime":2649,"items_purged":["Strike_G"],"score":1442,"play_id":"cfbd272b-b1e4-40a1-9c03-96354e545c73","local_time":"20190405193438","is_ascension_mode":true,"campfire_choices":[{"floor":7.0,"key":"REST"},{"floor":15.0,"key":"REST"},{"floor":24,"key":"REST"},{"floor":32,"key":"REST"},{"floor":47,"key":"REST"},{"floor":49,"key":"REST"}],"neow_cost":"NONE","seed_source_timestamp":21425066913179,"circlet_count":0,"master_deck":["AscendersBane","Defend_G","Defend_G","Defend_G","Defend_G","Strike_G","Strike_G","Strike_G","Survivor","Neutralize","PiercingWail","Escape Plan","Dagger Throw","Noxious Fumes+1","Caltrops+1","Dagger Spray","Crippling Poison","Flying Knee","PiercingWail","Wraith Form v2+1","Dagger Spray","Cloak And Dagger+1","Dagger Spray","PiercingWail","Backstab+1","Catalyst","Deadly Poison","Burst","Magnetism+1","Catalyst+1","Catalyst+1","Envenom+1","Blur","Cloak And Dagger+1","Calculated Gamble+1"],"special_seed":0,"relics":["Ring of the Snake","NeowsBlessing","Frozen Egg 2","Pear","Question Card","Du-Vu Doll","Kunai","Runic Pyramid","Snake Skull","Red Mask","Bottled Lightning","Nunchaku","Bottled Tornado","Ice Cream","Sundial","Mummified Hand","Fusion Hammer","Bag of Preparation","Boot","Blue Candle","Tough Bandages"],"potions_floor_usage":[22,27,33,39,50,50],"damage_taken":[{"damage":0.0,"enemies":"Small Slimes","floor":1.0,"turns":1.0},{"damage":0.0,"enemies":"2 Louse","floor":4.0,"turns":1.0},{"damage":0.0,"enemies":"3 Sentries","floor":6.0,"turns":2.0},{"damage":2.0,"enemies":"Lagavulin","floor":10.0,"turns":8.0},{"damage":0.0,"enemies":"Cultist","floor":11.0,"turns":3.0},{"damage":4.0,"enemies":"Blue Slaver","floor":12.0,"turns":4.0},{"damage":0.0,"enemies":"3 Louse","floor":13.0,"turns":2.0},{"damage":30.0,"enemies":"Gremlin Nob","floor":14.0,"turns":5.0},{"damage":37.0,"enemies":"Slime Boss","floor":16.0,"turns":10.0},{"damage":0.0,"enemies":"Chosen","floor":18.0,"turns":5.0},{"damage":0,"enemies":"3 Byrds","floor":19,"turns":4},{"damage":5,"enemies":"Masked Bandits","floor":22,"turns":5},{"damage":8,"enemies":"Slavers","floor":23,"turns":6},{"damage":14,"enemies":"Book of Stabbing","floor":27,"turns":6},{"damage":12,"enemies":"Snake Plant","floor":30,"turns":3},{"damage":0,"enemies":"Cultist and Chosen","floor":31,"turns":4},{"damage":9,"enemies":"Automaton","floor":33,"turns":8},{"damage":0,"enemies":"3 Shapes","floor":35,"turns":2},{"damage":0,"enemies":"3 Darklings","floor":38,"turns":3},{"damage":1,"enemies":"Jaw Worm Horde","floor":39,"turns":4},{"damage":30,"enemies":"Reptomancer","floor":40,"turns":5},{"damage":0,"enemies":"Spire Growth","floor":41,"turns":3},{"damage":22,"enemies":"Writhing Mass","floor":42,"turns":3},{"damage":3,"enemies":"Giant Head","floor":44,"turns":5},{"damage":0,"enemies":"Sphere and 2 Shapes","floor":45,"turns":5},{"damage":0,"enemies":"Mind Bloom Boss Battle","floor":46,"turns":5},{"damage":0,"enemies":"Spire Growth","floor":48,"turns":3},{"damage":5,"enemies":"Donu and Deca","floor":50,"turns":7}],"seed_played":"-172787706818711640","potions_obtained":[{"floor":4.0,"key":"Poison Potion"},{"floor":14.0,"key":"LiquidBronze"},{"floor":18,"key":"Energy Potion"},{"floor":19,"key":"Poison Potion"},{"floor":30,"key":"PowerPotion"},{"floor":33,"key":"Fruit Juice"},{"floor":35,"key":"SteroidPotion"},{"floor":39,"key":"Fire Potion"},{"floor":46,"key":"GhostInAJar"},{"floor":48,"key":"Block Potion"}],"is_trial":false,"path_per_floor":["M","?","?","M","?","E","R","?","T","E","M","M","M","E","R","B",null,"M","M","?","$","?","E","R","?","T","E","T","$","M","M","R","B",null,"M","?","?","M","M","E","M","M","T","E","M","?","R","M","R","B",null],"character_chosen":"THE_SILENT","items_purchased":["Snake Skull","Mummified Hand"],"campfire_rested":6,"item_purchase_floors":[21,29],"current_hp_per_floor":[59,59,33,33,22,32,54,54,54,52,52,48,48,18,40,3,58,58,58,36,36,31,23,47,47,47,33,33,33,21,21,45,36,70,70,70,70,70,74,44,44,22,22,19,19,19,44,44,69,64],"gold":412,"neow_bonus":"THREE_ENEMY_KILL","is_prod":false,"is_daily":false,"chose_seed":false,"campfire_upgraded":0,"win_rate":0,"timestamp":1554507278,"path_taken":["M","?","?","M","?","E","R","?","T","E","M","M","?","E","R","BOSS","M","M","?","$","?","E","R","?","T","E","?","$","M","M","R","BOSS","M","?","?","M","M","E","M","M","T","E","M","?","R","M","R","BOSS"],"build_version":"2019-01-23","purchased_purges":1,"victory":true,"max_hp_per_floor":[66,66,66,66,66,76,76,76,76,76,76,76,76,76,76,76,76,76,76,81,81,81,81,81,81,81,81,81,81,81,81,81,81,81,81,81,81,81,86,86,86,86,86,86,86,86,86,86,86,86],"card_choices":[{"not_picked":["Backstab","Deflect"],"picked":"PiercingWail","floor":1.0},{"not_picked":["Outmaneuver","Quick Slash"],"picked":"Dagger Throw","floor":4.0},{"not_picked":["Blur","Unload"],"picked":"Noxious Fumes+1","floor":6.0},{"not_picked":["Flying Knee","Acrobatics","Choke"],"picked":"Caltrops+1","floor":10.0},{"not_picked":["Acrobatics","Reflex","Terror"],"picked":"Dagger Spray","floor":11.0},{"not_picked":["Quick Slash","Dagger Throw","Flying Knee"],"picked":"Crippling Poison","floor":12.0},{"not_picked":["Concentrate","Reflex","Masterful Stab"],"picked":"Flying Knee","floor":13.0},{"not_picked":["Reflex","Skewer","Night Terror"],"picked":"PiercingWail","floor":14.0},{"not_picked":["Envenom+1","Night Terror","Corpse Explosion"],"picked":"Wraith Form v2+1","floor":16.0},{"not_picked":["Well Laid Plans+1","Dagger Throw","Deflect"],"picked":"Dagger Spray","floor":18},{"not_picked":["Reflex","Well Laid Plans+1","Flying Knee"],"picked":"Cloak And Dagger+1","floor":19},{"not_picked":["Sucker Punch","Slice","Tactician"],"picked":"Dagger Spray","floor":22},{"not_picked":["Dagger Throw","Heel Hook+1","Phantasmal Killer"],"picked":"PiercingWail","floor":23},{"not_picked":["Predator","Flying Knee","Terror+1"],"picked":"Backstab+1","floor":27},{"not_picked":["Acrobatics","Deflect","Noxious Fumes+1"],"picked":"Catalyst","floor":30},{"not_picked":["Flying Knee","Escape Plan","Backstab"],"picked":"Deadly Poison","floor":31},{"not_picked":["After Image+1","Storm of Steel","Phantasmal Killer"],"picked":"Burst","floor":33},{"not_picked":["Leg Sweep","Dagger Spray+1","Quick Slash","Expertise"],"picked":"SKIP","floor":35},{"not_picked":["Dark Shackles","Enlightenment","Purity"],"picked":"Magnetism+1","floor":36},{"not_picked":["Endless Agony+1","Cloak And Dagger","Leg Sweep"],"picked":"Catalyst+1","floor":38},{"not_picked":["Outmaneuver+1","Dagger Throw","Cloak And Dagger"],"picked":"Catalyst+1","floor":39},{"not_picked":["Sucker Punch+1","Finisher","Blade Dance"],"picked":"Envenom+1","floor":40},{"not_picked":["Leg Sweep","Dagger Throw+1","Blade Dance"],"picked":"Blur","floor":41},{"not_picked":["Accuracy+1","Expertise","Flying Knee+1","Backstab"],"picked":"SKIP","floor":42},{"not_picked":["Blur","Doppelganger","Bane"],"picked":"Cloak And Dagger+1","floor":44},{"not_picked":["Terror","Choke","Endless Agony","Outmaneuver"],"picked":"SKIP","floor":45},{"not_picked":["Outmaneuver","Dodge and Roll","Grand Finale"],"picked":"Calculated Gamble+1","floor":48}],"player_experience":483099,"relics_obtained":[{"floor":6.0,"key":"Pear"},{"floor":9.0,"key":"Question Card"},{"floor":10.0,"key":"Du-Vu Doll"},{"floor":14.0,"key":"Kunai"},{"floor":22,"key":"Red Mask"},{"floor":23,"key":"Bottled Lightning"},{"floor":26,"key":"Bottled Tornado"},{"floor":27,"key":"Ice Cream"},{"floor":28,"key":"Sundial"},{"floor":40,"key":"Bag of Preparation"},{"floor":43,"key":"Boot"},{"floor":44,"key":"Blue Candle"},{"floor":46,"key":"Tough Bandages"}],"event_choices":[{"damage_healed":0.0,"max_hp_gain":0.0,"max_hp_loss":0.0,"gold_gain":0.0,"cards_transformed":["Strike_G"],"event_name":"Living Wall","player_choice":"Change","floor":2.0,"gold_loss":0.0,"damage_taken":0.0,"cards_obtained":["Escape Plan"]},{"damage_healed":0.0,"max_hp_gain":0.0,"max_hp_loss":0.0,"gold_gain":0.0,"event_name":"Scrap Ooze","player_choice":"Success","floor":3.0,"gold_loss":0.0,"damage_taken":26.0,"relics_obtained":["Frozen Egg 2"]},{"damage_healed":0.0,"max_hp_gain":0.0,"max_hp_loss":0.0,"gold_gain":75.0,"event_name":"World of Goop","player_choice":"Gather Gold","floor":5.0,"gold_loss":0.0,"damage_taken":11.0},{"damage_healed":0.0,"max_hp_gain":0.0,"max_hp_loss":0.0,"gold_gain":50.0,"event_name":"Golden Shrine","player_choice":"Pray","floor":8.0,"gold_loss":0.0,"damage_taken":0.0},{"damage_healed":0,"gold_gain":0,"player_choice":"Shed Blood","damage_taken":27,"max_hp_gain":5,"max_hp_loss":0,"event_name":"Forgotten Altar","floor":20,"gold_loss":0},{"damage_healed":0,"gold_gain":0,"player_choice":"Fought Bandits","damage_taken":0,"max_hp_gain":0,"max_hp_loss":0,"event_name":"Masked Bandits","floor":22,"gold_loss":0},{"damage_healed":0,"gold_gain":0,"player_choice":"Obtained Relic","damage_taken":0,"relics_obtained":["Nunchaku"],"max_hp_gain":0,"max_hp_loss":0,"event_name":"Addict","floor":25,"gold_loss":85},{"damage_healed":0,"gold_gain":0,"player_choice":"Memory 1","damage_taken":0,"max_hp_gain":0,"max_hp_loss":0,"event_name":"SensoryStone","floor":36,"gold_loss":0},{"cards_removed":["Defend_G"],"damage_healed":0,"gold_gain":0,"player_choice":"Removed Skill","damage_taken":0,"max_hp_gain":0,"max_hp_loss":0,"event_name":"Falling","floor":37,"gold_loss":0},{"damage_healed":0,"gold_gain":0,"player_choice":"Fight","damage_taken":0,"max_hp_gain":0,"max_hp_loss":0,"event_name":"MindBloom","floor":46,"gold_loss":0}],"is_beta":false,"boss_relics":[{"not_picked":["Lizard Tail","Velvet Choker"],"picked":"Runic Pyramid"},{"not_picked":["HoveringKite","Runic Dome"],"picked":"Fusion Hammer"}],"items_purged_floors":[21],"is_endless":false,"potions_floor_spawned":[4,14,18,19,30,33,35,39,45,46,48],"ascension_level":15}