{"path_per_floor":["M","?","M","M","?","R","M","M","T","E","?","R","M","M","R"],"character_chosen":"THE_SILENT","items_purchased":[],"gold_per_floor":[111,111,130,150,150,150,131,150,150,185,185,185,203,228,228],"floor_reached":16,"campfire_rested":2,"playtime":1339,"current_hp_per_floor":[70,70,70,70,70,70,70,65,65,21,21,42,33,24,45],"items_purged":[],"gold":228,"score":104,"play_id":"5f8aca52-17b0-4260-8421-cab222d311c7","is_prod":false,"is_daily":false,"is_ascension_mode":false,"campfire_upgraded":1,"path_taken":["M","?","M","M","?","R","?","M","T","E","?","R","M","M","R","BOSS"],"build_version":"2018-02-15-PROD1","purchased_purges":0,"victory":false,"master_deck":["Defend_G+1","Defend_G","Defend_G+1","Defend_G","Defend_G","Strike_G","Strike_G","Strike_G","Strike_G","Strike_G","Survivor+1","Neutralize+1","Sucker Punch","Flying Knee","Tools of the Trade+1","Deflect","Infinite Blades","Dagger Spray","Injury","Flying Knee","Outmaneuver"],"max_hp_per_floor":[70,70,70,70,70,70,70,70,70,70,70,70,70,70,70],"relics":["Ring of the Snake","War Paint","Snake Skull","Golden Idol"],"card_choices":[{"not_picked":["Riddle With Holes","Corpse Explosion"],"picked":"Sucker Punch"},{"not_picked":["Sucker Punch","Quick Slash"],"picked":"Flying Knee"},{"not_picked":["Distraction","Backflip"],"picked":"Tools of the Trade"},{"not_picked":["PiercingWail","Prepared"],"picked":"Deflect"},{"not_picked":["Quick Slash","Dagger Throw"],"picked":"Infinite Blades"},{"not_picked":["Prepared","Caltrops"],"picked":"Dagger Spray"},{"not_picked":["Heel Hook","Dagger Spray"],"picked":"Flying Knee"},{"not_picked":["Dagger Spray","Bane"],"picked":"Outmaneuver"}],"player_experience":10312,"potions_floor_usage":[7,16,16,16],"damage_taken":[{"damage":0,"enemies":"Small Slimes","floor":1,"turns":3},{"damage":0,"enemies":"Jaw Worm","floor":3,"turns":4},{"damage":0,"enemies":"2 Louse","floor":4,"turns":3},{"damage":0,"enemies":"Exordium Thugs","floor":7,"turns":5},{"damage":5,"enemies":"2 Fungi Beasts","floor":8,"turns":4},{"damage":44,"enemies":"Gremlin Nob","floor":10,"turns":7},{"damage":9,"enemies":"3 Louse","floor":13,"turns":4},{"damage":9,"enemies":"Looter","floor":14,"turns":3},{"damage":50,"enemies":"Slime Boss","floor":16,"turns":13}],"event_choices":[{"event_name":"Golden Wing","player_choice":"Ignored","floor":2,"damage_taken":0},{"event_name":"Accursed Blacksmith","player_choice":"Forge","floor":5,"damage_taken":0},{"event_name":"Golden Idol","player_choice":"Take Wound","floor":11,"damage_taken":0}],"boss_relics":[],"potions_floor_spawned":[4,7,10,14],"seed_played":"-7239626466613192959","killed_by":"Slime Boss","ascension_level":0,"is_trial":false}