{"gold_per_floor":[99,99,99,99,99,99,99,99,99,99,99,99,99,99,99,99,99,99,39,39,39,39,39,39,39,39,39,39,39,39,39,39,39],"floor_reached":33,"playtime":1514,"items_purged":[],"score":547,"play_id":"609632b6-ae34-4be3-8723-a34a6497c35e","local_time":"20190207205214","is_ascension_mode":true,"campfire_choices":[{"floor":7,"key":"REST"},{"floor":10,"key":"REST"},{"data":"Defragment","floor":13,"key":"SMITH"},{"floor":15,"key":"REST"},{"floor":27,"key":"REST"},{"floor":32,"key":"REST"}],"neow_cost":"NONE","seed_source_timestamp":1826103098758051,"circlet_count":0,"master_deck":["Zap+1","Dualcast","Doom and Gloom+1","Ball Lightning","Defragment+1","Electrodynamics","Compile Driver","Steam","Fission","Storm","Aggregate","Conserve Battery","Fission","Go for the Eyes","BootSequence","BootSequence","Meteor Strike+1","Defragment","Auto Shields+1","Cold Snap","Turbo+1","Electrodynamics","Lockon","Reboot","Coolheaded+1","Stack+1"],"relics":["Ectoplasm","Pen Nib","DataDisk","Bronze Scales","StoneCalendar","Pandora\u0027s Box","Whetstone","Blood Vial","Toxic Egg 2","Strawberry","Juzu Bracelet"],"potions_floor_usage":[19,21,21,23,33],"damage_taken":[{"damage":0,"enemies":"Small Slimes","floor":1,"turns":3},{"damage":5,"enemies":"2 Louse","floor":5,"turns":2},{"damage":24,"enemies":"Gremlin Nob","floor":6,"turns":4},{"damage":25,"enemies":"3 Sentries","floor":8,"turns":5},{"damage":15,"enemies":"Gremlin Nob","floor":11,"turns":3},{"damage":0,"enemies":"Cultist","floor":12,"turns":3},{"damage":1,"enemies":"Exordium Thugs","floor":14,"turns":3},{"damage":0,"enemies":"Slime Boss","floor":16,"turns":6},{"damage":0,"enemies":"Chosen","floor":18,"turns":4},{"damage":12,"enemies":"2 Thieves","floor":19,"turns":3},{"damage":7,"enemies":"3 Cultists","floor":21,"turns":3},{"damage":0,"enemies":"Chosen and Byrds","floor":22,"turns":4},{"damage":19,"enemies":"Gremlin Leader","floor":23,"turns":5},{"damage":16,"enemies":"Snake Plant","floor":24,"turns":2},{"damage":19,"enemies":"Slavers","floor":25,"turns":3},{"damage":11,"enemies":"Book of Stabbing","floor":29,"turns":4},{"damage":12,"enemies":"Shelled Parasite and Fungi","floor":30,"turns":4},{"damage":16,"enemies":"Centurion and Healer","floor":31,"turns":4},{"damage":49,"enemies":"Champ","floor":33,"turns":10}],"seed_played":"-5316017101885421968","potions_obtained":[{"floor":11,"key":"Dexterity Potion"},{"floor":12,"key":"Block Potion"},{"floor":14,"key":"Regen Potion"},{"floor":21,"key":"FearPotion"},{"floor":22,"key":"Block Potion"}],"is_trial":false,"path_per_floor":["M","?","?","?","M","E","R","E","T","R","E","M","R","M","R","B",null,"M","M","?","M","M","E","M","E","T","R","T","E","M","M","R","B"],"character_chosen":"DEFECT","items_purchased":[],"campfire_rested":5,"item_purchase_floors":[],"current_hp_per_floor":[68,53,58,58,53,29,53,28,28,52,37,37,37,36,60,60,75,75,63,63,61,61,42,26,7,7,31,38,29,19,5,31,0],"gold":39,"neow_bonus":"BOSS_RELIC","is_prod":false,"is_daily":false,"chose_seed":false,"campfire_upgraded":1,"win_rate":0,"timestamp":1549590734,"path_taken":["M","?","?","?","M","E","R","E","T","R","E","M","R","M","R","BOSS","M","M","?","M","M","E","M","E","T","R","?","E","M","M","R","BOSS"],"build_version":"2019-01-23","purchased_purges":0,"victory":false,"max_hp_per_floor":[75,75,80,80,80,80,80,80,80,80,80,80,80,80,80,80,80,80,80,80,80,80,80,80,80,80,80,87,87,87,87,87,87],"card_choices":[{"not_picked":["Coolheaded","Compile Driver"],"picked":"Doom and Gloom","floor":1},{"not_picked":["Scrape","Rebound"],"picked":"Ball Lightning","floor":5},{"not_picked":["Meteor Strike","Storm","Rip and Tear"],"picked":"SKIP","floor":6},{"not_picked":["Gash","Leap"],"picked":"Defragment","floor":8},{"not_picked":["Loop","Undo"],"picked":"Electrodynamics","floor":11},{"not_picked":["Gash","Rebound"],"picked":"Compile Driver","floor":12},{"not_picked":["FTL","Blizzard"],"picked":"Steam","floor":14},{"not_picked":["Rainbow","Biased Cognition"],"picked":"Fission","floor":16},{"not_picked":["Coolheaded","Loop"],"picked":"Defragment","floor":18},{"not_picked":["Beam Cell+1","Scrape"],"picked":"Auto Shields+1","floor":19},{"not_picked":["Steam","Heatsinks+1"],"picked":"Cold Snap","floor":21},{"not_picked":["Self Repair","Redo"],"picked":"Turbo+1","floor":22},{"not_picked":["Leap","Redo"],"picked":"Electrodynamics","floor":23},{"not_picked":["Chaos","Beam Cell"],"picked":"Lockon","floor":24},{"not_picked":["Hologram","BootSequence"],"picked":"Reboot","floor":25},{"not_picked":["Barrage+1","Redo+1"],"picked":"Coolheaded+1","floor":29},{"not_picked":["Barrage","Gash","Rebound"],"picked":"SKIP","floor":30},{"not_picked":["Seek+1","Streamline"],"picked":"Stack+1","floor":31}],"player_experience":267991,"relics_obtained":[{"floor":6,"key":"Pen Nib"},{"floor":8,"key":"DataDisk"},{"floor":9,"key":"Bronze Scales"},{"floor":11,"key":"StoneCalendar"},{"floor":23,"key":"Whetstone"},{"floor":25,"key":"Blood Vial"},{"floor":26,"key":"Toxic Egg 2"},{"floor":28,"key":"Strawberry"},{"floor":29,"key":"Juzu Bracelet"}],"event_choices":[{"damage_healed":0,"gold_gain":0,"player_choice":"Entered Light","damage_taken":15,"max_hp_gain":0,"max_hp_loss":0,"event_name":"Shining Light","floor":2,"gold_loss":0,"cards_upgraded":["Strike_B","Strike_B"]},{"damage_healed":0,"gold_gain":0,"player_choice":"Donut","damage_taken":0,"max_hp_gain":5,"max_hp_loss":0,"event_name":"Big Fish","floor":3,"gold_loss":0},{"damage_healed":0,"gold_gain":0,"player_choice":"Forge","damage_taken":0,"max_hp_gain":0,"max_hp_loss":0,"event_name":"Accursed Blacksmith","floor":4,"gold_loss":0,"cards_upgraded":["Zap"]},{"damage_healed":0,"gold_gain":0,"player_choice":"Ignored","damage_taken":0,"max_hp_gain":0,"max_hp_loss":0,"event_name":"Ghosts","floor":20,"gold_loss":0}],"is_beta":false,"boss_relics":[{"not_picked":["Sozu","White Beast Statue"],"picked":"Pandora\u0027s Box"}],"items_purged_floors":[],"is_endless":false,"potions_floor_spawned":[11,12,14,18,21,22],"killed_by":"Champ","ascension_level":9}