{"gold_per_floor":[116,126,141,157,177,202,202,234,234,264,277,291,271,290,290,389,389,403,415,431,378,394,394,411,135,135,151,151],"floor_reached":28,"playtime":1626,"items_purged":["Strike_B"],"score":397,"play_id":"df37d476-5a88-48ab-bcdc-01cfe6dc8b3d","local_time":"20190220221201","is_ascension_mode":true,"campfire_choices":[{"floor":7,"key":"REST"},{"floor":15,"key":"REST"},{"data":"Zap","floor":23,"key":"SMITH"}],"neow_cost":"NONE","seed_source_timestamp":682274904703485,"circlet_count":0,"master_deck":["AscendersBane","Strike_B","Strike_B","Strike_B","Defend_B","Defend_B","Defend_B","Defend_B","Zap+1","Dualcast","Finesse","Glacier","Darkness","Cold Snap","Sweeping Beam","Defragment","Cold Snap","Conserve Battery","Capacitor","Defragment","Defragment","Storm","Core Surge","Steam+1","Stack","Turbo","Barrage","Heatsinks","Go for the Eyes","Electrodynamics","Compile Driver"],"relics":["Cracked Core","Bag of Marbles","Smiling Mask","Singing Bowl","PreservedInsect","Runic Pyramid","Ornamental Fan"],"potions_floor_usage":[4,5,8,14,16,22,22,22,22,24,27],"damage_taken":[{"damage":4,"enemies":"Small Slimes","floor":1,"turns":4},{"damage":0,"enemies":"Cultist","floor":2,"turns":4},{"damage":0,"enemies":"2 Louse","floor":3,"turns":2},{"damage":4,"enemies":"Looter","floor":4,"turns":2},{"damage":15,"enemies":"Gremlin Gang","floor":5,"turns":6},{"damage":26,"enemies":"Lagavulin","floor":6,"turns":8},{"damage":10,"enemies":"3 Sentries","floor":8,"turns":7},{"damage":10,"enemies":"Lagavulin","floor":10,"turns":10},{"damage":0,"enemies":"Blue Slaver","floor":11,"turns":6},{"damage":5,"enemies":"Exordium Thugs","floor":12,"turns":6},{"damage":0,"enemies":"Gremlin Gang","floor":14,"turns":4},{"damage":14,"enemies":"The Guardian","floor":16,"turns":11},{"damage":6,"enemies":"Shell Parasite","floor":18,"turns":6},{"damage":0,"enemies":"Spheric Guardian","floor":19,"turns":5},{"damage":4,"enemies":"Snake Plant","floor":20,"turns":6},{"damage":1,"enemies":"Snecko","floor":22,"turns":5},{"damage":3,"enemies":"Chosen and Byrds","floor":24,"turns":8},{"damage":8,"enemies":"Sentry and Sphere","floor":27,"turns":5},{"damage":42,"enemies":"Book of Stabbing","floor":28,"turns":6}],"seed_played":"7238767409812423249","potions_obtained":[{"floor":3,"key":"AttackPotion"},{"floor":4,"key":"SpeedPotion"},{"floor":6,"key":"Energy Potion"},{"floor":8,"key":"Fire Potion"},{"floor":13,"key":"SkillPotion"},{"floor":16,"key":"Strength Potion"},{"floor":20,"key":"EntropicBrew"},{"floor":22,"key":"SkillPotion"}],"is_trial":false,"path_per_floor":["M","M","M","M","M","E","R","E","T","E","M","M","?","M","R","B",null,"M","M","M","$","M","R","M","$","T","M","E"],"character_chosen":"DEFECT","items_purchased":["Barrage","Electrodynamics","FocusPotion"],"campfire_rested":2,"item_purchase_floors":[21,25,25],"current_hp_per_floor":[64,64,64,60,45,19,41,31,31,21,21,16,16,16,38,24,62,56,56,52,52,51,51,48,48,48,40,0],"gold":151,"neow_bonus":"RANDOM_COLORLESS","is_prod":false,"is_daily":false,"chose_seed":false,"campfire_upgraded":1,"win_rate":0,"timestamp":1550718721,"path_taken":["M","M","M","M","M","E","R","E","T","E","M","M","?","?","R","BOSS","M","M","M","$","M","R","M","$","T","M","E"],"build_version":"2019-01-23","purchased_purges":1,"victory":false,"max_hp_per_floor":[75,75,75,75,75,75,75,75,75,75,75,75,75,75,75,75,75,75,75,75,75,75,75,75,75,75,75,75],"card_choices":[{"not_picked":["Steam","White Noise"],"picked":"Glacier","floor":1},{"not_picked":["Hologram","Loop"],"picked":"Darkness","floor":2},{"not_picked":["Conserve Battery","Redo"],"picked":"Cold Snap","floor":3},{"not_picked":["Turbo","Seek"],"picked":"Sweeping Beam","floor":4},{"not_picked":["White Noise","Steam Power"],"picked":"Defragment","floor":5},{"not_picked":["Double Energy","FTL"],"picked":"Cold Snap","floor":6},{"not_picked":["Reinforced Body","Hello World"],"picked":"Conserve Battery","floor":8},{"not_picked":["Barrage","Redo"],"picked":"Capacitor","floor":10},{"not_picked":["Force Field","Ball Lightning"],"picked":"Defragment","floor":11},{"not_picked":["Meteor Strike","Ball Lightning"],"picked":"Defragment","floor":12},{"not_picked":["Rebound","Glacier"],"picked":"Storm","floor":14},{"not_picked":["Rainbow","Amplify"],"picked":"Core Surge","floor":16},{"not_picked":["Hologram","Conserve Battery"],"picked":"Steam+1","floor":18},{"not_picked":["Barrage","Ball Lightning"],"picked":"Stack","floor":19},{"not_picked":["Beam Cell","Sweeping Beam"],"picked":"Turbo","floor":20},{"not_picked":["Tempest","Storm"],"picked":"Heatsinks","floor":22},{"not_picked":["Hologram","Stack"],"picked":"Go for the Eyes","floor":24},{"not_picked":["Reprogram+1","Rebound"],"picked":"Compile Driver","floor":27}],"player_experience":330491,"relics_obtained":[{"floor":6,"key":"Bag of Marbles"},{"floor":8,"key":"Smiling Mask"},{"floor":9,"key":"Singing Bowl"},{"floor":10,"key":"PreservedInsect"},{"floor":26,"key":"Ornamental Fan"}],"event_choices":[{"damage_healed":0,"gold_gain":0,"player_choice":"Bought 1 Potion","damage_taken":0,"max_hp_gain":0,"max_hp_loss":0,"event_name":"The Woman in Blue","floor":13,"gold_loss":0}],"is_beta":false,"boss_relics":[{"not_picked":["Sozu","Black Star"],"picked":"Runic Pyramid"}],"items_purged_floors":[25],"is_endless":false,"potions_floor_spawned":[3,4,6,8,16,20,22],"killed_by":"Book of Stabbing","ascension_level":12}