{"gold_per_floor":[110,110,40,108,124,158,158,192,216,246,261,261,261,271,271,271],"floor_reached":16,"playtime":592,"items_purged":[],"score":207,"play_id":"9a022039-629d-44eb-bda4-d107b0d41e65","local_time":"20181205232016","is_ascension_mode":true,"campfire_choices":[{"floor":7,"key":"REST"},{"data":"Body Slam","floor":12,"key":"SMITH"},{"data":"Clothesline","floor":15,"key":"SMITH"}],"neow_cost":"NONE","seed_source_timestamp":48127023785545,"circlet_count":0,"master_deck":["AscendersBane","Strike_R","Strike_R","Strike_R","Strike_R","Defend_R","Defend_R","Defend_R","Defend_R","Bash","True Grit+1","Combust","Clothesline+1","Inflame","Body Slam+1","Bludgeon"],"relics":["Burning Blood","Bronze Scales","Matryoshka","Centennial Puzzle","Paper Frog","Strawberry","Happy Flower","Art of War"],"potions_floor_usage":[6,14],"damage_taken":[{"damage":3,"enemies":"Small Slimes","floor":1,"turns":4},{"damage":6,"enemies":"Cultist","floor":5,"turns":4},{"damage":48,"enemies":"Lagavulin","floor":6,"turns":6},{"damage":26,"enemies":"Gremlin Nob","floor":8,"turns":5},{"damage":25,"enemies":"3 Sentries","floor":10,"turns":7},{"damage":5,"enemies":"2 Louse","floor":11,"turns":2},{"damage":13,"enemies":"Gremlin Gang","floor":14,"turns":4},{"damage":28,"enemies":"The Guardian","floor":16,"turns":7}],"seed_played":"4840634552731758095","potions_obtained":[{"floor":1,"key":"BloodPotion"},{"floor":10,"key":"SteroidPotion"},{"floor":11,"key":"BloodPotion"}],"is_trial":false,"path_per_floor":["M","?","$","T","M","E","R","E","T","E","M","R","?","M","R","B"],"character_chosen":"IRONCLAD","items_purchased":["Combust"],"campfire_rested":1,"item_purchase_floors":[3],"current_hp_per_floor":[71,71,71,71,71,36,58,38,45,26,27,27,27,28,28,0],"gold":271,"neow_bonus":"RANDOM_COMMON_RELIC","is_prod":false,"is_daily":false,"chose_seed":false,"campfire_upgraded":2,"win_rate":0,"timestamp":1544070016,"path_taken":["M","?","$","?","M","E","R","E","T","E","M","R","?","M","R","BOSS"],"build_version":"2018-11-15","purchased_purges":0,"victory":false,"max_hp_per_floor":[75,75,75,75,75,75,75,75,82,82,82,82,82,82,82,82],"card_choices":[{"not_picked":["Entrench","Thunderclap"],"picked":"True Grit","floor":1},{"not_picked":["Flex","Second Wind"],"picked":"Clothesline","floor":5},{"not_picked":["Infernal Blade","Entrench","Twin Strike"],"picked":"SKIP","floor":6},{"not_picked":["Clothesline","Armaments"],"picked":"Inflame","floor":8},{"not_picked":["Fire Breathing","Heavy Blade"],"picked":"Body Slam","floor":10},{"not_picked":["Sword Boomerang","Reckless Charge"],"picked":"Bludgeon","floor":11},{"not_picked":["Warcry","Twin Strike","Clash"],"picked":"SKIP","floor":14}],"player_experience":960401,"relics_obtained":[{"floor":4,"key":"Matryoshka"},{"floor":6,"key":"Centennial Puzzle"},{"floor":8,"key":"Paper Frog"},{"floor":9,"key":"Strawberry"},{"floor":9,"key":"Happy Flower"},{"floor":10,"key":"Art of War"}],"event_choices":[{"damage_healed":0,"gold_gain":0,"player_choice":"Forge","damage_taken":0,"max_hp_gain":0,"max_hp_loss":0,"event_name":"Accursed Blacksmith","floor":2,"gold_loss":0,"cards_upgraded":["True Grit"]},{"cards_removed":["Strike_R"],"damage_healed":0,"gold_gain":0,"player_choice":"Offered Basic","damage_taken":0,"max_hp_gain":0,"max_hp_loss":0,"event_name":"Bonfire Elementals","floor":13,"gold_loss":0}],"is_beta":false,"boss_relics":[],"items_purged_floors":[],"is_endless":false,"potions_floor_spawned":[1,10,11],"killed_by":"The Guardian","ascension_level":15}