{"gold_per_floor":[110,128,128,57,105,105,139,102,127,140,129,129],"floor_reached":12,"playtime":377,"items_purged":[],"score":117,"play_id":"9b67fab0-af09-4943-858e-de3b1b354503","local_time":"20180705214123","is_ascension_mode":true,"campfire_choices":[{"data":"Bash","floor":6,"key":"SMITH"}],"neow_cost":"NONE","seed_source_timestamp":483778743828816,"circlet_count":0,"master_deck":["Strike_R","Strike_R","Strike_R","Strike_R","Strike_R","Defend_R","Defend_R","Defend_R","Defend_R","Bash+1","AscendersBane","Thunderclap","Dropkick","Ghostly Armor","Whirlwind","Spot Weakness","Headbutt"],"relics":["Burning Blood","Bag of Marbles","Golden Idol","Singing Bowl","Torii","Oddly Smooth Stone"],"potions_floor_usage":[11,12],"damage_taken":[{"damage":8,"enemies":"Small Slimes","floor":1,"turns":4},{"damage":0,"enemies":"2 Louse","floor":2,"turns":2},{"damage":51,"enemies":"Lagavulin","floor":7,"turns":7},{"damage":0,"enemies":"Jaw Worm","floor":10,"turns":5},{"damage":13,"enemies":"Exordium Thugs","floor":11,"turns":4},{"damage":11,"enemies":"Exordium Wildlife","floor":12,"turns":1}],"seed_played":"-6241996533835530071","potions_obtained":[{"floor":10,"key":"PowerPotion"},{"floor":11,"key":"Strength Potion"}],"is_trial":false,"path_per_floor":["M","M","?","$","T","R","E","?","T","M","M"],"character_chosen":"IRONCLAD","items_purchased":["Ghostly Armor"],"campfire_rested":0,"item_purchase_floors":[4],"current_hp_per_floor":[70,76,56,56,56,56,11,11,11,17,10,0],"gold":129,"neow_bonus":"RANDOM_COMMON_RELIC","is_prod":false,"is_daily":false,"chose_seed":false,"campfire_upgraded":1,"win_rate":0,"timestamp":1530841283,"path_taken":["M","M","?","?","?","R","E","?","T","M","M","M"],"build_version":"2018-06-28","purchased_purges":0,"victory":false,"max_hp_per_floor":[80,80,80,80,80,80,80,80,80,80,80,80],"card_choices":[{"not_picked":["Twin Strike","Warcry"],"picked":"Thunderclap","floor":1},{"not_picked":["Perfected Strike","Twin Strike"],"picked":"Dropkick","floor":2},{"not_picked":["Bloodletting","Rage"],"picked":"Whirlwind","floor":7},{"not_picked":["Searing Blow","Clothesline"],"picked":"Spot Weakness","floor":10},{"not_picked":["Havoc","Twin Strike"],"picked":"Headbutt","floor":11}],"player_experience":383269,"relics_obtained":[{"floor":5,"key":"Singing Bowl"},{"floor":7,"key":"Torii"},{"floor":9,"key":"Oddly Smooth Stone"}],"event_choices":[{"event_name":"Golden Idol","player_choice":"Take Damage","floor":3,"damage_taken":0},{"event_name":"World of Goop","player_choice":"Left","floor":8,"damage_taken":0}],"boss_relics":[],"items_purged_floors":[],"is_endless":false,"potions_floor_spawned":[10,11],"killed_by":"Exordium Wildlife","ascension_level":10}