{"gold_per_floor":[109,127,127,137,155,187,206,221,221,221],"floor_reached":10,"playtime":389,"items_purged":[],"score":108,"play_id":"c366ac8d-3693-438b-91b3-c4ebee44ed2c","local_time":"20190306134551","is_ascension_mode":true,"campfire_choices":[],"neow_cost":"NONE","seed_source_timestamp":117296602650086,"circlet_count":0,"master_deck":["AscendersBane","Defend_G","Defend_G","Defend_G","Defend_G","Defend_G","Strike_G","Strike_G","Strike_G","Strike_G","Survivor","Neutralize","Infinite Blades","Cloak And Dagger","Escape Plan","PiercingWail","Deflect","Bouncing Flask"],"relics":["Velvet Choker","Bag of Preparation","Girya"],"potions_floor_usage":[6,6,10,10],"damage_taken":[{"damage":1,"enemies":"Cultist","floor":1,"turns":4},{"damage":4,"enemies":"Small Slimes","floor":2,"turns":4},{"damage":0,"enemies":"Jaw Worm","floor":4,"turns":4},{"damage":12,"enemies":"3 Louse","floor":5,"turns":5},{"damage":27,"enemies":"Gremlin Nob","floor":6,"turns":5},{"damage":3,"enemies":"Looter","floor":7,"turns":5},{"damage":5,"enemies":"Exordium Wildlife","floor":8,"turns":4},{"damage":18,"enemies":"Lagavulin","floor":10,"turns":6}],"seed_played":"-5331527640737923236","potions_obtained":[{"floor":2,"key":"Poison Potion"},{"floor":4,"key":"Swift Potion"},{"floor":6,"key":"Explosive Potion"},{"floor":8,"key":"Weak Potion"}],"is_trial":false,"path_per_floor":["M","M","?","M","M","E","M","M","T","E"],"character_chosen":"THE_SILENT","items_purchased":[],"campfire_rested":0,"item_purchase_floors":[],"current_hp_per_floor":[62,58,58,58,46,19,16,11,11,0],"gold":221,"neow_bonus":"BOSS_RELIC","is_prod":false,"is_daily":false,"chose_seed":false,"campfire_upgraded":0,"win_rate":0,"timestamp":1551897951,"path_taken":["M","M","?","M","M","E","?","M","T","E"],"build_version":"2019-01-23","purchased_purges":0,"victory":false,"max_hp_per_floor":[70,70,70,70,70,70,70,70,70,70],"card_choices":[{"not_picked":["Prepared","Reflex"],"picked":"Infinite Blades","floor":1},{"not_picked":["Blade Dance","Predator"],"picked":"Cloak And Dagger","floor":2},{"not_picked":["Underhanded Strike","Distraction"],"picked":"Escape Plan","floor":4},{"not_picked":["Underhanded Strike","Cloak And Dagger"],"picked":"PiercingWail","floor":5},{"not_picked":["All Out Attack","Doppelganger"],"picked":"Deflect","floor":6},{"not_picked":["Deflect","Acrobatics"],"picked":"Bouncing Flask","floor":7},{"not_picked":["Masterful Stab","Setup","Sucker Punch"],"picked":"SKIP","floor":8}],"player_experience":419134,"relics_obtained":[{"floor":6,"key":"Bag of Preparation"},{"floor":9,"key":"Girya"}],"event_choices":[{"cards_removed":["Strike_G"],"damage_healed":0,"gold_gain":0,"player_choice":"Purged","damage_taken":0,"max_hp_gain":0,"max_hp_loss":0,"event_name":"Purifier","floor":3,"gold_loss":0}],"is_beta":false,"boss_relics":[],"items_purged_floors":[],"is_endless":false,"potions_floor_spawned":[2,4,6,8],"killed_by":"Lagavulin","ascension_level":10}