{"path_per_floor":["M","?","M","M","$","R","M","M","T","M","M","E","R","?","R","B",null,"M","M","?","M","$","R","E","R","T","M","$","M","R","$","R"],"character_chosen":"THE_SILENT","items_purchased":["Terror","Skewer","Thread and Needle"],"gold_per_floor":[116,116,128,139,36,36,47,63,63,75,95,122,122,185,185,281,281,266,286,286,304,10,10,44,44,44,64,64,83,83,8,8],"floor_reached":33,"campfire_rested":2,"playtime":1735,"current_hp_per_floor":[62,67,63,63,63,63,46,44,44,35,30,27,49,49,49,22,62,51,37,62,45,45,45,44,44,44,45,45,40,64,64,64],"items_purged":["Strike_G"],"gold":8,"score":417,"play_id":"b3fa5485-8051-40d0-9820-56176d1404f2","is_prod":false,"is_daily":false,"is_ascension_mode":true,"campfire_upgraded":5,"path_taken":["M","?","?","M","$","R","?","?","T","M","M","E","R","?","R","BOSS","M","M","?","M","$","R","E","R","T","?","$","M","R","?","R","BOSS"],"build_version":"2018-02-22-PROD2","purchased_purges":1,"victory":false,"master_deck":["Defend_G","Defend_G","Defend_G","Defend_G","Defend_G","Strike_G+1","Strike_G","Strike_G+1","Strike_G","Survivor","Neutralize","Parasite","After Image+1","Dodge and Roll","Footwork+1","Terror","Skewer+1","Acrobatics","Glass Knife+1","PiercingWail","Backflip","Burst","Eviscerate+1","Backflip"],"max_hp_per_floor":[70,75,75,75,75,75,75,75,75,75,75,75,75,75,75,75,75,75,75,75,75,75,75,77,77,77,79,79,81,81,81,81],"relics":["Ring of the Snake","Ancient Tea Set","Whetstone","Snecko Eye","Thread and Needle","Singing Bowl","Happy Flower"],"card_choices":[{"not_picked":["Deadly Poison","Backflip"],"picked":"After Image"},{"not_picked":["Catalyst","Deadly Poison"],"picked":"Dodge and Roll"},{"not_picked":["Quick Slash","Dagger Throw"],"picked":"Footwork"},{"not_picked":["Poisoned Stab","Deflect"],"picked":"Acrobatics"},{"not_picked":["Slice","Cloak And Dagger"],"picked":"Glass Knife"},{"not_picked":["Concentrate","Acrobatics"],"picked":"PiercingWail"},{"not_picked":["Outmaneuver","Endless Agony"],"picked":"Backflip"},{"not_picked":["Tactician","Wraith Form"],"picked":"Burst"},{"not_picked":["Poisoned Stab","Infinite Blades"],"picked":"Eviscerate"},{"not_picked":["Setup","Quick Slash"],"picked":"Backflip"}],"player_experience":266582,"potions_floor_usage":[10,12,16,16,24],"damage_taken":[{"damage":1,"enemies":"2 Louse","floor":1,"turns":4},{"damage":4,"enemies":"Jaw Worm","floor":3,"turns":7},{"damage":0,"enemies":"Cultist","floor":4,"turns":4},{"damage":17,"enemies":"Gremlin Gang","floor":7,"turns":8},{"damage":2,"enemies":"Red Slaver","floor":8,"turns":7},{"damage":9,"enemies":"Large Slime","floor":10,"turns":9},{"damage":5,"enemies":"2 Fungi Beasts","floor":11,"turns":6},{"damage":3,"enemies":"Lagavulin","floor":12,"turns":7},{"damage":27,"enemies":"Slime Boss","floor":16,"turns":16},{"damage":11,"enemies":"2 Thieves","floor":18,"turns":4},{"damage":14,"enemies":"Shell Parasite","floor":19,"turns":4},{"damage":17,"enemies":"Sentry and Sphere","floor":21,"turns":6},{"damage":3,"enemies":"Book of Stabbing","floor":24,"turns":5},{"damage":1,"enemies":"Centurion and Healer","floor":27,"turns":7},{"damage":7,"enemies":"Snake Plant","floor":29,"turns":5},{"damage":46,"enemies":"Collector","floor":33,"turns":7}],"event_choices":[{"event_name":"Big Fish","player_choice":"Donut","floor":2,"damage_taken":0},{"event_name":"Golden Wing","player_choice":"Gained Gold","floor":14,"damage_taken":0},{"event_name":"The Library","player_choice":"Heal","floor":20,"damage_taken":0}],"boss_relics":[{"not_picked":["Cursed Key","Philosopher\u0027s Stone"],"picked":"Snecko Eye"}],"potions_floor_spawned":[4,8,11,12,18,21,24],"seed_played":"4739929675697315252","killed_by":"Collector","ascension_level":11,"is_trial":false}