{"gold_per_floor":[16,34,52,69,69,69,97,110,110,121,132,132,151,162,162,239,239,253,271,284,284],"floor_reached":21,"playtime":914,"items_purged":[],"score":331,"play_id":"155608dc-286f-4d75-9ee3-2c87ba2c2e71","local_time":"20180818082504","is_ascension_mode":true,"campfire_choices":[{"data":"Searing Blow","floor":6,"key":"SMITH"},{"data":"Searing Blow+1","floor":12,"key":"SMITH"},{"data":"Searing Blow+2","floor":15,"key":"SMITH"}],"neow_cost":"NO_GOLD","seed_source_timestamp":770428259607,"circlet_count":0,"master_deck":["Bash","AscendersBane","Wild Strike","Iron Wave","Blood for Blood","Searing Blow+3","Cleave","Second Wind","Wild Strike","Armaments","Barricade","Shrug It Off","Thunderclap","Clash","Headbutt","Wild Strike","Combust","Sever Soul","Warcry","Thunderclap","True Grit","Corruption"],"relics":["Burning Blood","Turnip","Vajra","War Paint","Meat on the Bone","Pandora\u0027s Box"],"potions_floor_usage":[7,8,14,16,16],"damage_taken":[{"damage":6,"enemies":"Cultist","floor":1,"turns":4},{"damage":20,"enemies":"Small Slimes","floor":2,"turns":3},{"damage":6,"enemies":"Jaw Worm","floor":3,"turns":4},{"damage":1,"enemies":"2 Fungi Beasts","floor":4,"turns":4},{"damage":20,"enemies":"Gremlin Nob","floor":7,"turns":4},{"damage":7,"enemies":"Lots of Slimes","floor":8,"turns":3},{"damage":11,"enemies":"Looter","floor":10,"turns":2},{"damage":24,"enemies":"Exordium Wildlife","floor":11,"turns":5},{"damage":8,"enemies":"Blue Slaver","floor":13,"turns":3},{"damage":15,"enemies":"Gremlin Gang","floor":14,"turns":3},{"damage":30,"enemies":"Slime Boss","floor":16,"turns":11},{"damage":16,"enemies":"Chosen","floor":18,"turns":4},{"damage":38,"enemies":"3 Byrds","floor":19,"turns":5},{"damage":26,"enemies":"3 Cultists","floor":20,"turns":5},{"damage":45,"enemies":"Snecko","floor":21,"turns":4}],"seed_played":"8916113096006445681","potions_obtained":[{"floor":1,"key":"SpeedPotion"},{"floor":4,"key":"Energy Potion"},{"floor":8,"key":"FearPotion"},{"floor":13,"key":"Energy Potion"},{"floor":14,"key":"LiquidBronze"},{"floor":19,"key":"FearPotion"}],"is_trial":false,"path_per_floor":["M","M","M","M","?","R","E","M","T","M","M","R","M","M","R","B",null,"M","M","M"],"character_chosen":"IRONCLAD","items_purchased":[],"campfire_rested":0,"item_purchase_floors":[],"current_hp_per_floor":[68,54,54,59,41,41,27,26,26,33,27,27,37,40,40,28,63,53,33,25,0],"gold":284,"neow_bonus":"ONE_RARE_RELIC","is_prod":false,"is_daily":false,"chose_seed":false,"campfire_upgraded":3,"win_rate":0,"timestamp":1534595104,"path_taken":["M","M","?","M","?","R","E","M","T","M","?","R","M","M","R","BOSS","M","M","M","M"],"build_version":"2018-08-16","purchased_purges":0,"victory":false,"max_hp_per_floor":[75,75,75,75,75,75,75,75,75,75,75,75,75,75,75,75,75,75,75,75,75],"card_choices":[{"not_picked":["Dual Wield","Body Slam"],"picked":"Wild Strike","floor":1},{"not_picked":["Rampage","Perfected Strike"],"picked":"Iron Wave","floor":2},{"not_picked":["Thunderclap","Twin Strike"],"picked":"Blood for Blood","floor":3},{"not_picked":["Reaper","Clash"],"picked":"Searing Blow","floor":4},{"not_picked":["Double Tap","Pommel Strike"],"picked":"Cleave","floor":7},{"not_picked":["Thunderclap","Cleave"],"picked":"Second Wind","floor":8},{"not_picked":["Second Wind","Headbutt"],"picked":"Wild Strike","floor":10},{"not_picked":["Metallicize","Clothesline"],"picked":"Armaments","floor":11},{"not_picked":["Shockwave","Heavy Blade","Havoc"],"picked":"SKIP","floor":13},{"not_picked":["Body Slam","Heavy Blade","Clothesline"],"picked":"SKIP","floor":14},{"not_picked":["Immolate","Juggernaut"],"picked":"Barricade","floor":16},{"not_picked":["Flex","Warcry"],"picked":"True Grit","floor":18},{"not_picked":["Headbutt","Reckless Charge+1"],"picked":"Corruption","floor":19},{"not_picked":["Thunderclap","True Grit","Bloodletting"],"picked":"SKIP","floor":20}],"player_experience":590271,"relics_obtained":[{"floor":7,"key":"War Paint"},{"floor":9,"key":"Meat on the Bone"}],"event_choices":[{"event_name":"Scrap Ooze","player_choice":"success","floor":5,"damage_taken":18}],"is_beta":false,"boss_relics":[{"not_picked":["Ectoplasm","Tiny House"],"picked":"Pandora\u0027s Box"}],"items_purged_floors":[],"is_endless":false,"potions_floor_spawned":[1,4,8,13,14,19],"killed_by":"Snecko","ascension_level":15}