{"gold_per_floor":[117,134,150,170,109,109,137,137,137,156,183,183,199,231,231,308,308,318,334,345,345,445,445,360,360,387,387,405,418,431,17,17,91,91,106,106,106,124,134,134,66,66,66,78,78,78,91,171,171,171],"floor_reached":51,"playtime":2423,"items_purged":["Strike_G"],"score":1221,"play_id":"4433e438-77f1-40c2-b7ed-c64c024b0c56","local_time":"20180828014936","is_ascension_mode":true,"campfire_choices":[{"data":"Neutralize","floor":6.0,"key":"SMITH"},{"floor":8.0,"key":"REST"},{"floor":12.0,"key":"REST"},{"data":"Noxious Fumes","floor":15.0,"key":"SMITH"},{"floor":23.0,"key":"REST"},{"data":"Adrenaline","floor":25.0,"key":"SMITH"},{"floor":27.0,"key":"DIG"},{"floor":32.0,"key":"REST"},{"data":"Bullet Time","floor":40.0,"key":"SMITH"},{"data":"Terror","floor":42.0,"key":"SMITH"},{"data":"Cloak And Dagger","floor":46,"key":"SMITH"},{"floor":49,"key":"REST"}],"neow_cost":"NONE","seed_source_timestamp":271501093135611,"circlet_count":0,"master_deck":["Defend_G","Defend_G","Defend_G","Defend_G","Strike_G","Strike_G","Strike_G","Strike_G","Survivor","Neutralize+1","AscendersBane","Noxious Fumes+1","Slice","Finisher","Glass Knife","Poisoned Stab+1","Bane+1","Backstab+1","Bullet Time+1","Dagger Spray+1","PiercingWail","Sucker Punch+1","Adrenaline+1","Footwork","PiercingWail","Panache","After Image","Jack Of All Trades","Discovery","Blade Dance+1","Terror+1","Cloak And Dagger+1","Madness","Madness"],"special_seed":0,"relics":["Ring of the Serpent","Bronze Scales","Blue Candle","Molten Egg 2","Ornamental Fan","Boot","Runic Pyramid","Shovel","Shuriken","Mercury Hourglass","Centennial Puzzle","Regal Pillow","Lantern","Gambling Chip","The Courier"],"potions_floor_usage":[50,50],"damage_taken":[{"damage":2.0,"enemies":"Small Slimes","floor":1.0,"turns":5.0},{"damage":2.0,"enemies":"Jaw Worm","floor":2.0,"turns":5.0},{"damage":5.0,"enemies":"Cultist","floor":3.0,"turns":4.0},{"damage":1.0,"enemies":"Looter","floor":4.0,"turns":3.0},{"damage":39.0,"enemies":"Lagavulin","floor":7.0,"turns":7.0},{"damage":3.0,"enemies":"Blue Slaver","floor":10.0,"turns":3.0},{"damage":15.0,"enemies":"3 Sentries","floor":11.0,"turns":6.0},{"damage":0.0,"enemies":"3 Louse","floor":13.0,"turns":3.0},{"damage":2.0,"enemies":"Gremlin Nob","floor":14.0,"turns":3.0},{"damage":0.0,"enemies":"Hexaghost","floor":16.0,"turns":7.0},{"damage":2.0,"enemies":"3 Byrds","floor":18.0,"turns":3.0},{"damage":0.0,"enemies":"Chosen","floor":19.0,"turns":4.0},{"damage":3.0,"enemies":"Snecko","floor":20.0,"turns":4.0},{"damage":0.0,"enemies":"Colosseum Slavers","floor":22.0,"turns":5.0},{"damage":25.0,"enemies":"Colosseum Nobs","floor":22.0,"turns":5.0},{"damage":0.0,"enemies":"Snake Plant","floor":28.0,"turns":3.0},{"damage":0.0,"enemies":"3 Cultists","floor":29.0,"turns":3.0},{"damage":0.0,"enemies":"Centurion and Healer","floor":30.0,"turns":4.0},{"damage":14.0,"enemies":"Collector","floor":33.0,"turns":8.0},{"damage":2.0,"enemies":"3 Darklings","floor":35.0,"turns":6.0},{"damage":0.0,"enemies":"Flame Bruiser 1 Orb","floor":38.0,"turns":6.0},{"damage":5.0,"enemies":"3 Darklings","floor":39.0,"turns":3.0},{"damage":1,"enemies":"Transient","floor":44,"turns":5},{"damage":0,"enemies":"4 Shapes","floor":47,"turns":4},{"damage":61,"enemies":"Time Eater","floor":50,"turns":8}],"seed_played":"-4838230575295575850","potions_obtained":[{"floor":1.0,"key":"Energy Potion"},{"floor":10.0,"key":"AttackPotion"},{"floor":11.0,"key":"SpeedPotion"},{"floor":14.0,"key":"Block Potion"},{"floor":16.0,"key":"Block Potion"},{"floor":22.0,"key":"Weak Potion"},{"floor":29.0,"key":"Swift Potion"},{"floor":33.0,"key":"GhostInAJar"},{"floor":35.0,"key":"Explosive Potion"},{"floor":39.0,"key":"Strength Potion"}],"is_trial":false,"path_per_floor":["M","M","M","M","?","R","E","R","T","M","E","R","M","E","R","B",null,"M","M","M","?","?","R","?","R","T","R","M","M","M","$","R","B",null,"M","?","?","M","M","R","$","R","T","M","?","R","M","T","R","B"],"character_chosen":"THE_SILENT","items_purchased":["Lantern","Panache","Terror"],"campfire_rested":5,"item_purchase_floors":[31,31,41],"current_hp_per_floor":[57,55,50,49,49,49,10,29,29,26,11,30,30,28,28,28,57,55,55,52,34,9,30,30,30,30,30,30,30,30,30,66,52,66,64,54,54,54,49,49,49,49,49,48,35,35,35,35,71,10],"gold":171,"neow_bonus":"RANDOM_COMMON_RELIC","is_prod":false,"is_daily":false,"chose_seed":false,"campfire_upgraded":6,"win_rate":0,"timestamp":1535435376,"path_taken":["M","M","M","M","?","R","E","R","T","M","E","R","M","E","R","BOSS","M","M","M","?","?","R","?","R","T","R","M","?","M","$","R","BOSS","M","?","?","M","M","R","$","R","T","M","?","R","?","?","R","BOSS"],"build_version":"2018-08-23v2","purchased_purges":1,"victory":true,"max_hp_per_floor":[66,66,66,66,66,66,66,66,66,66,66,66,66,66,66,66,66,66,66,66,71,71,71,71,71,71,71,71,71,71,71,71,71,71,71,71,71,71,71,71,71,71,71,71,71,71,71,71,71,71],"card_choices":[{"not_picked":["Eviscerate","Acrobatics"],"picked":"Noxious Fumes","floor":1.0},{"not_picked":["Noxious Fumes","Backflip"],"picked":"Slice","floor":2.0},{"not_picked":["Distraction","Quick Slash"],"picked":"Finisher","floor":3.0},{"not_picked":["Deflect","Distraction","Reflex"],"picked":"SKIP","floor":4.0},{"not_picked":["Terror","Sucker Punch"],"picked":"Glass Knife","floor":7.0},{"not_picked":["Setup","Deadly Poison"],"picked":"Poisoned Stab+1","floor":10.0},{"not_picked":["Heel Hook+1","Flechettes+1"],"picked":"Bane+1","floor":11.0},{"not_picked":["PiercingWail","Poisoned Stab+1"],"picked":"Backstab+1","floor":13.0},{"not_picked":["Heel Hook+1","PiercingWail","Skewer+1"],"picked":"SKIP","floor":14.0},{"not_picked":["Venomology","Envenom"],"picked":"Bullet Time","floor":16.0},{"not_picked":["Eviscerate+1","Flying Knee+1"],"picked":"Dagger Spray+1","floor":18.0},{"not_picked":["Backflip","Deflect"],"picked":"PiercingWail","floor":19.0},{"not_picked":["Dagger Spray+1","Heel Hook+1"],"picked":"Sucker Punch+1","floor":20.0},{"not_picked":["Dodge and Roll","Poisoned Stab+1"],"picked":"Adrenaline","floor":22.0},{"not_picked":["Bouncing Flask","Expertise"],"picked":"Footwork","floor":28.0},{"not_picked":["Slice+1","Tactician","Outmaneuver"],"picked":"SKIP","floor":29.0},{"not_picked":["Distraction","Outmaneuver"],"picked":"PiercingWail","floor":30.0},{"not_picked":["Bullet Time","Grand Finale+1"],"picked":"After Image","floor":33.0},{"not_picked":["Dagger Spray+1","Eviscerate+1","Dagger Throw+1"],"picked":"SKIP","floor":35.0},{"not_picked":["Panacea","Dark Shackles"],"picked":"Jack Of All Trades","floor":36.0},{"not_picked":["Impatience","Dramatic Entrance+1"],"picked":"Discovery","floor":36.0},{"not_picked":["Finisher+1","Dagger Throw+1"],"picked":"Blade Dance+1","floor":38.0},{"not_picked":["Riddle With Holes+1","Distraction","Cloak And Dagger"],"picked":"SKIP","floor":39.0},{"not_picked":["Underhanded Strike+1","Caltrops"],"picked":"Cloak And Dagger","floor":44},{"not_picked":["Backflip","Endless Agony+1","Underhanded Strike+1"],"picked":"SKIP","floor":47}],"player_experience":621624,"relics_obtained":[{"floor":7.0,"key":"Blue Candle"},{"floor":9.0,"key":"Molten Egg 2"},{"floor":11.0,"key":"Ornamental Fan"},{"floor":14.0,"key":"Boot"},{"floor":22.0,"key":"Shovel"},{"floor":22.0,"key":"Shuriken"},{"floor":26.0,"key":"Centennial Puzzle"},{"floor":27.0,"key":"Regal Pillow"},{"floor":43.0,"key":"Gambling Chip"},{"floor":48,"key":"The Courier"}],"event_choices":[{"event_name":"World of Goop","player_choice":"Left","floor":5.0,"damage_taken":0.0},{"event_name":"Forgotten Altar","player_choice":"Shed Blood","floor":21.0,"damage_taken":0.0},{"event_name":"Colosseum","player_choice":"Fight","floor":22.0,"damage_taken":0.0},{"event_name":"Colosseum","player_choice":"Fought Nobs","floor":22.0,"damage_taken":0.0},{"event_name":"Addict","player_choice":"Obtained Relic","floor":24.0,"damage_taken":0.0},{"event_name":"SensoryStone","player_choice":"Memory 3","floor":36.0,"damage_taken":0.0},{"event_name":"Falling","player_choice":"Removed Skill","floor":37.0,"damage_taken":0.0},{"event_name":"Winding Halls","player_choice":"Embrace Madness","floor":45,"damage_taken":0}],"is_beta":false,"boss_relics":[{"not_picked":["Eternal Feather","Velvet Choker"],"picked":"Runic Pyramid"},{"not_picked":["WristBlade","Pandora\u0027s Box"],"picked":"Ring of the Serpent"}],"items_purged_floors":[31],"is_endless":false,"potions_floor_spawned":[1,10,11,14,16,22,22,29,30,33,35,39],"ascension_level":15}