{"gold_per_floor":[111,111,135,159,159,159,199,199,222,246,321,286,299,337,337,337],"floor_reached":16,"playtime":508,"items_purged":[],"score":193,"play_id":"a0e74bd6-2887-42a7-8837-8a8c5f020748","local_time":"20181117211256","is_ascension_mode":true,"campfire_choices":[{"data":"Blood for Blood","floor":6,"key":"SMITH"},{"data":"Rampage","floor":8,"key":"SMITH"},{"data":"Flame Barrier","floor":15,"key":"SMITH"}],"neow_cost":"NONE","seed_source_timestamp":273108921001536,"circlet_count":0,"master_deck":["AscendersBane","Strike_R","Strike_R+1","Strike_R+1","Strike_R","Strike_R","Defend_R","Defend_R","Defend_R","Defend_R","Bash","Rampage+1","Blood for Blood+1","Corruption+1","Ghostly Armor","Iron Wave","Flame Barrier+1"],"relics":["Burning Blood","Golden Idol","Whetstone","Art of War","Darkstone Periapt"],"potions_floor_usage":[1,7,7,14,14],"damage_taken":[{"damage":5,"enemies":"2 Louse","floor":1,"turns":3},{"damage":8,"enemies":"Small Slimes","floor":3,"turns":5},{"damage":1,"enemies":"Cultist","floor":4,"turns":4},{"damage":20,"enemies":"3 Sentries","floor":7,"turns":7},{"damage":6,"enemies":"Looter","floor":10,"turns":3},{"damage":6,"enemies":"2 Fungi Beasts","floor":13,"turns":4},{"damage":8,"enemies":"Gremlin Nob","floor":14,"turns":3},{"damage":42,"enemies":"Hexaghost","floor":16,"turns":11}],"seed_played":"7158247805984694993","potions_obtained":[{"floor":0,"key":"Energy Potion"},{"floor":0,"key":"Fruit Juice"},{"floor":1,"key":"SteroidPotion"},{"floor":10,"key":"Poison Potion"},{"floor":13,"key":"Swift Potion"},{"floor":14,"key":"Block Potion"}],"is_trial":false,"path_per_floor":["M","?","M","M","?","R","E","R","T","M","?","?","M","E","R","B"],"character_chosen":"IRONCLAD","items_purchased":[],"campfire_rested":0,"item_purchase_floors":[],"current_hp_per_floor":[74,46,44,49,49,49,35,35,35,35,24,44,44,42,42,0],"gold":337,"neow_bonus":"THREE_SMALL_POTIONS","is_prod":false,"is_daily":false,"chose_seed":false,"campfire_upgraded":3,"win_rate":0,"timestamp":1542507176,"path_taken":["M","?","M","M","?","R","E","R","T","M","?","?","M","E","R","BOSS"],"build_version":"2018-11-15","purchased_purges":0,"victory":false,"max_hp_per_floor":[80,80,80,80,80,80,80,80,80,80,80,80,80,80,80,80],"card_choices":[{"not_picked":["Havoc","Shockwave"],"picked":"Rampage","floor":1},{"not_picked":["Rampage","Seeing Red"],"picked":"Blood for Blood","floor":3},{"not_picked":["Pommel Strike","Body Slam"],"picked":"Corruption","floor":4},{"not_picked":["Exhume","Anger"],"picked":"Ghostly Armor","floor":7},{"not_picked":["Power Through","Flex"],"picked":"Iron Wave","floor":10},{"not_picked":["Armaments","Clash","Warcry"],"picked":"SKIP","floor":13},{"not_picked":["Barricade","Sword Boomerang"],"picked":"Flame Barrier","floor":14}],"player_experience":909824,"relics_obtained":[{"floor":7,"key":"Whetstone"},{"floor":9,"key":"Art of War"},{"floor":14,"key":"Darkstone Periapt"}],"event_choices":[{"damage_healed":0,"gold_gain":0,"player_choice":"Take Damage","damage_taken":28,"relics_obtained":["Golden Idol"],"max_hp_gain":0,"max_hp_loss":0,"event_name":"Golden Idol","floor":2,"gold_loss":0},{"damage_healed":0,"gold_gain":0,"player_choice":"Grow","damage_taken":0,"max_hp_gain":0,"max_hp_loss":0,"event_name":"Living Wall","floor":5,"gold_loss":0,"cards_upgraded":["Corruption"]},{"damage_healed":0,"gold_gain":75,"player_choice":"Gather Gold","damage_taken":11,"max_hp_gain":0,"max_hp_loss":0,"event_name":"World of Goop","floor":11,"gold_loss":0},{"damage_healed":20,"gold_gain":0,"player_choice":"Healed","damage_taken":0,"max_hp_gain":0,"max_hp_loss":0,"event_name":"The Cleric","floor":12,"gold_loss":35}],"is_beta":false,"boss_relics":[],"items_purged_floors":[],"is_endless":false,"potions_floor_spawned":[1,4,10,13,14],"killed_by":"Hexaghost","ascension_level":15}