{"gold_per_floor":[114,124,135,17,17,17,29,59,59,59,59],"floor_reached":11,"playtime":347,"items_purged":[],"score":146,"play_id":"fa53d206-a123-4d78-8688-72ca25d6bcf2","local_time":"20181026002444","is_ascension_mode":true,"campfire_choices":[{"data":"Cloak And Dagger","floor":6.0,"key":"SMITH"}],"neow_cost":"PERCENT_DAMAGE","seed_source_timestamp":1397342893976527,"circlet_count":0,"master_deck":["Defend_G","Defend_G","Defend_G","Defend_G","Defend_G","Strike_G","Strike_G","Strike_G","Strike_G+1","Strike_G+1","Survivor","Neutralize","AscendersBane","After Image","All Out Attack","Cloak And Dagger+1","Cloak And Dagger","Noxious Fumes","Outmaneuver","Sucker Punch","Quick Slash"],"special_seed":0,"relics":["Ring of the Snake","Whetstone","Bottled Tornado","Golden Idol"],"potions_floor_usage":[8,8],"damage_taken":[{"damage":1.0,"enemies":"Jaw Worm","floor":1.0,"turns":6.0},{"damage":2.0,"enemies":"2 Louse","floor":2.0,"turns":4.0},{"damage":2.0,"enemies":"Small Slimes","floor":3.0,"turns":3.0},{"damage":1.0,"enemies":"2 Fungi Beasts","floor":7.0,"turns":3.0},{"damage":33,"enemies":"Gremlin Nob","floor":8,"turns":5},{"damage":5,"enemies":"Lagavulin","floor":11,"turns":3}],"seed_played":"-1412096215928153671","potions_obtained":[{"floor":1.0,"key":"SpeedPotion"},{"floor":2.0,"key":"FearPotion"}],"is_trial":false,"path_per_floor":["M","M","M","$","?","R","M","E","T","?"],"character_chosen":"THE_SILENT","items_purchased":["Noxious Fumes","Outmaneuver"],"campfire_rested":0,"item_purchase_floors":[4,4],"current_hp_per_floor":[43,41,39,39,39,39,38,5,5,5,0],"gold":59,"neow_bonus":"THREE_RARE_CARDS","is_prod":false,"is_daily":false,"chose_seed":false,"campfire_upgraded":1,"win_rate":0,"timestamp":1540527884,"path_taken":["M","M","M","$","?","R","M","E","T","?","E"],"build_version":"2018-10-25","purchased_purges":0,"victory":false,"max_hp_per_floor":[66,66,66,66,66,66,66,66,66,60,60],"card_choices":[{"not_picked":["Phantasmal Killer","Wraith Form v2"],"picked":"After Image","floor":0.0},{"not_picked":["Finisher","PiercingWail"],"picked":"All Out Attack","floor":1.0},{"not_picked":["Accuracy","PiercingWail"],"picked":"Cloak And Dagger","floor":2.0},{"not_picked":["Dagger Spray","PiercingWail"],"picked":"Cloak And Dagger","floor":3.0},{"not_picked":["Eviscerate","Dagger Throw"],"picked":"Sucker Punch","floor":7.0},{"not_picked":["Reflex","Flying Knee"],"picked":"Quick Slash","floor":8}],"player_experience":825804,"relics_obtained":[{"floor":8,"key":"Whetstone"},{"floor":9,"key":"Bottled Tornado"}],"event_choices":[{"damage_healed":0.0,"max_hp_gain":0.0,"max_hp_loss":0.0,"gold_gain":0.0,"event_name":"The Cleric","player_choice":"Leave","floor":5.0,"gold_loss":0.0,"damage_taken":0.0},{"damage_healed":0,"gold_gain":0,"player_choice":"Lose Max HP","damage_taken":0,"relics_obtained":["Golden Idol"],"max_hp_gain":0,"max_hp_loss":6,"event_name":"Golden Idol","floor":10,"gold_loss":0}],"is_beta":false,"boss_relics":[],"items_purged_floors":[],"is_endless":false,"potions_floor_spawned":[1,2],"killed_by":"Lagavulin","ascension_level":20}