{"gold_per_floor":[114,114,39,121,15,40,53,87,87,87,98,73,86,97,97,170,170,180,180,196,225,240,240,240,257,257,257,257,269,269,156,156,230,230,247,247,247,197,209,51,69,88,88,88,88,103,103,138,138,138],"floor_reached":51,"playtime":2125,"items_purged":["Strike_B"],"score":1354,"play_id":"3136f519-e57a-4fc0-96cd-17609c0c09fb","local_time":"20190318214617","is_ascension_mode":true,"campfire_choices":[{"floor":15.0,"key":"REST"},{"floor":23.0,"key":"REST"},{"floor":28.0,"key":"REST"},{"data":"Buffer","floor":30.0,"key":"SMITH"},{"data":"Defragment","floor":32.0,"key":"SMITH"},{"data":"Creative AI","floor":45.0,"key":"SMITH"},{"floor":49,"key":"REST"}],"neow_cost":"TEN_PERCENT_HP_LOSS","seed_source_timestamp":0,"circlet_count":0,"master_deck":["AscendersBane","Zap+1","Dualcast","Hyperbeam","Chill","Barrage","Defragment+1","Leap","Go for the Eyes","Storm","Cold Snap+1","Static Discharge","Beam Cell+1","Coolheaded","Seek","Electrodynamics","Chill","Biased Cognition","Doom and Gloom","Seek","Leap","Heatsinks","Buffer+1","Stack+1","Steam","Loop+1","Turbo","Creative AI+1","Glacier+1","Mayhem","Conserve Battery","Defragment","Parasite","Blizzard+1","All For One"],"special_seed":0,"relics":["Cracked Core","Mercury Hourglass","Strawberry","PreservedInsect","Pandora\u0027s Box","Red Mask","Whetstone","White Beast Statue","DataDisk","Shuriken","Juzu Bracelet"],"potions_floor_usage":[50,50],"damage_taken":[{"damage":9.0,"enemies":"Jaw Worm","floor":1.0,"turns":3.0},{"damage":22.0,"enemies":"Lagavulin","floor":6.0,"turns":8.0},{"damage":0.0,"enemies":"Cultist","floor":7.0,"turns":3.0},{"damage":35.0,"enemies":"Gremlin Nob","floor":8.0,"turns":4.0},{"damage":0.0,"enemies":"Small Slimes","floor":11.0,"turns":3.0},{"damage":1.0,"enemies":"Gremlin Gang","floor":13.0,"turns":3.0},{"damage":3.0,"enemies":"3 Louse","floor":14.0,"turns":2.0},{"damage":9.0,"enemies":"The Guardian","floor":16.0,"turns":13.0},{"damage":0.0,"enemies":"Spheric Guardian","floor":18.0,"turns":1.0},{"damage":22.0,"enemies":"2 Thieves","floor":20.0,"turns":2.0},{"damage":14.0,"enemies":"Masked Bandits","floor":21.0,"turns":3.0},{"damage":17.0,"enemies":"Shelled Parasite and Fungi","floor":22.0,"turns":5.0},{"damage":14.0,"enemies":"Centurion and Healer","floor":25.0,"turns":5.0},{"damage":0.0,"enemies":"Cultist and Chosen","floor":29.0,"turns":4.0},{"damage":22.0,"enemies":"Collector","floor":33.0,"turns":8.0},{"damage":4.0,"enemies":"Orb Walker","floor":35.0,"turns":4.0},{"damage":13.0,"enemies":"3 Darklings","floor":39.0,"turns":4.0},{"damage":15.0,"enemies":"4 Shapes","floor":41.0,"turns":4.0},{"damage":9.0,"enemies":"Jaw Worm Horde","floor":42.0,"turns":3.0},{"damage":20.0,"enemies":"Writhing Mass","floor":46.0,"turns":6.0},{"damage":0,"enemies":"Nemesis","floor":48,"turns":5},{"damage":48,"enemies":"Time Eater","floor":50,"turns":8}],"seed_played":"3995973460598617907","potions_obtained":[{"floor":1.0,"key":"Fruit Juice"},{"floor":7.0,"key":"Fruit Juice"},{"floor":8.0,"key":"SteroidPotion"},{"floor":18.0,"key":"FocusPotion"},{"floor":25.0,"key":"Weak Potion"},{"floor":35.0,"key":"Poison Potion"},{"floor":46,"key":"GamblersBrew"}],"is_trial":false,"path_per_floor":["M","?","$","T","$","E","M","E","T","?","M","$","M","M","R","B",null,"M","?","M","?","M","R","?","M","T","?","R","M","R","$","R","B",null,"M","?","?","?","M","$","M","M","T","?","R","M","?","E","R","B",null],"character_chosen":"DEFECT","items_purchased":["Defragment","Leap","Beam Cell","Loop","Turbo","DataDisk"],"campfire_rested":4,"item_purchase_floors":[5,5,12,31,31,40],"current_hp_per_floor":[55,55,55,55,55,45,45,10,10,10,10,10,9,6,28,24,67,67,67,45,31,14,38,38,24,24,24,48,48,48,48,48,26,67,63,63,63,63,50,50,35,26,26,66,66,46,46,46,65,17],"gold":138,"neow_bonus":"THREE_RARE_CARDS","is_prod":false,"is_daily":false,"chose_seed":false,"campfire_upgraded":3,"win_rate":0,"timestamp":1552959977,"path_taken":["M","?","?","?","$","E","M","E","T","?","?","$","M","M","R","BOSS","M","?","?","?","M","R","?","M","T","?","R","M","R","$","R","BOSS","M","?","?","?","?","$","M","M","T","?","R","M","?","E","R","BOSS"],"build_version":"2019-01-23","purchased_purges":1,"victory":true,"max_hp_per_floor":[64,64,64,64,64,76,76,76,76,76,76,76,76,76,76,81,81,81,81,81,81,81,81,81,81,81,81,81,81,81,81,81,81,81,81,81,81,81,81,81,81,81,81,66,66,66,66,66,66,66],"card_choices":[{"not_picked":["Echo Form","Amplify"],"picked":"Hyperbeam","floor":0.0},{"not_picked":["Conserve Battery","Streamline"],"picked":"Chill","floor":1.0},{"not_picked":["Static Discharge","Barrage"],"picked":"Go for the Eyes","floor":6.0},{"not_picked":["Hologram","Stack"],"picked":"Storm","floor":7.0},{"not_picked":["Loop","Compile Driver"],"picked":"Cold Snap","floor":8.0},{"not_picked":["Fusion","Double Energy"],"picked":"Static Discharge","floor":11.0},{"not_picked":["Fusion","Turbo"],"picked":"Coolheaded","floor":13.0},{"not_picked":["Hello World","Cold Snap"],"picked":"Seek","floor":14.0},{"not_picked":["Echo Form","Thunder Strike"],"picked":"Electrodynamics","floor":16.0},{"not_picked":["Rip and Tear+1","Streamline"],"picked":"Leap","floor":18.0},{"not_picked":["Coolheaded","Ball Lightning"],"picked":"Heatsinks","floor":20.0},{"not_picked":["Sunder","Go for the Eyes"],"picked":"Buffer","floor":21.0},{"not_picked":["Skim","Lockon+1","Streamline"],"picked":"SKIP","floor":22.0},{"not_picked":["Leap","Machine Learning"],"picked":"Stack+1","floor":25.0},{"not_picked":["White Noise","Skim"],"picked":"Steam","floor":29.0},{"not_picked":["Thunder Strike","Echo Form"],"picked":"Creative AI","floor":33.0},{"not_picked":["Aggregate+1","Melter+1"],"picked":"Glacier","floor":35.0},{"not_picked":["Transmutation","Purity"],"picked":"Mayhem","floor":37.0},{"not_picked":["Turbo","Blizzard"],"picked":"Conserve Battery","floor":39.0},{"not_picked":["Rebound+1","Stack","Aggregate"],"picked":"SKIP","floor":41.0},{"not_picked":["Sunder","Leap"],"picked":"Defragment","floor":42.0},{"not_picked":["Streamline","Rebound"],"picked":"Blizzard+1","floor":46},{"not_picked":["Hello World","Rebound"],"picked":"All For One","floor":48}],"player_experience":454647,"relics_obtained":[{"floor":4.0,"key":"Mercury Hourglass"},{"floor":6.0,"key":"Strawberry"},{"floor":8.0,"key":"PreservedInsect"},{"floor":21.0,"key":"Red Mask"},{"floor":26.0,"key":"Whetstone"},{"floor":43.0,"key":"Shuriken"},{"floor":48,"key":"Juzu Bracelet"}],"event_choices":[{"damage_healed":0.0,"max_hp_gain":0.0,"max_hp_loss":0.0,"gold_gain":0.0,"event_name":"Match and Keep!","player_choice":"1 cards matched","floor":2.0,"gold_loss":0.0,"damage_taken":0.0,"cards_obtained":["Barrage"]},{"damage_healed":0.0,"max_hp_gain":0.0,"max_hp_loss":0.0,"gold_gain":0.0,"event_name":"Match and Keep!","player_choice":"1 cards matched","floor":2.0,"gold_loss":0.0,"damage_taken":0.0,"cards_obtained":["Barrage"]},{"damage_healed":0.0,"max_hp_gain":0.0,"max_hp_loss":0.0,"gold_gain":0.0,"event_name":"Upgrade Shrine","player_choice":"Upgraded","floor":10.0,"gold_loss":0.0,"damage_taken":0.0,"cards_upgraded":["Zap"]},{"cards_removed":["Melter"],"damage_healed":0.0,"max_hp_gain":0.0,"max_hp_loss":0.0,"gold_gain":0.0,"event_name":"Purifier","player_choice":"Purged","floor":19.0,"gold_loss":0.0,"damage_taken":0.0},{"damage_healed":0.0,"max_hp_gain":0.0,"max_hp_loss":0.0,"gold_gain":0.0,"event_name":"Masked Bandits","player_choice":"Fought Bandits","floor":21.0,"gold_loss":0.0,"damage_taken":0.0},{"cards_removed":["Gash"],"damage_healed":0.0,"max_hp_gain":0.0,"max_hp_loss":0.0,"gold_gain":0.0,"event_name":"Back to Basics","player_choice":"Elegance","floor":24.0,"gold_loss":0.0,"damage_taken":0.0},{"damage_healed":0.0,"max_hp_gain":0.0,"max_hp_loss":0.0,"gold_gain":0.0,"event_name":"Beggar","player_choice":"Ignored","floor":27.0,"gold_loss":0.0,"damage_taken":0.0},{"cards_removed":["Barrage"],"damage_healed":0.0,"max_hp_gain":0.0,"max_hp_loss":0.0,"gold_gain":0.0,"event_name":"Falling","player_choice":"Removed Attack","floor":36.0,"gold_loss":0.0,"damage_taken":0.0},{"damage_healed":0.0,"max_hp_gain":0.0,"max_hp_loss":0.0,"gold_gain":0.0,"event_name":"SensoryStone","player_choice":"Memory 1","floor":37.0,"gold_loss":0.0,"damage_taken":0.0},{"damage_healed":0.0,"max_hp_gain":0.0,"max_hp_loss":0.0,"gold_gain":0.0,"event_name":"Designer","player_choice":"Upgraded Two","floor":38.0,"gold_loss":50.0,"damage_taken":0.0,"cards_upgraded":["Loop","Glacier"]},{"damage_healed":66.0,"max_hp_gain":0.0,"max_hp_loss":15.0,"gold_gain":0.0,"event_name":"The Moai Head","player_choice":"Heal","floor":44.0,"gold_loss":0.0,"damage_taken":0.0},{"damage_healed":0,"gold_gain":0,"player_choice":"Ignored","damage_taken":0,"max_hp_gain":0,"max_hp_loss":0,"event_name":"Mysterious Sphere","floor":47,"gold_loss":0}],"is_beta":false,"boss_relics":[{"not_picked":["Philosopher\u0027s Stone","Calling Bell"],"picked":"Pandora\u0027s Box"},{"not_picked":["Runic Dome","Coffee Dripper"],"picked":"White Beast Statue"}],"items_purged_floors":[3],"is_endless":false,"potions_floor_spawned":[1,7,8,18,25,29,35,39,41,42,46,48],"ascension_level":18}