{"path_per_floor":["M","?","M","?","M","E","?","$","T","M","E","M","$","E","R","B",null,"M","M","?","?","?","R","M","M","T","M"],"character_chosen":"THE_SILENT","items_purchased":["Lee\u0027s Waffle"],"gold_per_floor":[142,142,158,158,171,197,257,67,92,102,136,153,153,187,187,291,291,291,231,231,146,146,146,146,146,146,146],"floor_reached":28,"campfire_rested":1,"playtime":2488,"current_hp_per_floor":[75,75,66,66,53,37,35,82,82,82,73,71,71,82,82,46,82,79,62,62,62,46,87,70,22,22,4],"items_purged":[],"gold":146,"score":265,"play_id":"c6a3ddca-265d-4854-b450-99561cc51e4a","is_prod":false,"is_daily":false,"is_ascension_mode":false,"campfire_upgraded":1,"path_taken":["M","?","M","?","?","E","?","$","T","?","E","?","$","E","R","BOSS","M","M","?","?","?","R","?","M","T","?","M"],"build_version":"2018-02-22-PROD1","purchased_purges":0,"victory":false,"master_deck":["Defend_G","Defend_G","Defend_G","Defend_G+1","Defend_G","Strike_G","Strike_G","Strike_G","Strike_G","Strike_G","Survivor","Neutralize","All Out Attack+1","Footwork","Cloak And Dagger","Quick Slash","Die Die Die","Cloak And Dagger","Accuracy","Distraction","Blade Dance+1","Bullet Time","PiercingWail","Masterful Stab+1","Writhe","Acrobatics+1","Quick Slash","Caltrops+1"],"max_hp_per_floor":[75,75,75,75,75,75,75,82,82,82,82,82,82,82,82,82,82,82,82,82,82,87,87,87,87,87,87],"relics":["Tiny House","Vajra","Lee\u0027s Waffle","Regal Pillow","Ancient Tea Set","Happy Flower","Ectoplasm","Frozen Egg 2","Lantern","Torii"],"card_choices":[{"not_picked":["Deflect","Dagger Throw"],"picked":"All Out Attack"},{"not_picked":["Slice","Bane"],"picked":"Footwork"},{"not_picked":["Acrobatics","Flying Knee"],"picked":"Cloak And Dagger"},{"not_picked":["Slice","Heel Hook"],"picked":"Quick Slash"},{"not_picked":["Bane","Quick Slash"],"picked":"Die Die Die"},{"not_picked":["Prepared","Sucker Punch"],"picked":"Cloak And Dagger"},{"not_picked":["Crippling Poison","Deflect"],"picked":"Accuracy"},{"not_picked":["Deflect","Choke"],"picked":"Distraction"},{"not_picked":["Catalyst","Prepared"],"picked":"Blade Dance"},{"not_picked":["Storm of Steel","A Thousand Cuts"],"picked":"Bullet Time"},{"not_picked":["Heel Hook","Expertise"],"picked":"PiercingWail"},{"not_picked":["Footwork","Underhanded Strike"],"picked":"Masterful Stab"},{"not_picked":["Outmaneuver","Riddle With Holes"],"picked":"Acrobatics"},{"not_picked":["Slice","Deadly Poison"],"picked":"Quick Slash"},{"not_picked":["Cloak And Dagger","Skewer"],"picked":"Caltrops"}],"player_experience":130215,"potions_floor_usage":[7,7,11,11,14,25,25],"damage_taken":[{"damage":0,"enemies":"2 Louse","floor":1,"turns":2},{"damage":9,"enemies":"Cultist","floor":3,"turns":5},{"damage":13,"enemies":"Jaw Worm","floor":5,"turns":5},{"damage":16,"enemies":"Gremlin Nob","floor":6,"turns":6},{"damage":2,"enemies":"3 Sentries","floor":7,"turns":4},{"damage":0,"enemies":"Exordium Wildlife","floor":10,"turns":3},{"damage":9,"enemies":"Lagavulin","floor":11,"turns":6},{"damage":2,"enemies":"Red Slaver","floor":12,"turns":3},{"damage":1,"enemies":"3 Sentries","floor":14,"turns":6},{"damage":36,"enemies":"Hexaghost","floor":16,"turns":11},{"damage":3,"enemies":"3 Byrds","floor":18,"turns":6},{"damage":17,"enemies":"2 Thieves","floor":19,"turns":4},{"damage":17,"enemies":"Centurion and Healer","floor":24,"turns":8},{"damage":48,"enemies":"Chosen and Byrds","floor":25,"turns":6},{"damage":18,"enemies":"Sentry and Sphere","floor":27,"turns":7},{"damage":7,"enemies":"Snake Plant","floor":28,"turns":2}],"event_choices":[{"event_name":"Purifier","player_choice":"Skipped","floor":2,"damage_taken":0},{"event_name":"Living Wall","player_choice":"Grow","floor":4,"damage_taken":0},{"event_name":"Dead Adventurer","player_choice":"Searched \u00271\u0027 times","floor":7,"damage_taken":0},{"event_name":"The Mausoleum","player_choice":"Yes","floor":20,"damage_taken":0},{"event_name":"Addict","player_choice":"Obtained Relic","floor":21,"damage_taken":0},{"event_name":"Forgotten Altar","player_choice":"Shed Blood","floor":22,"damage_taken":0}],"boss_relics":[{"not_picked":["Philosopher\u0027s Stone","Runic Dome"],"picked":"Ectoplasm"}],"potions_floor_spawned":[1,7,7,11,18,24],"seed_played":"-373640421719751865","killed_by":"Snake Plant","ascension_level":0,"is_trial":false}