{"gold_per_floor":[112,112,128,142,159,159,190,204,204,221,221,221,252,271,271,372,372,384,384,397,397],"floor_reached":21,"playtime":831,"items_purged":[],"score":309,"play_id":"2e2349de-4446-49c8-a830-12695a25aff3","local_time":"20180710223512","is_ascension_mode":true,"campfire_choices":[{"data":"Flex","floor":6.0,"key":"SMITH"},{"floor":11.0,"key":"REST"},{"floor":15,"key":"REST"}],"neow_cost":"TEN_PERCENT_HP_LOSS","seed_source_timestamp":4503661404609,"circlet_count":0,"master_deck":["Strike_R","Strike_R","Strike_R","Defend_R","Defend_R","Defend_R","Defend_R","AscendersBane","Flex+1","Thunderclap","Rampage","Pommel Strike","Armaments","Inflame","Rage","Offering","Pommel Strike","Barricade","True Grit","Offering"],"special_seed":0,"relics":["Burning Blood","Dodecahedron","Dream Catcher","Blood Vial","Velvet Choker"],"potions_floor_usage":[13,21],"damage_taken":[{"damage":3.0,"enemies":"2 Louse","floor":1.0,"turns":3.0},{"damage":7.0,"enemies":"Small Slimes","floor":3.0,"turns":5.0},{"damage":9.0,"enemies":"Jaw Worm","floor":4.0,"turns":3.0},{"damage":6.0,"enemies":"Blue Slaver","floor":5.0,"turns":4.0},{"damage":55.0,"enemies":"Lagavulin","floor":7.0,"turns":6.0},{"damage":18.0,"enemies":"Red Slaver","floor":8.0,"turns":4.0},{"damage":8.0,"enemies":"Gremlin Gang","floor":10.0,"turns":5.0},{"damage":20,"enemies":"Gremlin Nob","floor":13,"turns":4},{"damage":11,"enemies":"2 Fungi Beasts","floor":14,"turns":3},{"damage":33,"enemies":"The Guardian","floor":16,"turns":11},{"damage":36,"enemies":"Spheric Guardian","floor":18,"turns":6},{"damage":16,"enemies":"3 Byrds","floor":20,"turns":7},{"damage":26,"enemies":"Centurion and Healer","floor":21,"turns":3}],"seed_played":"-5243048083058416476","potions_obtained":[{"floor":3.0,"key":"BloodPotion"},{"floor":4.0,"key":"Energy Potion"},{"floor":8.0,"key":"FearPotion"},{"floor":13,"key":"Energy Potion"},{"floor":18,"key":"FearPotion"}],"is_trial":false,"path_per_floor":["M","?","M","M","M","R","E","M","T","M","R","?","E","M","R","B",null,"M","?","M"],"character_chosen":"IRONCLAD","items_purchased":[],"campfire_rested":2,"item_purchase_floors":[],"current_hp_per_floor":[72,72,71,68,68,68,26,14,14,12,33,33,19,16,37,12,57,29,29,21,0],"gold":397,"neow_bonus":"REMOVE_TWO","is_prod":false,"is_daily":false,"chose_seed":false,"campfire_upgraded":1,"win_rate":0,"timestamp":1531276512,"path_taken":["M","?","M","M","M","R","E","M","T","M","R","?","E","M","R","BOSS","M","?","M","M"],"build_version":"2018-07-05","purchased_purges":0,"victory":false,"max_hp_per_floor":[72,72,72,72,72,72,72,72,72,72,72,72,72,72,72,72,72,72,72,72,72],"card_choices":[{"not_picked":["Headbutt","Fire Breathing"],"picked":"Flex","floor":1.0},{"not_picked":["Dual Wield","Warcry"],"picked":"Thunderclap","floor":3.0},{"not_picked":["Hemokinesis","Flex"],"picked":"Rampage","floor":4.0},{"not_picked":["Iron Wave","Warcry"],"picked":"Pommel Strike","floor":5.0},{"not_picked":["Fire Breathing","Blood for Blood"],"picked":"Armaments","floor":7.0},{"not_picked":["Wild Strike","Clothesline"],"picked":"Inflame","floor":8.0},{"not_picked":["Entrench","Armaments","Heavy Blade"],"picked":"SKIP","floor":10.0},{"not_picked":["Wild Strike","Seeing Red"],"picked":"Rage","floor":11.0},{"not_picked":["Second Wind","Combust"],"picked":"Offering","floor":13},{"not_picked":["Perfected Strike","Bloodletting"],"picked":"Pommel Strike","floor":14},{"not_picked":["Juggernaut","Brutality"],"picked":"Barricade","floor":16},{"not_picked":["Warcry","Feel No Pain"],"picked":"True Grit","floor":18},{"not_picked":["Clash","Pommel Strike","Rampage"],"picked":"SKIP","floor":20}],"player_experience":432074,"relics_obtained":[{"floor":7.0,"key":"Dodecahedron"},{"floor":9.0,"key":"Dream Catcher"},{"floor":13,"key":"Blood Vial"}],"event_choices":[{"event_name":"Living Wall","player_choice":"Forget","floor":2.0,"damage_taken":0.0},{"event_name":"Liars Game","player_choice":"disagreed","floor":12.0,"damage_taken":0.0},{"event_name":"Duplicator","player_choice":"One dupe","floor":19,"damage_taken":0}],"boss_relics":[{"not_picked":["Eternal Feather","Philosopher\u0027s Stone"],"picked":"Velvet Choker"}],"items_purged_floors":[],"is_endless":false,"potions_floor_spawned":[3,4,8,13,18],"killed_by":"Centurion and Healer","ascension_level":12}