{"gold_per_floor":[109,126,126,146,161,161,111,144,144,174,174,48,67,97,97,170,170,183,108,124,142,142,168,168,193,241,273,273,20,20,20,20,95,95,112,112,157,157,172,172,172,201,201,201,201,232,242,272,272,272],"floor_reached":51,"playtime":3299,"items_purged":["Strike_R","Heavy Blade+1"],"score":1482,"play_id":"3c4b4c7a-3095-43bd-abe6-7b07aef46691","local_time":"20180715224540","is_ascension_mode":true,"campfire_choices":[{"data":"True Grit","floor":6,"key":"SMITH"},{"floor":15,"key":"REST"},{"data":"True Grit","floor":24,"key":"SMITH"},{"data":"Double Tap","floor":28,"key":"SMITH"},{"data":"Seeing Red","floor":30,"key":"SMITH"},{"data":"Shrug It Off","floor":32,"key":"SMITH"},{"data":"Dark Embrace","floor":40,"key":"SMITH"},{"data":"Sentinel","floor":45,"key":"SMITH"},{"data":"Berserk","floor":49,"key":"SMITH"}],"neow_cost":"NONE","seed_source_timestamp":139288263662207,"circlet_count":0,"master_deck":["AscendersBane","Pommel Strike","True Grit+1","Shockwave","Dark Embrace+1","Uppercut+1","Body Slam+1","Ghostly Armor","Offering","Seeing Red+1","Rage","Whirlwind+1","Inflame","Warcry","Body Slam+1","Shrug It Off+1","Sentinel+1","True Grit+1","Double Tap+1","Offering","Demon Form","Madness","Madness","Corruption","Double Tap","Flash of Steel+1","Panacea","Entrench+1","Sentinel","Berserk+1"],"special_seed":0,"relics":["Black Blood","Blood Vial","Magic Flower","Molten Egg 2","Torii","Pantograph","Anchor","Pandora\u0027s Box","Happy Flower","Question Card","Centennial Puzzle","Strawberry","Prayer Wheel","Lantern","Shuriken","Pen Nib","Toxic Egg 2"],"potions_floor_usage":[8,14,16,23,25,37,50,50],"damage_taken":[{"damage":7.0,"enemies":"Jaw Worm","floor":1.0,"turns":3.0},{"damage":6,"enemies":"2 Louse","floor":2,"turns":3},{"damage":3,"enemies":"Small Slimes","floor":4,"turns":3},{"damage":4,"enemies":"Looter","floor":5,"turns":3},{"damage":32,"enemies":"3 Sentries","floor":8,"turns":11},{"damage":32,"enemies":"Gremlin Nob","floor":10,"turns":5},{"damage":2,"enemies":"2 Fungi Beasts","floor":13,"turns":3},{"damage":28,"enemies":"Lagavulin","floor":14,"turns":7},{"damage":55,"enemies":"Hexaghost","floor":16,"turns":15},{"damage":4,"enemies":"Spheric Guardian","floor":18,"turns":3},{"damage":4,"enemies":"3 Byrds","floor":20,"turns":2},{"damage":4,"enemies":"3 Cultists","floor":21,"turns":3},{"damage":4,"enemies":"Slavers","floor":23,"turns":1},{"damage":30,"enemies":"Gremlin Leader","floor":25,"turns":6},{"damage":15,"enemies":"Slavers","floor":27,"turns":4},{"damage":22,"enemies":"Champ","floor":33,"turns":8},{"damage":14,"enemies":"Orb Walker","floor":35,"turns":2},{"damage":17,"floor":37,"turns":4},{"damage":8,"enemies":"3 Shapes","floor":39,"turns":1},{"damage":8,"enemies":"Giant Head","floor":42,"turns":3},{"damage":30,"enemies":"2 Orb Walkers","floor":46,"turns":4},{"damage":9,"enemies":"Transient","floor":47,"turns":3},{"damage":9,"enemies":"Giant Head","floor":48,"turns":3},{"damage":86,"enemies":"Awakened One","floor":50,"turns":8}],"seed_played":"-1516375328554379418","potions_obtained":[{"floor":1.0,"key":"EssenceOfSteel"},{"floor":5,"key":"FearPotion"},{"floor":14,"key":"PowerPotion"},{"floor":18,"key":"Explosive Potion"},{"floor":21,"key":"SteroidPotion"},{"floor":33,"key":"Block Potion"},{"floor":42,"key":"SpeedPotion"},{"floor":48,"key":"Explosive Potion"}],"is_trial":false,"path_per_floor":["M","M","?","M","M","R","?","E","T","E","?","$","M","E","R","B",null,"M","?","M","M","?","E","R","E","T","E","R","$","R","$","R","B",null,"M","?","?","?","M","R","?","E","T","?","R","E","M","E","R","B"],"character_chosen":"IRONCLAD","items_purchased":["Body Slam+1","Offering"],"campfire_rested":1,"item_purchase_floors":[12,29],"current_hp_per_floor":[67,67,67,72,75,75,75,49,49,29,17,17,27,11,33,28,63,71,71,75,75,61,69,69,51,51,55,55,55,55,55,55,74,84,87,76,77,77,87,87,82,87,87,87,87,72,81,87,87,16],"gold":272,"neow_bonus":"UPGRADE_CARD","is_prod":false,"is_daily":false,"chose_seed":false,"campfire_upgraded":8,"win_rate":0,"timestamp":1531709140,"path_taken":["M","M","?","M","M","R","?","E","T","E","?","?","M","E","R","BOSS","M","?","M","M","?","E","R","E","T","E","R","$","R","?","R","BOSS","M","?","?","?","?","R","?","E","T","?","R","E","?","E","R","BOSS"],"build_version":"2018-07-12","purchased_purges":2,"victory":true,"max_hp_per_floor":[75,75,75,75,75,75,75,75,75,75,75,75,75,75,75,75,75,75,75,75,75,80,80,80,80,80,87,87,87,87,87,87,87,87,87,87,87,87,87,87,87,87,87,87,87,87,87,87,87,87],"card_choices":[{"not_picked":["Shockwave","Anger"],"picked":"Pommel Strike","floor":1.0},{"not_picked":["Iron Wave","Feel No Pain"],"picked":"True Grit","floor":2},{"not_picked":["Headbutt","Havoc"],"picked":"Shockwave","floor":4},{"not_picked":["Intimidate","Heavy Blade"],"picked":"Dark Embrace","floor":5},{"not_picked":["Havoc","Anger","Sword Boomerang"],"picked":"SKIP","floor":8},{"not_picked":["Rage","Seeing Red"],"picked":"Uppercut+1","floor":10},{"not_picked":["Headbutt+1","Perfected Strike+1"],"picked":"Ghostly Armor","floor":13},{"not_picked":["Infernal Blade","Blood for Blood+1","Rage"],"picked":"SKIP","floor":14},{"not_picked":["Brutality","Fiend Fire+1"],"picked":"Offering","floor":16},{"not_picked":["Thunderclap+1","Flex"],"picked":"Shrug It Off","floor":18},{"not_picked":["Warcry","Wild Strike+1"],"picked":"Sentinel","floor":20},{"not_picked":["Clash+1","Warcry"],"picked":"True Grit","floor":21},{"not_picked":["Rage+1","Fire Breathing"],"picked":"Double Tap","floor":23},{"not_picked":["Juggernaut","Uppercut+1","Wild Strike+1"],"picked":"SKIP","floor":25},{"not_picked":["Perfected Strike+1","Dropkick+1","Body Slam+1","Warcry"],"picked":"SKIP","floor":27},{"not_picked":["Berserk","Exhume","Double Tap"],"picked":"Demon Form","floor":33},{"not_picked":["Intimidate","Sword Boomerang+1","Infernal Blade","Warcry"],"picked":"SKIP","floor":35},{"not_picked":["Seeing Red+1","Shrug It Off","Wild Strike+1"],"picked":"Corruption","floor":37},{"not_picked":["Rage","Reckless Charge+1","Cleave+1"],"picked":"Double Tap","floor":39},{"not_picked":["Body Slam+1","Intimidate","Metallicize+1","Headbutt+1"],"picked":"SKIP","floor":39},{"not_picked":["Enlightenment","Madness","Panache"],"picked":"Flash of Steel+1","floor":41},{"not_picked":["Thinking Ahead","Mind Blast+1","Good Instincts"],"picked":"Panacea","floor":41},{"not_picked":["Warcry","Cleave+1","True Grit"],"picked":"Entrench+1","floor":42},{"not_picked":["Clash+1","Wild Strike+1","Headbutt+1"],"picked":"Sentinel","floor":46},{"not_picked":["True Grit","Hemokinesis+1","Fire Breathing","Cleave+1"],"picked":"SKIP","floor":47},{"not_picked":["Clothesline+1","Twin Strike+1","True Grit","Sentinel"],"picked":"SKIP","floor":47},{"not_picked":["Power Through","Combust","Clothesline+1"],"picked":"Berserk","floor":48}],"player_experience":470383,"relics_obtained":[{"floor":8,"key":"Magic Flower"},{"floor":9,"key":"Molten Egg 2"},{"floor":10,"key":"Torii"},{"floor":14,"key":"Anchor"},{"floor":23,"key":"Happy Flower"},{"floor":25,"key":"Question Card"},{"floor":26,"key":"Centennial Puzzle"},{"floor":27,"key":"Strawberry"},{"floor":37,"key":"Prayer Wheel"},{"floor":42,"key":"Lantern"},{"floor":43,"key":"Shuriken"},{"floor":46,"key":"Pen Nib"},{"floor":48,"key":"Toxic Egg 2"}],"event_choices":[{"event_name":"Big Fish","player_choice":"Box","floor":3,"damage_taken":0},{"event_name":"The Cleric","player_choice":"Card Removal","floor":7,"damage_taken":0},{"event_name":"Scrap Ooze","player_choice":"success","floor":11,"damage_taken":12},{"event_name":"Beggar","player_choice":"Gave Gold","floor":19,"damage_taken":0},{"event_name":"Forgotten Altar","player_choice":"Shed Blood","floor":22,"damage_taken":0},{"event_name":"Winding Halls","player_choice":"Embrace Madness","floor":36,"damage_taken":0},{"event_name":"Mysterious Sphere","player_choice":"Fight","floor":37,"damage_taken":0},{"event_name":"Falling","player_choice":"Removed Attack","floor":38,"damage_taken":0},{"event_name":"SensoryStone","player_choice":"Memory 2","floor":41,"damage_taken":0},{"event_name":"SecretPortal","player_choice":"Rejected Portal.","floor":44,"damage_taken":0}],"boss_relics":[{"not_picked":["Astrolabe","White Beast Statue"],"picked":"Pandora\u0027s Box"},{"not_picked":["Snecko Eye","Runic Cube"],"picked":"Black Blood"}],"items_purged_floors":[12,29],"is_endless":false,"potions_floor_spawned":[1,5,14,18,21,33,42,48],"ascension_level":14}