{"gold_per_floor":[117,117,136,24,24,81,98,98,152,152,227,242,57,86,86,161,161,180,9,36,48,79,91,113,136,148,70,89,89,89],"floor_reached":30,"playtime":1290,"items_purged":["Strike_G","Strike_G"],"score":530,"play_id":"d04e1b0d-bc60-4a6f-80d0-9d50eb01a7c1","local_time":"20181024181753","is_ascension_mode":true,"campfire_choices":[{"data":"Dash","floor":8,"key":"SMITH"},{"data":"Cloak And Dagger","floor":10,"key":"SMITH"},{"data":"Neutralize","floor":15,"key":"SMITH"},{"data":"Footwork","floor":23,"key":"SMITH"}],"neow_cost":"NONE","seed_source_timestamp":1288107731165740,"circlet_count":0,"master_deck":["Defend_G","Defend_G","Strike_G","Strike_G","Strike_G","Survivor","Neutralize+1","AscendersBane","Cloak And Dagger+1","Dash+1","Infinite Blades","Backflip","Backflip","Accuracy","Finisher","Phantasmal Killer","Storm of Steel+1","Distraction+1","Backstab+1","Escape Plan","Footwork+1","Accuracy","Corpse Explosion","Finesse","Blade Dance+1"],"relics":["Ring of the Snake","NeowsBlessing","Thread and Needle","Tiny Chest","Potion Belt","Bottled Flame","Astrolabe","MawBank","Gremlin Horn"],"potions_floor_usage":[16,18,24,25,30,30],"damage_taken":[{"damage":0,"enemies":"Jaw Worm","floor":1,"turns":1},{"damage":0,"enemies":"2 Louse","floor":3,"turns":1},{"damage":0,"enemies":"3 Sentries","floor":6,"turns":2},{"damage":0,"enemies":"Cultist","floor":7,"turns":4},{"damage":0,"enemies":"Red Slaver","floor":12,"turns":4},{"damage":20,"enemies":"Gremlin Nob","floor":14,"turns":5},{"damage":5,"enemies":"The Guardian","floor":16,"turns":15},{"damage":0,"enemies":"Spheric Guardian","floor":18,"turns":3},{"damage":2,"enemies":"2 Thieves","floor":20,"turns":5},{"damage":0,"enemies":"Centurion and Healer","floor":22,"turns":4},{"damage":12,"enemies":"Snake Plant","floor":24,"turns":4},{"damage":10,"enemies":"Sentry and Sphere","floor":25,"turns":8},{"damage":3,"enemies":"Centurion and Healer","floor":28,"turns":7},{"damage":12,"enemies":"Snake Plant","floor":30,"turns":3}],"seed_played":"250275810139592888","potions_obtained":[{"floor":7,"key":"SpeedPotion"},{"floor":14,"key":"Ancient Potion"},{"floor":16,"key":"Energy Potion"},{"floor":20,"key":"Energy Potion"},{"floor":25,"key":"Strength Potion"},{"floor":28,"key":"SteroidPotion"}],"is_trial":false,"path_per_floor":["M","?","M","$","T","E","M","R","T","R","?","M","$","E","R","B",null,"M","$","M","?","M","R","M","M","T","$","M","?"],"character_chosen":"THE_SILENT","items_purchased":["Infinite Blades","Accuracy","MawBank","Finesse"],"campfire_rested":0,"item_purchase_floors":[4,13,19,27],"current_hp_per_floor":[59,59,59,59,59,59,59,59,59,59,48,48,48,28,28,23,55,55,55,53,35,35,35,23,13,13,13,10,10,0],"gold":89,"neow_bonus":"THREE_ENEMY_KILL","is_prod":false,"is_daily":false,"chose_seed":false,"campfire_upgraded":4,"win_rate":0,"timestamp":1540419473,"path_taken":["M","?","?","$","?","E","M","R","T","R","?","M","$","E","R","BOSS","M","$","M","?","M","R","M","M","T","$","?","?","M"],"build_version":"2018-10-18","purchased_purges":2,"victory":false,"max_hp_per_floor":[66,66,66,66,66,66,66,66,66,66,66,66,66,66,66,66,66,66,66,66,71,71,71,71,71,71,71,71,71,71],"card_choices":[{"not_picked":["Acrobatics","Prepared"],"picked":"Cloak And Dagger","floor":1},{"not_picked":["Sucker Punch","Deflect"],"picked":"Dash","floor":3},{"not_picked":["Caltrops","Escape Plan"],"picked":"Backflip","floor":6},{"not_picked":["Infinite Blades","Riddle With Holes"],"picked":"Backflip","floor":7},{"not_picked":["Tactician","Deadly Poison","Prepared"],"picked":"SKIP","floor":12},{"not_picked":["Blur","Slice"],"picked":"Finisher","floor":14},{"not_picked":["Storm of Steel","Venomology"],"picked":"Phantasmal Killer","floor":16},{"not_picked":["Cloak And Dagger","Slice"],"picked":"Escape Plan","floor":18},{"not_picked":["Acrobatics","Poisoned Stab","Deflect"],"picked":"SKIP","floor":20},{"not_picked":["Poisoned Stab","Blade Dance"],"picked":"Footwork","floor":22},{"not_picked":["Finisher","Setup"],"picked":"Accuracy","floor":24},{"not_picked":["Calculated Gamble","Quick Slash"],"picked":"Corpse Explosion","floor":25},{"not_picked":["Reflex+1","Bane"],"picked":"Blade Dance+1","floor":28}],"player_experience":814567,"relics_obtained":[{"floor":5,"key":"Thread and Needle"},{"floor":6,"key":"Tiny Chest"},{"floor":9,"key":"Potion Belt"},{"floor":14,"key":"Bottled Flame"},{"floor":26,"key":"Gremlin Horn"}],"event_choices":[{"damage_healed":0,"gold_gain":0,"player_choice":"Leave","damage_taken":0,"max_hp_gain":0,"max_hp_loss":0,"event_name":"The Cleric","floor":2,"gold_loss":0},{"damage_healed":0,"gold_gain":75,"player_choice":"Gather Gold","damage_taken":11,"max_hp_gain":0,"max_hp_loss":0,"event_name":"World of Goop","floor":11,"gold_loss":0},{"damage_healed":0,"gold_gain":0,"player_choice":"Shed Blood","damage_taken":23,"max_hp_gain":5,"max_hp_loss":0,"event_name":"Forgotten Altar","floor":21,"gold_loss":0},{"damage_healed":0,"gold_gain":0,"player_choice":"Ignored","damage_taken":0,"max_hp_gain":0,"max_hp_loss":0,"event_name":"Cursed Tome","floor":29,"gold_loss":0}],"is_beta":false,"boss_relics":[{"not_picked":["White Beast Statue","Ring of the Serpent"],"picked":"Astrolabe"}],"items_purged_floors":[4,13],"is_endless":false,"potions_floor_spawned":[7,14,16,20,25,28],"killed_by":"Snake Plant","ascension_level":20}