{"gold_per_floor":[116,136,147,147,160,194,206,206,206,221,254,254,273,283,283,384,384,384,79,79,79,79,79,79,79,79,79,79,79,79,79],"floor_reached":31,"playtime":1828,"items_purged":[],"score":419,"play_id":"4ed61b1b-27f1-41f4-ae30-5b3989e71f13","local_time":"20180704111124","is_ascension_mode":true,"campfire_choices":[{"data":"Sweeping Beam","floor":8,"key":"SMITH"},{"floor":12,"key":"REST"},{"data":"Coolheaded","floor":15,"key":"SMITH"},{"floor":23,"key":"REST"},{"floor":27,"key":"REST"}],"neow_cost":"NONE","seed_source_timestamp":358117583972706,"circlet_count":0,"master_deck":["Strike_B","Strike_B","Strike_B","Strike_B","Defend_B","Defend_B","Defend_B","Defend_B","Zap","Dualcast","Beam Cell","Cold Snap","Coolheaded+1","Sweeping Beam+1","Skim+1","Core Surge","Recycle+1","Leap+1","Conserve Battery+1","Conserve Battery+1","Creative AI","Lockon+1","Hologram+1","RitualDagger","Streamline","Steam+1","Self Repair+1","Writhe"],"relics":["Cracked Core","Vajra","Toxic Egg 2","Bottled Flame","Blue Candle","Ectoplasm","Frozen Egg 2","Regal Pillow","Old Coin","Anchor","Juzu Bracelet"],"potions_floor_usage":[6,11,18,18,22,22,24,25],"damage_taken":[{"damage":0,"enemies":"Small Slimes","floor":1,"turns":3},{"damage":0,"enemies":"2 Louse","floor":2,"turns":2},{"damage":0,"enemies":"Cultist","floor":3,"turns":3},{"damage":8,"enemies":"Looter","floor":5,"turns":3},{"damage":20,"enemies":"3 Sentries","floor":6,"turns":7},{"damage":12,"enemies":"2 Fungi Beasts","floor":7,"turns":3},{"damage":12,"enemies":"Exordium Thugs","floor":10,"turns":3},{"damage":21,"enemies":"Lagavulin","floor":11,"turns":4},{"damage":1,"enemies":"Looter","floor":13,"turns":3},{"damage":1,"enemies":"Exordium Wildlife","floor":14,"turns":3},{"damage":3,"enemies":"The Guardian","floor":16,"turns":14},{"damage":1,"enemies":"3 Byrds","floor":18,"turns":3},{"damage":8,"enemies":"Chosen","floor":21,"turns":5},{"damage":21,"enemies":"Slaver and Parasite","floor":22,"turns":12},{"damage":37,"enemies":"Book of Stabbing","floor":24,"turns":7},{"damage":5,"enemies":"Centurion and Healer","floor":25,"turns":9},{"damage":35,"enemies":"Gremlin Leader","floor":28,"turns":9},{"damage":14,"enemies":"3 Cultists","floor":31,"turns":4}],"seed_played":"-1761516443013815888","potions_obtained":[{"floor":1,"key":"Regen Potion"},{"floor":6,"key":"FearPotion"},{"floor":11,"key":"LiquidBronze"},{"floor":13,"key":"EssenceOfSteel"},{"floor":16,"key":"AttackPotion"},{"floor":18,"key":"FocusPotion"},{"floor":21,"key":"EssenceOfSteel"},{"floor":24,"key":"Fruit Juice"},{"floor":28,"key":"Strength Potion"}],"is_trial":false,"path_per_floor":["M","M","M","?","M","E","M","R","T","M","E","R","M","M","R","B",null,"M","$","?","M","M","R","E","M","T","R","E","?","?"],"character_chosen":"DEFECT","items_purchased":["Frozen Egg 2","Hologram+1"],"campfire_rested":3,"item_purchase_floors":[19,19],"current_hp_per_floor":[68,68,68,68,60,55,43,43,43,31,10,32,31,30,30,27,63,62,62,56,48,27,49,12,12,12,51,26,11,11,0],"gold":79,"neow_bonus":"RANDOM_COMMON_RELIC","is_prod":false,"is_daily":false,"chose_seed":false,"campfire_upgraded":2,"win_rate":0,"timestamp":1530717084,"path_taken":["M","M","M","?","M","E","M","R","T","M","E","R","M","M","R","BOSS","M","$","?","M","M","R","E","M","T","R","E","?","?","M"],"build_version":"2018-06-28","purchased_purges":0,"victory":false,"max_hp_per_floor":[75,75,75,75,75,75,75,75,75,75,75,75,75,75,75,75,75,75,75,75,75,75,75,75,80,80,80,80,85,85,85],"card_choices":[{"not_picked":["Storm","Cold Snap"],"picked":"Beam Cell","floor":1},{"not_picked":["Force Field","Barrage"],"picked":"Cold Snap","floor":2},{"not_picked":["Storm","Heatsinks"],"picked":"Coolheaded","floor":3},{"not_picked":["Barrage","Hologram"],"picked":"Sweeping Beam","floor":5},{"not_picked":["Beam Cell","Darkness"],"picked":"Skim","floor":6},{"not_picked":["Capacitor","Rebound"],"picked":"Core Surge","floor":7},{"not_picked":["Doom and Gloom","Cold Snap"],"picked":"Recycle+1","floor":10},{"not_picked":["Seek+1","Static Discharge"],"picked":"Leap+1","floor":11},{"not_picked":["Stack+1","Undo+1"],"picked":"Conserve Battery+1","floor":13},{"not_picked":["Reinforced Body+1","Cold Snap"],"picked":"Conserve Battery+1","floor":14},{"not_picked":["Machine Learning","Meteor Strike"],"picked":"Creative AI","floor":16},{"not_picked":["Stack+1","Steam+1"],"picked":"Lockon+1","floor":18},{"not_picked":["Go for the Eyes","Capacitor+1"],"picked":"Streamline","floor":21},{"not_picked":["Hello World+1","Go for the Eyes","Rebound"],"picked":"SKIP","floor":22},{"not_picked":["Rainbow+1","Darkness+1"],"picked":"Steam+1","floor":24},{"not_picked":["Streamline","Defragment+1"],"picked":"Self Repair+1","floor":25},{"not_picked":["Sweeping Beam","Ball Lightning+1","Streamline+1"],"picked":"SKIP","floor":28}],"player_experience":369561,"relics_obtained":[{"floor":6,"key":"Toxic Egg 2"},{"floor":9,"key":"Bottled Flame"},{"floor":11,"key":"Blue Candle"},{"floor":24,"key":"Regal Pillow"},{"floor":26,"key":"Old Coin"},{"floor":28,"key":"Anchor"}],"event_choices":[{"event_name":"Liars Game","player_choice":"disagreed","floor":4,"damage_taken":0},{"event_name":"Nest","player_choice":"Joined the Cult","floor":20,"damage_taken":0},{"event_name":"Forgotten Altar","player_choice":"Shed Blood","floor":29,"damage_taken":0},{"event_name":"The Mausoleum","player_choice":"Yes","floor":30,"damage_taken":0}],"boss_relics":[{"not_picked":["Coffee Dripper","Black Star"],"picked":"Ectoplasm"}],"items_purged_floors":[],"is_endless":false,"potions_floor_spawned":[1,6,11,13,16,18,21,24,28],"killed_by":"3 Cultists","ascension_level":9}