{"gold_per_floor":[113,133,133,147,158,158,184,148,174,188,188,206,206,221,221,299,299,314,292,292,292],"floor_reached":21,"playtime":746,"items_purged":[],"score":366,"play_id":"80ea4c29-aca5-48f9-b326-63db316c1c2f","local_time":"20181022225211","is_ascension_mode":true,"campfire_choices":[{"data":"Beam Cell","floor":6,"key":"SMITH"},{"data":"Defragment","floor":13,"key":"SMITH"},{"floor":15,"key":"REST"}],"neow_cost":"NONE","seed_source_timestamp":1132306278677501,"circlet_count":0,"master_deck":["Strike_B","Strike_B","Strike_B","Strike_B","Defend_B","Defend_B+1","Defend_B","Defend_B","Zap+1","Dualcast","AscendersBane","Compile Driver","Beam Cell+1","Hologram+1","Ball Lightning","Conserve Battery","Defragment+1","Leap","Rainbow+1","Cold Snap","Conserve Battery"],"relics":["Cracked Core","NeowsBlessing","War Paint","Happy Flower","Inserter"],"potions_floor_usage":[7,10,14,19],"damage_taken":[{"damage":0,"enemies":"Jaw Worm","floor":1,"turns":1},{"damage":0,"enemies":"Cultist","floor":2,"turns":1},{"damage":0,"enemies":"Small Slimes","floor":4,"turns":1},{"damage":1,"enemies":"Looter","floor":5,"turns":2},{"damage":32,"enemies":"3 Sentries","floor":7,"turns":7},{"damage":7,"enemies":"Exordium Wildlife","floor":10,"turns":4},{"damage":7,"enemies":"Large Slime","floor":12,"turns":4},{"damage":8,"enemies":"3 Louse","floor":14,"turns":3},{"damage":21,"enemies":"The Guardian","floor":16,"turns":10},{"damage":32,"enemies":"3 Byrds","floor":18,"turns":6},{"damage":13,"enemies":"2 Thieves","floor":19,"turns":4},{"damage":26,"enemies":"Shelled Parasite and Fungi","floor":21,"turns":3}],"seed_played":"-7019624441872763611","potions_obtained":[{"floor":1,"key":"SneckoOil"},{"floor":5,"key":"Dexterity Potion"},{"floor":7,"key":"Block Potion"},{"floor":18,"key":"Regen Potion"}],"is_trial":false,"path_per_floor":["M","M","?","M","M","R","E","?","T","M","?","M","R","M","R","B",null,"M","M","?"],"character_chosen":"DEFECT","items_purchased":[],"campfire_rested":1,"item_purchase_floors":[],"current_hp_per_floor":[64,64,64,64,63,63,31,31,31,24,24,17,17,9,30,9,56,24,25,25,0],"gold":292,"neow_bonus":"THREE_ENEMY_KILL","is_prod":false,"is_daily":false,"chose_seed":false,"campfire_upgraded":2,"win_rate":0,"timestamp":1540263131,"path_taken":["M","M","?","M","M","R","E","?","T","M","?","M","R","M","R","BOSS","M","M","?","M"],"build_version":"2018-10-18","purchased_purges":0,"victory":false,"max_hp_per_floor":[71,71,71,71,71,71,71,71,71,71,71,71,71,71,71,71,71,71,71,71,71],"card_choices":[{"not_picked":["Double Energy","Reinforced Body"],"picked":"Compile Driver","floor":1},{"not_picked":["Redo","Heatsinks","Chaos"],"picked":"SKIP","floor":2},{"not_picked":["Go for the Eyes","Turbo"],"picked":"Beam Cell","floor":4},{"not_picked":["Hello World","Leap"],"picked":"Hologram","floor":5},{"not_picked":["White Noise","Consume"],"picked":"Ball Lightning","floor":7},{"not_picked":["Beam Cell","Seek"],"picked":"Conserve Battery","floor":10},{"not_picked":["BootSequence","Consume"],"picked":"Defragment","floor":12},{"not_picked":["Rebound","Lockon"],"picked":"Leap","floor":14},{"not_picked":["Multi-Cast","Amplify"],"picked":"Rainbow","floor":16},{"not_picked":["Redo","Steam"],"picked":"Cold Snap","floor":18},{"not_picked":["Genetic Algorithm","Streamline"],"picked":"Conserve Battery","floor":19}],"player_experience":802810,"relics_obtained":[{"floor":7,"key":"War Paint"},{"floor":9,"key":"Happy Flower"}],"event_choices":[{"damage_healed":0,"gold_gain":0,"player_choice":"Upgraded","damage_taken":0,"max_hp_gain":0,"max_hp_loss":0,"event_name":"Upgrade Shrine","floor":3,"gold_loss":0,"cards_upgraded":["Zap"]},{"damage_healed":0,"gold_gain":0,"player_choice":"Left Gold","damage_taken":0,"max_hp_gain":0,"max_hp_loss":0,"event_name":"World of Goop","floor":8,"gold_loss":36},{"damage_healed":0,"gold_gain":0,"player_choice":"Searched \u00270\u0027 times","damage_taken":0,"max_hp_gain":0,"max_hp_loss":0,"event_name":"Dead Adventurer","floor":11,"gold_loss":0},{"damage_healed":0,"gold_gain":0,"player_choice":"Upgraded","damage_taken":0,"max_hp_gain":0,"max_hp_loss":0,"event_name":"Upgrade Shrine","floor":20,"gold_loss":0,"cards_upgraded":["Rainbow"]}],"is_beta":false,"boss_relics":[{"not_picked":["Orrery","Tiny House"],"picked":"Inserter"}],"items_purged_floors":[],"is_endless":false,"potions_floor_spawned":[1,5,7,18],"killed_by":"Shelled Parasite and Fungi","ascension_level":20}