{"gold_per_floor":[109,119,136,154,154,154,181,181,181,206,217,250,262,141,141,239,239,225,2,2,17,17,17,52,52,52,85,100,100,114,125,125,230,230,240,257,12,64,64,95,95,115,115,115,143,162,179,242,254,266,278,290,122,151,151],"floor_reached":56,"playtime":3156,"items_purged":["Bash+1"],"score":1560,"play_id":"12735d5f-b29c-4c40-866c-2e0413d1c99d","local_time":"20181121212152","is_ascension_mode":true,"campfire_choices":[{"floor":6.0,"key":"REST"},{"data":"Intimidate","floor":8.0,"key":"SMITH"},{"data":"Inflame","floor":15.0,"key":"SMITH"},{"data":"Barricade","floor":23.0,"key":"SMITH"},{"data":"Juggernaut","floor":29,"key":"SMITH"},{"data":"Shrug It Off","floor":32,"key":"SMITH"},{"data":"Pommel Strike","floor":41,"key":"SMITH"},{"floor":49,"key":"RECALL"},{"data":"Iron Wave","floor":52,"key":"SMITH"}],"neow_cost":"TEN_PERCENT_HP_LOSS","seed_source_timestamp":81719891872909,"circlet_count":0,"master_deck":["Defend_R","Defend_R","Defend_R","Defend_R","Pommel Strike+1","Cleave","Twin Strike","Intimidate+1","Shrug It Off+1","Armaments+1","True Grit+1","Inflame+1","Iron Wave+1","Barricade+1","Seeing Red+1","Shrug It Off+1","Entrench+1","Juggernaut+1","Bite","Bite","Bite","Bite","Bite","Corruption+1","Havoc+1","Offering+1","Whirlwind+1","Second Wind+1","Apotheosis+1","Madness+1","Madness+1","Offering+1","Shrug It Off+1","Feel No Pain+1"],"special_seed":0,"relics":["Burning Blood","Incense Burner","Paper Frog","Toxic Egg 2","Singing Bowl","Kunai","Black Star","Membership Card","Dead Branch","Bird Faced Urn","Self Forming Clay","Question Card","Gremlin Horn","Busted Crown","Unceasing Top","Prayer Wheel","Omamori","Bag of Preparation","Meat on the Bone","Blue Candle","MawBank","Tiny Chest","Oddly Smooth Stone","Bottled Tornado","Bottled Lightning"],"potions_floor_usage":[24,35,46,50,55,55,55],"damage_taken":[{"damage":10.0,"enemies":"Small Slimes","floor":1.0,"turns":5.0},{"damage":0.0,"enemies":"2 Louse","floor":2.0,"turns":2.0},{"damage":6.0,"enemies":"Jaw Worm","floor":3.0,"turns":2.0},{"damage":5.0,"enemies":"Looter","floor":4.0,"turns":4.0},{"damage":31.0,"enemies":"Lagavulin","floor":7.0,"turns":4.0},{"damage":17.0,"enemies":"3 Sentries","floor":10.0,"turns":8.0},{"damage":9.0,"enemies":"Exordium Thugs","floor":11.0,"turns":6.0},{"damage":18.0,"enemies":"Gremlin Nob","floor":12.0,"turns":4.0},{"damage":0.0,"enemies":"2 Fungi Beasts","floor":13.0,"turns":3.0},{"damage":10.0,"enemies":"The Guardian","floor":16.0,"turns":14.0},{"damage":0.0,"enemies":"2 Thieves","floor":18.0,"turns":4.0},{"damage":16.0,"enemies":"Shell Parasite","floor":21.0,"turns":7.0},{"damage":22.0,"enemies":"Colosseum Slavers","floor":22.0,"turns":7.0},{"damage":12,"enemies":"Gremlin Leader","floor":24,"turns":12},{"damage":46,"enemies":"Slavers","floor":27,"turns":14},{"damage":7,"enemies":"Snecko","floor":28,"turns":4},{"damage":18,"enemies":"Centurion and Healer","floor":30,"turns":5},{"damage":33,"enemies":"Snake Plant","floor":31,"turns":6},{"damage":34,"enemies":"Automaton","floor":33,"turns":9},{"damage":18,"enemies":"3 Shapes","floor":35,"turns":3},{"damage":16,"enemies":"3 Darklings","floor":36,"turns":5},{"damage":15,"enemies":"2 Orb Walkers","floor":38,"turns":3},{"damage":1,"enemies":"Giant Head","floor":40,"turns":2},{"damage":0,"enemies":"Sphere and 2 Shapes","floor":42,"turns":3},{"damage":7,"enemies":"Reptomancer","floor":45,"turns":3},{"damage":12,"enemies":"Jaw Worm Horde","floor":46,"turns":6},{"damage":0,"enemies":"3 Darklings","floor":47,"turns":1},{"damage":4,"enemies":"Giant Head","floor":48,"turns":5},{"damage":23,"enemies":"Time Eater","floor":50,"turns":7},{"damage":12,"enemies":"Shield and Spear","floor":54,"turns":5},{"damage":20,"enemies":"The Heart","floor":55,"turns":6}],"seed_played":"2180445006335481238","potions_obtained":[{"floor":1.0,"key":"FearPotion"},{"floor":4.0,"key":"SkillPotion"},{"floor":12.0,"key":"Explosive Potion"},{"floor":16.0,"key":"Fruit Juice"},{"floor":30,"key":"Dexterity Potion"},{"floor":31,"key":"Ancient Potion"},{"floor":35,"key":"Fruit Juice"},{"floor":40,"key":"SneckoOil"},{"floor":46,"key":"Fruit Juice"},{"floor":48,"key":"SteroidPotion"}],"is_trial":false,"path_per_floor":["M","M","M","M","?","R","E","R","T","E","M","E","M","$","R","B",null,"M","$","?","M","?","R","E","?","T","E","M","R","M","M","R","B",null,"M","M","$","?","?","E","R","M","T","?","E","M","M","E","R","B",null,"R","$","E","B",null],"character_chosen":"IRONCLAD","items_purchased":["Inflame","Iron Wave","Membership Card","Shrug It Off+1","Unceasing Top","Apotheosis+1","Oddly Smooth Stone","Shrug It Off+1","EssenceOfSteel"],"campfire_rested":1,"item_purchase_floors":[14,14,19,19,37,37,53,53,53],"current_hp_per_floor":[68,72,72,72,58,72,47,47,47,38,37,25,31,31,31,27,81,81,81,81,73,57,57,51,51,51,49,58,58,60,62,62,40,62,65,63,63,66,57,71,71,75,75,75,77,86,90,92,92,92,92,92,92,92,92],"gold":151,"neow_bonus":"ONE_RARE_RELIC","is_prod":false,"is_daily":false,"chose_seed":false,"campfire_upgraded":7,"win_rate":0,"timestamp":1542853312,"path_taken":["M","M","M","M","?","R","E","R","T","E","M","E","M","$","R","BOSS","M","$","?","M","?","R","E","?","T","E","M","R","M","?","R","BOSS","M","M","$","?","?","E","R","M","T","?","E","?","M","E","R","BOSS","R","$","E","BOSS"],"build_version":"2018-11-15","purchased_purges":1,"victory":true,"max_hp_per_floor":[72,72,72,72,72,72,72,72,72,74,76,76,76,76,76,76,81,81,81,81,83,83,83,83,58,58,58,58,58,60,62,62,62,62,67,67,67,69,69,71,71,75,75,75,77,86,90,92,92,92,92,92,92,92,92],"card_choices":[{"not_picked":["Infernal Blade","Body Slam"],"picked":"Pommel Strike","floor":1.0},{"not_picked":["Armaments","Flex"],"picked":"Cleave","floor":2.0},{"not_picked":["Havoc","Clash"],"picked":"Twin Strike","floor":3.0},{"not_picked":["Bloodletting","Reckless Charge"],"picked":"Intimidate","floor":4.0},{"not_picked":["Anger","Havoc"],"picked":"Shrug It Off","floor":7.0},{"not_picked":["Clash","Double Tap+1","Warcry+1"],"picked":"Singing Bowl","floor":10.0},{"not_picked":["Twin Strike","Warcry+1","Hemokinesis"],"picked":"Singing Bowl","floor":11.0},{"not_picked":["Flex+1","Seeing Red+1"],"picked":"Armaments+1","floor":12.0},{"not_picked":["Havoc+1","Cleave"],"picked":"True Grit+1","floor":13.0},{"not_picked":["Offering+1","Limit Break+1"],"picked":"Barricade","floor":16.0},{"not_picked":["Twin Strike","Combust"],"picked":"Seeing Red+1","floor":18.0},{"not_picked":["Thunderclap+1","Searing Blow","Sword Boomerang"],"picked":"Singing Bowl","floor":21.0},{"not_picked":["Infernal Blade+1","Dropkick+1"],"picked":"Juggernaut","floor":24},{"not_picked":["Offering+1","Blood for Blood"],"picked":"Corruption+1","floor":27},{"not_picked":["Armaments+1","Infernal Blade+1","Clothesline"],"picked":"Havoc+1","floor":28},{"not_picked":["Headbutt","Rupture","Shrug It Off+1","Rampage+1"],"picked":"Singing Bowl","floor":30},{"not_picked":["Warcry+1","Armaments+1","Rage+1","Anger"],"picked":"Singing Bowl","floor":31},{"not_picked":["Berserk","Exhume+1","Feed"],"picked":"Offering+1","floor":33},{"not_picked":["Wild Strike"],"picked":"Whirlwind+1","floor":35},{"not_picked":["Rage+1"],"picked":"Second Wind+1","floor":36},{"not_picked":["Rage+1","Armaments+1"],"picked":"Singing Bowl","floor":38},{"not_picked":["Juggernaut","Body Slam"],"picked":"Singing Bowl","floor":40},{"not_picked":["Armaments+1","True Grit+1"],"picked":"Singing Bowl","floor":42},{"not_picked":["Pommel Strike","Sword Boomerang+1"],"picked":"Singing Bowl","floor":42},{"not_picked":["Heavy Blade+1","Body Slam"],"picked":"Singing Bowl","floor":45},{"not_picked":["Armaments+1","Infernal Blade+1"],"picked":"Singing Bowl","floor":46},{"not_picked":["Limit Break+1","Evolve+1"],"picked":"Singing Bowl","floor":46},{"not_picked":["Cleave+1","Armaments+1"],"picked":"Singing Bowl","floor":47},{"not_picked":["Dropkick","Anger+1"],"picked":"Singing Bowl","floor":47},{"not_picked":["Twin Strike","Rampage"],"picked":"Singing Bowl","floor":48},{"not_picked":["Brutality"],"picked":"Feel No Pain+1","floor":54}],"player_experience":930639,"relics_obtained":[{"floor":7.0,"key":"Paper Frog"},{"floor":9.0,"key":"Toxic Egg 2"},{"floor":10.0,"key":"Singing Bowl"},{"floor":12.0,"key":"Kunai"},{"floor":24,"key":"Dead Branch"},{"floor":24,"key":"Bird Faced Urn"},{"floor":26,"key":"Self Forming Clay"},{"floor":27,"key":"Question Card"},{"floor":27,"key":"Gremlin Horn"},{"floor":38,"key":"Prayer Wheel"},{"floor":40,"key":"Omamori"},{"floor":40,"key":"Bag of Preparation"},{"floor":45,"key":"Meat on the Bone"},{"floor":45,"key":"Blue Candle"},{"floor":48,"key":"MawBank"},{"floor":48,"key":"Tiny Chest"},{"floor":54,"key":"Bottled Tornado"},{"floor":54,"key":"Bottled Lightning"}],"event_choices":[{"damage_healed":0.0,"max_hp_gain":0.0,"max_hp_loss":0.0,"gold_gain":0.0,"event_name":"Shining Light","player_choice":"Entered Light","floor":5.0,"gold_loss":0.0,"damage_taken":14.0,"cards_upgraded":["Strike_R","Bash"]},{"damage_healed":0.0,"max_hp_gain":0.0,"max_hp_loss":0.0,"gold_gain":0.0,"event_name":"The Library","player_choice":"Read","floor":20.0,"gold_loss":0.0,"damage_taken":0.0,"cards_obtained":["Entrench"]},{"damage_healed":0.0,"max_hp_gain":0.0,"max_hp_loss":0.0,"gold_gain":0.0,"event_name":"Colosseum","player_choice":"Fight","floor":22.0,"gold_loss":0.0,"damage_taken":0.0},{"damage_healed":0.0,"max_hp_gain":0.0,"max_hp_loss":0.0,"gold_gain":0.0,"event_name":"Colosseum","player_choice":"Fled From Nobs","floor":22.0,"gold_loss":0.0,"damage_taken":0.0},{"damage_healed":0,"gold_gain":0,"player_choice":"Became a vampire","damage_taken":0,"max_hp_gain":0,"max_hp_loss":25,"event_name":"Vampires","floor":25,"gold_loss":0,"cards_obtained":["Bite","Bite","Bite","Bite","Bite"]},{"damage_healed":0,"gold_gain":0,"player_choice":"Fight","damage_taken":0,"max_hp_gain":0,"max_hp_loss":0,"event_name":"Mysterious Sphere","floor":38,"gold_loss":0},{"damage_healed":0,"gold_gain":0,"player_choice":"Embrace Madness","damage_taken":9,"max_hp_gain":0,"max_hp_loss":0,"event_name":"Winding Halls","floor":39,"gold_loss":0,"cards_obtained":["Madness","Madness"]},{"damage_healed":0,"gold_gain":0,"player_choice":"Copied","damage_taken":0,"max_hp_gain":0,"max_hp_loss":0,"event_name":"Duplicator","floor":44,"gold_loss":0,"cards_obtained":["Offering"]}],"is_beta":false,"boss_relics":[{"not_picked":["Velvet Choker","Tiny House"],"picked":"Black Star"},{"not_picked":["Mark of Pain","Lizard Tail"],"picked":"Busted Crown"}],"items_purged_floors":[53],"is_endless":false,"potions_floor_spawned":[1,4,12,16,22,30,31,35,40,46,48],"ascension_level":1}