{"gold_per_floor":[115,115,193,0,11,45,45,71,71,71,71,88,88,53,53,130,130,146,163,163,163,129,129,154,154],"floor_reached":25,"playtime":700,"items_purged":[],"score":383,"play_id":"debfc548-8fb5-4284-a91d-6ae6a189ab49","local_time":"20190523214323","is_ascension_mode":true,"campfire_choices":[{"data":"Sunder","floor":7,"key":"SMITH"},{"floor":10,"key":"REST"},{"floor":13,"key":"REST"},{"data":"Static Discharge","floor":15,"key":"SMITH"},{"data":"Chaos","floor":23,"key":"SMITH"}],"neow_cost":"NONE","seed_source_timestamp":371992832545575,"circlet_count":0,"master_deck":["AscendersBane","Strike_B+1","Strike_B","Strike_B","Defend_B+1","Defend_B","Defend_B","Defend_B","Zap","Dualcast","Cold Snap","Static Discharge+1","Sweeping Beam","Streamline","Redo","Chaos+1","Sunder+1","Self Repair","Creative AI","Coolheaded","Echo Form","Leap","Loop+1","Defragment","Skim"],"relics":["Cracked Core","Lantern","Darkstone Periapt","Ornamental Fan","Symbiotic Virus","Sozu","Mercury Hourglass"],"potions_floor_usage":[6,8,16],"damage_taken":[{"damage":4,"enemies":"Jaw Worm","floor":1,"turns":3},{"damage":0,"enemies":"2 Louse","floor":5,"turns":1},{"damage":14,"enemies":"Gremlin Nob","floor":6,"turns":4},{"damage":23,"enemies":"Lagavulin","floor":8,"turns":6},{"damage":0,"enemies":"Cultist","floor":12,"turns":3},{"damage":36,"enemies":"Slime Boss","floor":16,"turns":8},{"damage":34,"enemies":"Chosen","floor":18,"turns":4},{"damage":8,"enemies":"3 Byrds","floor":19,"turns":4},{"damage":40,"enemies":"Slavers","floor":24,"turns":4},{"damage":28,"enemies":"Centurion and Healer","floor":25,"turns":2}],"seed_played":"-8745345496872296087","potions_obtained":[{"floor":5,"key":"GamblersBrew"},{"floor":6,"key":"AttackPotion"},{"floor":12,"key":"Explosive Potion"},{"floor":16,"key":"SmokeBomb"}],"is_trial":false,"path_per_floor":["M","?","T","$","M","E","R","E","T","R","?","M","R","?","R","B",null,"M","M","?","?","$","R","E","M"],"character_chosen":"DEFECT","items_purchased":["Static Discharge","Sweeping Beam","Streamline","Redo","Defragment"],"campfire_rested":2,"item_purchase_floors":[4,4,4,4,22],"current_hp_per_floor":[60,46,46,46,46,32,32,9,9,30,30,37,58,71,71,42,64,37,36,59,59,59,59,26,0],"gold":154,"neow_bonus":"RANDOM_COMMON_RELIC","is_prod":false,"is_daily":false,"chose_seed":false,"campfire_upgraded":3,"win_rate":0,"timestamp":1558673003,"path_taken":["M","?","?","?","M","E","R","E","T","R","?","?","R","?","R","BOSS","M","M","?","?","$","R","E","M"],"build_version":"2019-01-23","purchased_purges":0,"victory":false,"max_hp_per_floor":[71,71,71,71,71,71,71,71,71,71,71,71,71,71,71,71,71,71,71,71,71,71,71,71,71],"card_choices":[{"not_picked":["Go for the Eyes","Barrage"],"picked":"Cold Snap","floor":1},{"not_picked":["Double Energy","Compile Driver"],"picked":"Chaos","floor":5},{"not_picked":["Steam","Blizzard"],"picked":"Sunder","floor":6},{"not_picked":["Tempest","Fission"],"picked":"Self Repair","floor":8},{"not_picked":["Gash","Turbo"],"picked":"Coolheaded","floor":12},{"not_picked":["Electrodynamics","Hyperbeam"],"picked":"Echo Form","floor":16},{"not_picked":["Streamline","Ball Lightning"],"picked":"Leap","floor":18},{"not_picked":["Rebound","Fusion"],"picked":"Loop+1","floor":19},{"not_picked":["Sweeping Beam","Chill"],"picked":"Skim","floor":24}],"player_experience":687028,"relics_obtained":[{"floor":6,"key":"Darkstone Periapt"},{"floor":8,"key":"Ornamental Fan"},{"floor":9,"key":"Symbiotic Virus"},{"floor":24,"key":"Mercury Hourglass"}],"event_choices":[{"damage_healed":0,"gold_gain":0,"player_choice":"Entered Light","damage_taken":14,"max_hp_gain":0,"max_hp_loss":0,"event_name":"Shining Light","floor":2,"gold_loss":0,"cards_upgraded":["Strike_B","Defend_B"]},{"damage_healed":0,"gold_gain":0,"player_choice":"1 cards matched","damage_taken":0,"max_hp_gain":0,"max_hp_loss":0,"event_name":"Match and Keep!","floor":11,"gold_loss":0,"cards_obtained":["Creative AI"]},{"damage_healed":17,"gold_gain":0,"player_choice":"Healed","damage_taken":0,"max_hp_gain":0,"max_hp_loss":0,"event_name":"The Cleric","floor":14,"gold_loss":35},{"damage_healed":23,"gold_gain":0,"player_choice":"Heal","damage_taken":0,"max_hp_gain":0,"max_hp_loss":0,"event_name":"The Library","floor":20,"gold_loss":0},{"cards_removed":["Strike_B"],"damage_healed":0,"gold_gain":0,"player_choice":"Purged","damage_taken":0,"max_hp_gain":0,"max_hp_loss":0,"event_name":"Purifier","floor":21,"gold_loss":0}],"is_beta":false,"boss_relics":[{"not_picked":["Tiny House","Eternal Feather"],"picked":"Sozu"}],"items_purged_floors":[],"is_endless":false,"potions_floor_spawned":[5,6,12,16,18,19],"killed_by":"Centurion and Healer","ascension_level":14}