{"gold_per_floor":[369,49,67,82,82,113,113,126,151,176,188,227,239,251,263,347,359,390,402,414,351,378,390,432,444,483,506,530,75,108,120,120,120],"floor_reached":33,"playtime":1168,"items_purged":["Clumsy"],"score":541,"play_id":"5ba48ea2-d1e5-4d11-8c9e-8949a2fccdc4","local_time":"20181202151304","is_ascension_mode":true,"campfire_choices":[{"floor":7.0,"key":"REST"},{"data":"Pommel Strike","floor":11.0,"key":"SMITH"},{"data":"Perfected Strike","floor":15.0,"key":"SMITH"},{"data":"Metallicize","floor":23.0,"key":"SMITH"},{"floor":25.0,"key":"REST"},{"floor":32.0,"key":"REST"}],"neow_cost":"CURSE","seed_source_timestamp":1012394039658688,"circlet_count":0,"master_deck":["AscendersBane","Strike_R","Strike_R","Strike_R","Strike_R","Strike_R","Defend_R","Defend_R","Defend_R","Defend_R","Perfected Strike+1","Apotheosis+1","Shockwave","Pommel Strike+1","Perfected Strike+1","Pommel Strike","Metallicize+1","Headbutt","Whirlwind","Pommel Strike+1","Warcry","Perfected Strike","True Grit+1","Ghostly Armor","Perfected Strike"],"special_seed":0,"relics":["Burning Blood","Centennial Puzzle","MawBank","Red Skull","Orrery","Oddly Smooth Stone","Bronze Scales","Mummified Hand","Anchor","Darkstone Periapt"],"potions_floor_usage":[],"damage_taken":[{"damage":1.0,"enemies":"Cultist","floor":1.0,"turns":3.0},{"damage":12.0,"enemies":"Jaw Worm","floor":3.0,"turns":3.0},{"damage":14.0,"enemies":"2 Louse","floor":4.0,"turns":2.0},{"damage":22.0,"enemies":"Lagavulin","floor":6.0,"turns":5.0},{"damage":6.0,"enemies":"Red Slaver","floor":8.0,"turns":4.0},{"damage":9.0,"enemies":"3 Louse","floor":10.0,"turns":2.0},{"damage":16.0,"enemies":"Gremlin Nob","floor":12.0,"turns":3.0},{"damage":27.0,"enemies":"Slime Boss","floor":16.0,"turns":9.0},{"damage":21.0,"enemies":"Shell Parasite","floor":18.0,"turns":9.0},{"damage":19.0,"enemies":"3 Byrds","floor":22.0,"turns":5.0},{"damage":35.0,"enemies":"Book of Stabbing","floor":24.0,"turns":4.0},{"damage":19.0,"enemies":"Shelled Parasite and Fungi","floor":27.0,"turns":4.0},{"damage":12.0,"enemies":"Centurion and Healer","floor":28.0,"turns":5.0},{"damage":19.0,"enemies":"Slavers","floor":30.0,"turns":4.0},{"damage":8.0,"enemies":"Snake Plant","floor":31.0,"turns":2.0},{"damage":43,"enemies":"Collector","floor":33,"turns":5}],"seed_played":"-8974617592050946550","potions_obtained":[{"floor":4.0,"key":"Poison Potion"},{"floor":6.0,"key":"Ancient Potion"},{"floor":18.0,"key":"AttackPotion"},{"floor":28.0,"key":"BloodPotion"}],"is_trial":false,"path_per_floor":["M","$","M","M","?","E","R","M","T","M","R","E","?","?","R","B",null,"M","?","?","?","M","R","E","R","T","M","M","$","E","M","R","B"],"character_chosen":"IRONCLAD","items_purchased":["Apotheosis","FearPotion","Mummified Hand","Anchor","Ghostly Armor"],"campfire_rested":3,"item_purchase_floors":[2,2,29,29,29],"current_hp_per_floor":[73,73,67,59,59,43,65,65,65,62,62,52,57,57,57,36,69,54,54,54,54,41,41,12,36,36,23,17,17,12,10,34,0],"gold":120,"neow_bonus":"TWO_FIFTY_GOLD","is_prod":false,"is_daily":false,"chose_seed":false,"campfire_upgraded":3,"win_rate":0,"timestamp":1543781584,"path_taken":["M","$","M","M","?","E","R","?","T","?","R","E","?","?","R","BOSS","M","?","?","?","M","R","E","R","T","M","M","$","E","M","R","BOSS"],"build_version":"2018-11-15","purchased_purges":1,"victory":false,"max_hp_per_floor":[75,75,75,75,75,75,75,75,75,75,75,75,80,80,80,80,80,80,80,80,80,80,80,80,80,80,80,80,80,80,80,80,80],"card_choices":[{"not_picked":["Rupture","True Grit"],"picked":"Perfected Strike","floor":1.0},{"not_picked":["Clash","Fire Breathing","Bloodletting"],"picked":"SKIP","floor":3.0},{"not_picked":["Heavy Blade","Body Slam"],"picked":"Shockwave","floor":4.0},{"not_picked":["Armaments","Pummel","Burning Pact"],"picked":"SKIP","floor":6.0},{"not_picked":["Anger","Flex"],"picked":"Pommel Strike","floor":8.0},{"not_picked":["Evolve","Twin Strike"],"picked":"Perfected Strike","floor":10.0},{"not_picked":["Reckless Charge","Entrench","Carnage"],"picked":"SKIP","floor":12.0},{"not_picked":["Twin Strike","Anger"],"picked":"Pommel Strike","floor":17.0},{"not_picked":["Clash","Cleave"],"picked":"Metallicize","floor":17.0},{"not_picked":["Carnage","Reckless Charge"],"picked":"Headbutt","floor":18.0},{"not_picked":["Disarm+1","Clash"],"picked":"Pommel Strike+1","floor":22.0},{"not_picked":["Havoc+1","Blood for Blood"],"picked":"Warcry","floor":24.0},{"not_picked":["Flex","Sword Boomerang"],"picked":"Perfected Strike","floor":27.0},{"not_picked":["Carnage+1","Berserk"],"picked":"True Grit+1","floor":28.0},{"not_picked":["True Grit","Armaments"],"picked":"Perfected Strike","floor":30.0},{"not_picked":["Clothesline","Body Slam","True Grit+1"],"picked":"SKIP","floor":31.0}],"player_experience":955018,"relics_obtained":[{"floor":6.0,"key":"Centennial Puzzle"},{"floor":9.0,"key":"MawBank"},{"floor":12.0,"key":"Red Skull"},{"floor":24.0,"key":"Oddly Smooth Stone"},{"floor":26.0,"key":"Bronze Scales"},{"floor":30.0,"key":"Darkstone Periapt"}],"event_choices":[{"damage_healed":0.0,"max_hp_gain":0.0,"max_hp_loss":0.0,"gold_gain":0.0,"event_name":"Accursed Blacksmith","player_choice":"Forge","floor":5.0,"gold_loss":0.0,"damage_taken":0.0,"cards_upgraded":["Apotheosis"]},{"damage_healed":0.0,"max_hp_gain":5.0,"max_hp_loss":0.0,"gold_gain":0.0,"event_name":"Big Fish","player_choice":"Donut","floor":13.0,"gold_loss":0.0,"damage_taken":0.0},{"damage_healed":0.0,"max_hp_gain":0.0,"max_hp_loss":0.0,"gold_gain":0.0,"event_name":"Upgrade Shrine","player_choice":"Upgraded","floor":14.0,"gold_loss":0.0,"damage_taken":0.0,"cards_upgraded":["Perfected Strike"]},{"damage_healed":0.0,"max_hp_gain":0.0,"max_hp_loss":0.0,"gold_gain":0.0,"event_name":"The Library","player_choice":"Read","floor":19.0,"gold_loss":0.0,"damage_taken":0.0,"cards_obtained":["Whirlwind"]},{"damage_healed":0.0,"max_hp_gain":0.0,"max_hp_loss":0.0,"gold_gain":0.0,"event_name":"Vampires","player_choice":"Ignored","floor":20.0,"gold_loss":0.0,"damage_taken":0.0},{"cards_removed":["Bash"],"damage_healed":0.0,"max_hp_gain":0.0,"max_hp_loss":0.0,"gold_gain":0.0,"event_name":"Beggar","player_choice":"Gave Gold","floor":21.0,"gold_loss":75.0,"damage_taken":0.0}],"is_beta":false,"boss_relics":[{"not_picked":["Busted Crown","Lizard Tail"],"picked":"Orrery"}],"items_purged_floors":[2],"is_endless":false,"potions_floor_spawned":[4,6,8,18,28],"killed_by":"Collector","ascension_level":15}