{"path_per_floor":["M","?","?","?","M","R","E","R","T","R","M","M","$","E","R","B",null,"M","$","M","?","$","R","E","R","T","M"],"character_chosen":"IRONCLAD","items_purchased":["War Paint","Dropkick"],"gold_per_floor":[115,115,115,115,134,134,168,168,168,168,184,198,54,79,79,179,179,189,114,129,129,60,60,88,88,88,98],"floor_reached":28,"campfire_rested":2,"playtime":2229,"current_hp_per_floor":[80,73,73,57,63,80,64,64,64,64,68,67,67,51,51,36,80,80,80,77,61,61,61,36,60,70,63],"items_purged":["Strike_R"],"gold":98,"play_id":"d6f0f23a-f126-45f6-9cff-11c00b333358","is_prod":false,"is_daily":false,"is_ascension_mode":true,"campfire_upgraded":4,"path_taken":["M","?","?","?","M","R","E","R","T","R","M","M","?","E","R","BOSS","M","$","M","?","$","R","E","R","T","?","E"],"build_version":"2018-01-25-PROD3","purchased_purges":1,"victory":false,"master_deck":["Strike_R","Strike_R","Strike_R","Defend_R+1","Defend_R+1","Defend_R+1","Defend_R+1","Bash+1","Cleave+1","True Grit+1","Armaments+1","Limit Break","Whirlwind+1","Dropkick"],"max_hp_per_floor":[80,80,80,80,80,80,80,80,80,80,80,80,80,80,80,80,80,80,80,80,80,80,80,80,80,90,90],"relics":["Burning Blood","Molten Egg","Mercury Hourglass","Bag of Preparation","Centennial Puzzle","War Paint","Toolbox","Orrery","Nilry\u0027s Codex","Bottled Lightning","Pear"],"card_choices":[{"not_picked":["Headbutt","Body Slam"],"picked":"Cleave"},{"not_picked":["Warcry","Perfected Strike"],"picked":"True Grit"},{"not_picked":["Wild Strike","Clash"],"picked":"Armaments"},{"not_picked":["Berserk","Brutality"],"picked":"Limit Break"},{"not_picked":["Havoc","Iron Wave"],"picked":"Whirlwind"}],"player_experience":101242,"potions_floor_usage":[14,14],"damage_taken":[{"damage":5,"enemies":"Jaw Worm","floor":1,"turns":4},{"damage":0,"enemies":"2 Louse","floor":5,"turns":1},{"damage":22,"enemies":"3 Sentries","floor":7,"turns":4},{"damage":2,"enemies":"Small Slimes","floor":11,"turns":2},{"damage":7,"enemies":"Exordium Thugs","floor":12,"turns":3},{"damage":22,"enemies":"Lagavulin","floor":14,"turns":6},{"damage":21,"enemies":"The Guardian","floor":16,"turns":15},{"damage":3,"enemies":"Chosen","floor":18,"turns":5},{"damage":15,"enemies":"Shell Parasite","floor":20,"turns":14},{"damage":31,"enemies":"Book of Stabbing","floor":24,"turns":6},{"damage":13,"enemies":"Snecko","floor":27,"turns":5},{"damage":72,"enemies":"Gremlin Leader","floor":28,"turns":7}],"event_choices":[{"event_name":"Scrap Ooze","player_choice":"success","floor":2,"damage_taken":7},{"event_name":"Living Wall","player_choice":"Forget","floor":3,"damage_taken":0},{"event_name":"Shining Light","player_choice":"Entered Light","floor":4,"damage_taken":0},{"event_name":"Cursed Tome","player_choice":"Obtained Book","floor":21,"damage_taken":0}],"boss_relics":[{"not_picked":["Velvet Choker","Runic Pyramid"],"picked":"Orrery"}],"potions_floor_spawned":[7,12,20],"seed_played":"-5812455208186400192","killed_by":"Gremlin Leader","ascension_level":1,"is_trial":false}