{"path_per_floor":["M","$","?","?","?","R","M","?","T","$","M","M","E","T","R","B",null,"M","M","$","?","?","R","?","M","T","R","M","M","R","?","R","B",null,"M","?","?","?","?","M","$","M","T","?","R"],"character_chosen":"IRONCLAD","items_purchased":["Apotheosis","Oddly Smooth Stone"],"gold_per_floor":[119,44,44,44,219,219,231,231,231,131,143,161,191,191,191,289,289,269,280,78,78,3,3,3,13,13,13,30,44,44,44,44,144,144,164,214,214,214,214,224,68,81,81,81,81],"floor_reached":46,"campfire_rested":0,"playtime":3718,"current_hp_per_floor":[80,80,80,80,80,80,76,60,60,60,69,62,63,63,63,11,80,80,80,80,65,65,65,65,73,87,87,86,87,87,87,87,45,99,67,49,89,89,89,84,84,72,72,72,72],"items_purged":["Strike_R","Doubt"],"gold":81,"play_id":"827eea53-510f-4102-84ab-78c3851c76ed","is_prod":false,"is_daily":false,"is_ascension_mode":false,"campfire_upgraded":7,"path_taken":["M","$","?","?","?","R","M","?","T","$","?","M","E","?","R","BOSS","M","M","$","?","?","R","?","M","T","R","M","M","R","?","R","BOSS","M","?","?","?","?","M","$","M","T","?","R","E"],"build_version":"2018-01-25-PROD3","purchased_purges":2,"victory":false,"master_deck":["Strike_R","Strike_R","Defend_R","Defend_R","Defend_R","Bash+1","True Grit+1","Flame Barrier+1","Metallicize+1","Cleave+1","Demon Form+1","Shrug It Off+1","Shrug It Off+1","Apotheosis+1","Battle Trance+1","Heavy Blade","Double Tap+1","Normality"],"max_hp_per_floor":[80,80,80,80,80,80,80,80,80,80,80,80,80,80,80,80,80,80,80,80,85,85,85,85,85,99,99,99,99,99,99,99,99,99,99,99,89,89,89,89,89,89,89,89,89],"relics":["Burning Blood","Magic Flower","Shuriken","Juzu Bracelet","White Beast Statue","Mango","Black Star","Du-Vu Doll","Kunai","Oddly Smooth Stone","Charon\u0027s Ashes"],"card_choices":[{"not_picked":["Perfected Strike","Clothesline"],"picked":"True Grit"},{"not_picked":["Anger","Uppercut"],"picked":"Flame Barrier"},{"not_picked":["Clash","Brutality"],"picked":"Metallicize"},{"not_picked":["Body Slam","Havoc"],"picked":"Cleave"},{"not_picked":["Brutality","Fiend Fire"],"picked":"Demon Form"},{"not_picked":["Seeing Red","Flame Barrier"],"picked":"Shrug It Off"},{"not_picked":["Clash","Flame Barrier"],"picked":"Shrug It Off"},{"not_picked":["Shrug It Off","Thunderclap"],"picked":"Battle Trance"},{"not_picked":["Juggernaut","Flex"],"picked":"Heavy Blade"},{"not_picked":["Fiend Fire","Bludgeon"],"picked":"Double Tap"}],"player_experience":62426,"potions_floor_usage":[13,16,28,28,29,33,36,36,40,40,46],"damage_taken":[{"damage":4,"enemies":"Jaw Worm","floor":1,"turns":5},{"damage":10,"enemies":"Cultist","floor":7,"turns":6},{"damage":0,"enemies":"Small Slimes","floor":11,"turns":5},{"damage":16,"enemies":"Exordium Wildlife","floor":12,"turns":9},{"damage":8,"enemies":"Gremlin Nob","floor":13,"turns":5},{"damage":61,"enemies":"Hexaghost","floor":16,"turns":13},{"damage":2,"enemies":"2 Thieves","floor":18,"turns":5},{"damage":9,"enemies":"Shell Parasite","floor":19,"turns":9},{"damage":1,"enemies":"Snecko","floor":25,"turns":6},{"damage":10,"enemies":"Sentry and Sphere","floor":28,"turns":11},{"damage":8,"enemies":"Centurion and Healer","floor":29,"turns":9},{"damage":51,"enemies":"Champ","floor":33,"turns":13},{"damage":41,"enemies":"3 Shapes","floor":35,"turns":7},{"damage":52,"enemies":"Mysterious Sphere","floor":36,"turns":9},{"damage":14,"enemies":"Orb Walker","floor":40,"turns":7},{"damage":21,"enemies":"3 Darklings","floor":42,"turns":5},{"damage":66,"enemies":"2 Orb Walkers","floor":46,"turns":5}],"event_choices":[{"event_name":"Match and Keep!","player_choice":"0 cards matched","floor":3,"damage_taken":0},{"event_name":"Upgrade Shrine","player_choice":"Upgraded","floor":4,"damage_taken":0},{"event_name":"Liars Game","player_choice":"agreed","floor":5,"damage_taken":0},{"event_name":"Shining Light","player_choice":"Entered Light","floor":8,"damage_taken":0},{"event_name":"Forgotten Altar","player_choice":"Shed Blood","floor":21,"damage_taken":0},{"event_name":"Beggar","player_choice":"Gave Gold","floor":22,"damage_taken":0},{"event_name":"Back to Basics","player_choice":"Elegance","floor":24,"damage_taken":0},{"event_name":"Drug Dealer","player_choice":"Ignored","floor":31,"damage_taken":0},{"event_name":"Mysterious Sphere","player_choice":"Fight","floor":36,"damage_taken":0},{"event_name":"The Moai Head","player_choice":"Heal","floor":37,"damage_taken":0},{"event_name":"Accursed Blacksmith","player_choice":"Rummage","floor":38,"damage_taken":0},{"event_name":"Tomb of Lord Red Mask","player_choice":"Ignored","floor":39,"damage_taken":0}],"boss_relics":[{"not_picked":["Runic Pyramid","Eternal Feather"],"picked":"White Beast Statue"},{"not_picked":["Lizard Tail","Tiny House"],"picked":"Black Star"}],"potions_floor_spawned":[7,12,18,19,25,28,29,33,35,36,40,42],"seed_played":"-8424090145764335784","killed_by":"2 Orb Walkers","ascension_level":0,"is_trial":false}