{"path_per_floor":["M","$","M","$","?","M","?","M","T","E","M","R","T","?","R","B",null,"M","?","?","$","?"],"character_chosen":"THE_SILENT","items_purchased":["All Out Attack","Mercury Hourglass","Jack Of All Trades"],"gold_per_floor":[115,48,59,59,59,79,136,154,177,211,230,230,256,256,256,354,354,367,367,367,15,15],"floor_reached":23,"campfire_rested":1,"playtime":2188,"current_hp_per_floor":[70,70,68,68,68,68,68,68,68,63,60,60,60,46,67,40,70,55,55,55,55,39],"items_purged":[],"gold":15,"score":187,"play_id":"55ac02f0-028e-473b-83fa-f1375315e757","is_prod":false,"is_daily":false,"is_ascension_mode":false,"campfire_upgraded":1,"path_taken":["M","$","?","$","?","?","?","M","T","E","M","R","?","?","R","BOSS","M","?","?","?","?","E"],"build_version":"2018-02-22-PROD2","purchased_purges":0,"victory":false,"master_deck":["Defend_G","Defend_G","Defend_G","Defend_G","Defend_G","Strike_G","Strike_G","Strike_G","Strike_G+1","Strike_G","Survivor+1","Neutralize","Distraction+1","All Out Attack","Deflect","Dodge and Roll","Predator","Dagger Spray","Burst","Footwork","Jack Of All Trades"],"max_hp_per_floor":[70,70,70,70,70,70,70,70,70,70,70,70,70,70,70,70,70,70,70,70,70,70],"relics":["Philosopher\u0027s Stone","Art of War","Juzu Bracelet","Bag of Marbles","Velvet Choker","Bag of Preparation","Ginger","Mercury Hourglass","Nilry\u0027s Codex"],"card_choices":[{"not_picked":["Masterful Stab","Prepared"],"picked":"Distraction"},{"not_picked":["Malaise","Acrobatics"],"picked":"Deflect"},{"not_picked":["Setup","Acrobatics"],"picked":"Dodge and Roll"},{"not_picked":["Night Terror","Backflip"],"picked":"Predator"},{"not_picked":["Poisoned Stab","Predator"],"picked":"Dagger Spray"},{"not_picked":["Night Terror","Tools of the Trade"],"picked":"Burst"},{"not_picked":["Dodge and Roll","Underhanded Strike"],"picked":"Footwork"}],"player_experience":184972,"potions_floor_usage":[10,16,23,23],"damage_taken":[{"damage":0,"enemies":"Cultist","floor":1,"turns":4},{"damage":2,"enemies":"2 Louse","floor":3,"turns":3},{"damage":0,"enemies":"Small Slimes","floor":6,"turns":3},{"damage":0,"enemies":"Exordium Wildlife","floor":8,"turns":3},{"damage":5,"enemies":"3 Sentries","floor":10,"turns":9},{"damage":3,"enemies":"Red Slaver","floor":11,"turns":4},{"damage":27,"enemies":"Slime Boss","floor":16,"turns":8},{"damage":15,"enemies":"3 Byrds","floor":18,"turns":4},{"damage":46,"enemies":"Gremlin Leader","floor":23,"turns":4}],"event_choices":[{"event_name":"The Cleric","player_choice":"Leave","floor":5,"damage_taken":0},{"event_name":"Golden Wing","player_choice":"Gained Gold","floor":7,"damage_taken":0},{"event_name":"Shining Light","player_choice":"Entered Light","floor":14,"damage_taken":0},{"event_name":"The Mausoleum","player_choice":"Yes","floor":19,"damage_taken":0},{"event_name":"Accursed Blacksmith","player_choice":"Rummage","floor":20,"damage_taken":0},{"event_name":"Cursed Tome","player_choice":"Obtained Book","floor":22,"damage_taken":0}],"boss_relics":[{"not_picked":["Lizard Tail","Cursed Key"],"picked":"Velvet Choker"}],"potions_floor_spawned":[1,3,18],"seed_played":"3206588071288690686","killed_by":"Gremlin Leader","ascension_level":0,"is_trial":false}