{"gold_per_floor":[115,125,50,62,73,73,102,102,102,102,121,156,168,199,199,275,275,285,296,13,26,41,73,73],"floor_reached":24,"playtime":1608,"items_purged":["Strike_G"],"score":551,"play_id":"4491d3e3-4ca8-47a3-8f13-b711370d1bad","local_time":"20180827175004","is_ascension_mode":true,"campfire_choices":[{"data":"Neutralize","floor":6,"key":"SMITH"},{"data":"Backstab","floor":8,"key":"SMITH"},{"data":"Footwork","floor":15,"key":"SMITH"}],"neow_cost":"NONE","seed_source_timestamp":243620452297650,"circlet_count":0,"master_deck":["Defend_G","Defend_G","Defend_G","Defend_G","Defend_G","Strike_G","Strike_G","Strike_G","Survivor","Neutralize+1","AscendersBane","Backstab+1","Accuracy","Dash","All Out Attack+1","Backflip","Terror","Infinite Blades","Footwork+1","Poisoned Stab","Glass Knife","Blade Dance","Bane+1","Noxious Fumes","Blur"],"relics":["Ring of the Snake","Blood Vial","Snake Skull","Pantograph","Bottled Flame","Strawberry","WristBlade","ClockworkSouvenir","Oddly Smooth Stone"],"potions_floor_usage":[7,12,14,16,16,23,24],"damage_taken":[{"damage":6,"enemies":"Jaw Worm","floor":1,"turns":5},{"damage":0,"enemies":"Small Slimes","floor":2,"turns":4},{"damage":0,"enemies":"2 Louse","floor":4,"turns":1},{"damage":0,"enemies":"2 Fungi Beasts","floor":5,"turns":4},{"damage":18,"enemies":"Gremlin Nob","floor":7,"turns":5},{"damage":0,"enemies":"Gremlin Gang","floor":11,"turns":5},{"damage":0,"enemies":"Lagavulin","floor":12,"turns":6},{"damage":0,"enemies":"Large Slime","floor":13,"turns":6},{"damage":13,"enemies":"3 Sentries","floor":14,"turns":7},{"damage":0,"enemies":"The Guardian","floor":16,"turns":8},{"damage":2,"enemies":"Shell Parasite","floor":18,"turns":6},{"damage":16,"enemies":"2 Thieves","floor":19,"turns":4},{"damage":2,"enemies":"Snecko","floor":21,"turns":5},{"damage":25,"enemies":"Cultist and Chosen","floor":22,"turns":5},{"damage":34,"enemies":"Book of Stabbing","floor":23,"turns":7},{"damage":2,"enemies":"Shelled Parasite and Fungi","floor":24,"turns":3}],"seed_played":"-3276929563247817250","potions_obtained":[{"floor":4,"key":"Dexterity Potion"},{"floor":5,"key":"Ancient Potion"},{"floor":7,"key":"PowerPotion"},{"floor":13,"key":"Regen Potion"},{"floor":14,"key":"LiquidBronze"},{"floor":22,"key":"Dexterity Potion"},{"floor":23,"key":"AttackPotion"}],"is_trial":false,"path_per_floor":["M","M","?","M","M","R","E","R","T","?","M","E","M","E","R","B",null,"M","M","$","M","M","E"],"character_chosen":"THE_SILENT","items_purchased":["ClockworkSouvenir"],"campfire_rested":0,"item_purchase_floors":[20],"current_hp_per_floor":[55,57,57,59,61,61,45,45,45,45,47,49,51,62,62,73,73,71,57,57,57,34,2,2],"gold":73,"neow_bonus":"RANDOM_COMMON_RELIC","is_prod":false,"is_daily":false,"chose_seed":false,"campfire_upgraded":3,"win_rate":0,"timestamp":1535406604,"path_taken":["M","M","?","M","M","R","E","R","T","?","M","E","M","E","R","BOSS","M","M","$","M","M","E","M"],"build_version":"2018-08-23v2","purchased_purges":1,"victory":false,"max_hp_per_floor":[66,66,66,66,66,66,66,66,66,66,66,66,66,73,73,73,73,73,73,73,73,73,73,73],"card_choices":[{"not_picked":["Cloak And Dagger","Poisoned Stab"],"picked":"Backstab","floor":1},{"not_picked":["Blade Dance","Choke"],"picked":"Accuracy","floor":2},{"not_picked":["Underhanded Strike","Slice"],"picked":"Dash","floor":4},{"not_picked":["Caltrops","Underhanded Strike"],"picked":"All Out Attack","floor":5},{"not_picked":["Dagger Spray","Endless Agony"],"picked":"Backflip","floor":7},{"not_picked":["Dash","Eviscerate"],"picked":"Terror","floor":11},{"not_picked":["Calculated Gamble","PiercingWail"],"picked":"Infinite Blades","floor":12},{"not_picked":["All Out Attack","Dagger Spray"],"picked":"Footwork","floor":13},{"not_picked":["Terror","Slice"],"picked":"Poisoned Stab","floor":14},{"not_picked":["Night Terror","Wraith Form v2"],"picked":"Glass Knife","floor":16},{"not_picked":["Outmaneuver","Sucker Punch","Dagger Throw"],"picked":"SKIP","floor":18},{"not_picked":["Prepared","Slice+1"],"picked":"Blade Dance","floor":19},{"not_picked":["Dagger Throw","Heel Hook+1"],"picked":"Bane+1","floor":21},{"not_picked":["Dagger Throw","Skewer"],"picked":"Noxious Fumes","floor":22},{"not_picked":["Acrobatics","Accuracy"],"picked":"Blur","floor":23}],"player_experience":620016,"relics_obtained":[{"floor":7,"key":"Snake Skull"},{"floor":9,"key":"Pantograph"},{"floor":12,"key":"Bottled Flame"},{"floor":14,"key":"Strawberry"},{"floor":23,"key":"Oddly Smooth Stone"}],"event_choices":[{"event_name":"The Cleric","player_choice":"Card Removal","floor":3,"damage_taken":0},{"event_name":"Living Wall","player_choice":"Grow","floor":10,"damage_taken":0}],"is_beta":false,"boss_relics":[{"not_picked":["Coffee Dripper","Runic Dome"],"picked":"WristBlade"}],"items_purged_floors":[20],"is_endless":false,"potions_floor_spawned":[4,5,7,13,14,22,23],"killed_by":"Shelled Parasite and Fungi","ascension_level":15}