{"gold_per_floor":[113,113,131,144,156,156,188,188,188,217,233,233,252,252,252,326,326,338,12,62,62,62,62],"floor_reached":23,"playtime":681,"items_purged":[],"score":413,"play_id":"9dced665-56a3-46b9-a3f0-e8b901dc1cc5","local_time":"20190319220626","is_ascension_mode":true,"campfire_choices":[{"data":"Creative AI","floor":6,"key":"SMITH"},{"floor":8,"key":"REST"},{"data":"Fission","floor":12,"key":"SMITH"},{"data":"Hologram","floor":15,"key":"SMITH"}],"neow_cost":"NONE","seed_source_timestamp":533880934779826,"circlet_count":0,"master_deck":["AscendersBane","Defend_B","Defend_B","Defend_B","Defend_B","Zap+1","Dualcast","Compile Driver","Ball Lightning","Coolheaded","Creative AI+1","Hologram+1","Fission+1","Stack","Hyperbeam","BootSequence+1","Bite","Bite","Bite","Bite","Bite","Shame"],"relics":["Cracked Core","NeowsBlessing","Boot","Juzu Bracelet","Bottled Lightning","Snecko Eye","Turnip","Symbiotic Virus"],"potions_floor_usage":[7,16,16],"damage_taken":[{"damage":0,"enemies":"Small Slimes","floor":1,"turns":1},{"damage":0,"enemies":"Cultist","floor":3,"turns":1},{"damage":0,"enemies":"Jaw Worm","floor":4,"turns":1},{"damage":7,"enemies":"Red Slaver","floor":5,"turns":3},{"damage":28,"enemies":"Gremlin Nob","floor":7,"turns":4},{"damage":13,"enemies":"Lagavulin","floor":10,"turns":6},{"damage":12,"enemies":"Looter","floor":11,"turns":3},{"damage":4,"enemies":"2 Fungi Beasts","floor":13,"turns":4},{"damage":12,"enemies":"Hexaghost","floor":16,"turns":11},{"damage":20,"enemies":"2 Thieves","floor":18,"turns":3},{"damage":33,"enemies":"Book of Stabbing","floor":23,"turns":4}],"seed_played":"5442342913071036266","potions_obtained":[{"floor":5,"key":"Poison Potion"},{"floor":10,"key":"LiquidBronze"},{"floor":13,"key":"Weak Potion"}],"is_trial":false,"path_per_floor":["M","?","M","M","M","R","E","R","T","E","M","R","M","?","R","B",null,"M","$","?","?","?","E"],"character_chosen":"DEFECT","items_purchased":["Turnip"],"campfire_rested":1,"item_purchase_floors":[19],"current_hp_per_floor":[64,64,64,64,57,57,29,50,50,37,25,25,21,21,21,9,56,36,36,36,36,36,5],"gold":62,"neow_bonus":"THREE_ENEMY_KILL","is_prod":false,"is_daily":false,"chose_seed":false,"campfire_upgraded":3,"win_rate":0,"timestamp":1553047586,"path_taken":["M","?","M","?","M","R","E","R","T","E","M","R","M","?","R","BOSS","M","$","?","?","?","E"],"build_version":"2019-01-23","purchased_purges":0,"victory":false,"max_hp_per_floor":[71,71,71,71,71,71,71,71,71,71,71,71,71,71,71,71,71,71,71,71,49,49,49],"card_choices":[{"not_picked":["Conserve Battery","Streamline"],"picked":"Compile Driver","floor":1},{"not_picked":["Barrage","Aggregate"],"picked":"Ball Lightning","floor":3},{"not_picked":["Streamline","Compile Driver"],"picked":"Coolheaded","floor":4},{"not_picked":["Streamline","Chaos"],"picked":"Creative AI","floor":5},{"not_picked":["Force Field","Rip and Tear"],"picked":"Hologram","floor":7},{"not_picked":["Rip and Tear","Sweeping Beam"],"picked":"Fission","floor":10},{"not_picked":["Streamline","Heatsinks"],"picked":"Stack","floor":11},{"not_picked":["Blizzard","Steam Power","Barrage"],"picked":"SKIP","floor":13},{"not_picked":["Meteor Strike","All For One"],"picked":"Hyperbeam","floor":16},{"not_picked":["Rebound","Barrage"],"picked":"BootSequence+1","floor":18}],"player_experience":458199,"relics_obtained":[{"floor":7,"key":"Boot"},{"floor":9,"key":"Juzu Bracelet"},{"floor":10,"key":"Bottled Lightning"}],"event_choices":[{"damage_healed":0,"gold_gain":0,"player_choice":"0 cards matched","damage_taken":0,"max_hp_gain":0,"max_hp_loss":0,"event_name":"Match and Keep!","floor":2,"gold_loss":0,"cards_obtained":[]},{"damage_healed":0,"gold_gain":0,"player_choice":"Grow","damage_taken":0,"max_hp_gain":0,"max_hp_loss":0,"event_name":"Living Wall","floor":14,"gold_loss":0,"cards_upgraded":["Zap"]},{"damage_healed":0,"gold_gain":50,"player_choice":"Pray","damage_taken":0,"max_hp_gain":0,"max_hp_loss":0,"event_name":"Golden Shrine","floor":20,"gold_loss":0},{"damage_healed":0,"gold_gain":0,"player_choice":"Became a vampire","damage_taken":0,"max_hp_gain":0,"max_hp_loss":22,"event_name":"Vampires","floor":21,"gold_loss":0,"cards_obtained":["Bite","Bite","Bite","Bite","Bite"]},{"damage_healed":0,"gold_gain":0,"player_choice":"Stole Relic","damage_taken":0,"relics_obtained":["Symbiotic Virus"],"max_hp_gain":0,"max_hp_loss":0,"event_name":"Addict","floor":22,"gold_loss":0,"cards_obtained":["Shame"]}],"is_beta":false,"boss_relics":[{"not_picked":["White Beast Statue","Lizard Tail"],"picked":"Snecko Eye"}],"items_purged_floors":[],"is_endless":false,"potions_floor_spawned":[5,10,13],"killed_by":"Book of Stabbing","ascension_level":19}