{"path_per_floor":["M","$","M","?","?","E","R","M","T","E","M","M","R","M","R","B",null,"M","?","M","?","M","R","?","?","T","M","R","M","R","M","R","B",null,"M","$","M","M","$","E"],"character_chosen":"IRONCLAD","items_purchased":["Ghostly Armor","War Paint","Ancient Tea Set"],"gold_per_floor":[112,37,53,3,3,30,30,50,75,104,116,129,129,144,144,241,241,258,258,274,274,290,290,290,290,344,362,362,377,377,388,388,486,486,506,176,186,204,59,91],"floor_reached":41,"campfire_rested":3,"playtime":1443,"current_hp_per_floor":[72,72,76,76,76,64,64,66,66,40,46,44,44,45,69,47,72,76,76,58,80,52,52,52,52,52,39,63,61,61,47,71,32,68,53,53,59,69,69,26],"items_purged":["Strike_R","Strike_R"],"gold":91,"score":595,"play_id":"2262b7cc-9b5c-40d0-828b-6996a2bf0771","is_prod":false,"is_daily":false,"is_ascension_mode":true,"campfire_upgraded":4,"path_taken":["M","?","M","?","?","E","R","M","T","E","?","M","R","M","R","BOSS","M","?","M","?","M","R","?","?","T","M","R","M","R","M","R","BOSS","M","$","M","M","$","E","?"],"build_version":"2018-02-22-PROD1","purchased_purges":2,"victory":false,"master_deck":["Strike_R","Defend_R+1","Defend_R+1","Defend_R","Bash+1","Whirlwind+1","Pommel Strike+1","Flex+1","Inflame","Heavy Blade+1","Limit Break+1","Pommel Strike+1","Inflame","Shockwave","Iron Wave","Ghostly Armor","Clash+1"],"max_hp_per_floor":[80,80,80,80,80,80,80,80,80,80,80,80,80,80,80,80,80,80,80,80,80,80,80,80,80,80,80,80,80,80,80,80,80,80,80,80,80,80,80,80],"relics":["Black Blood","Letter Opener","Happy Flower","Gremlin Horn","Bag of Preparation","Cursed Key","War Paint","Ancient Tea Set","Whetstone"],"card_choices":[{"not_picked":["Wild Strike","Armaments"],"picked":"Whirlwind"},{"not_picked":["Thunderclap","Infernal Blade"],"picked":"Pommel Strike"},{"not_picked":["Clothesline","Headbutt"],"picked":"Flex"},{"not_picked":["Carnage","Armaments"],"picked":"Inflame"},{"not_picked":["Juggernaut","Cleave"],"picked":"Heavy Blade"},{"not_picked":["Bludgeon","Juggernaut"],"picked":"Limit Break"},{"not_picked":["Pummel","Carnage"],"picked":"Pommel Strike"},{"not_picked":["Second Wind","Cleave"],"picked":"Inflame"},{"not_picked":["Spot Weakness","Bludgeon"],"picked":"Shockwave"},{"not_picked":["Intimidate","Anger"],"picked":"Iron Wave"},{"not_picked":["Pommel Strike","Thunderclap"],"picked":"Clash"}],"player_experience":231445,"potions_floor_usage":[6,6,6,16,27,33,38,40],"damage_taken":[{"damage":6,"enemies":"Cultist","floor":1,"turns":4},{"damage":2,"enemies":"Small Slimes","floor":3,"turns":3},{"damage":28,"enemies":"Lagavulin","floor":6,"turns":5},{"damage":4,"enemies":"2 Louse","floor":8,"turns":2},{"damage":32,"enemies":"Gremlin Nob","floor":10,"turns":4},{"damage":0,"enemies":"2 Fungi Beasts","floor":11,"turns":2},{"damage":8,"enemies":"Large Slime","floor":12,"turns":3},{"damage":5,"enemies":"Gremlin Gang","floor":14,"turns":2},{"damage":28,"enemies":"Slime Boss","floor":16,"turns":8},{"damage":6,"enemies":"Spheric Guardian","floor":18,"turns":3},{"damage":28,"enemies":"2 Thieves","floor":20,"turns":3},{"damage":38,"enemies":"Snake Plant","floor":22,"turns":3},{"damage":23,"enemies":"Centurion and Healer","floor":27,"turns":2},{"damage":12,"enemies":"Chosen and Byrds","floor":29,"turns":5},{"damage":24,"enemies":"Snake Plant","floor":31,"turns":2},{"damage":49,"enemies":"Champ","floor":33,"turns":7},{"damage":25,"enemies":"3 Darklings","floor":35,"turns":2},{"damage":4,"enemies":"3 Shapes","floor":37,"turns":4},{"damage":0,"enemies":"3 Darklings","floor":38,"turns":3},{"damage":53,"enemies":"Nemesis","floor":40,"turns":7},{"damage":31,"enemies":"Maw","floor":41,"turns":4}],"event_choices":[{"event_name":"The Cleric","player_choice":"Card Removal","floor":4,"damage_taken":0},{"event_name":"The Lab","player_choice":"Got Potions","floor":5,"damage_taken":0},{"event_name":"Purifier","player_choice":"One Purge","floor":19,"damage_taken":0},{"event_name":"The Library","player_choice":"Heal","floor":21,"damage_taken":0},{"event_name":"The Mausoleum","player_choice":"No","floor":24,"damage_taken":0},{"event_name":"Vampires","player_choice":"Ignored","floor":25,"damage_taken":0}],"boss_relics":[{"not_picked":["Runic Pyramid","Pandora\u0027s Box"],"picked":"Black Blood"},{"not_picked":["Tiny House","Runic Dome"],"picked":"Cursed Key"}],"potions_floor_spawned":[1,10,12,16,20,22,27,35],"seed_played":"-1202286585799313286","killed_by":"Maw","ascension_level":9,"is_trial":false}