{"gold_per_floor":[119,77,17,34,48,48,81,81,129,139,174,191,201,10,10,84,84,103,120,120,35,45,45,80,92,180,192,0,12,24,52,64,147,159,190,202,214,237,249,261,64,76,103,118,118,152,162,142,142,142],"floor_reached":51,"playtime":2825,"items_purged":["Strike_G"],"score":1270,"play_id":"463d49c7-1fa2-418b-aa84-cf8774245c71","local_time":"20180929193000","is_ascension_mode":true,"campfire_choices":[{"data":"Flechettes","floor":6,"key":"SMITH"},{"data":"Neutralize","floor":15,"key":"SMITH"},{"data":"Envenom","floor":23,"key":"SMITH"},{"floor":27,"key":"REST"},{"data":"Footwork","floor":32,"key":"SMITH"},{"data":"Venomology","floor":40,"key":"SMITH"},{"data":"Mind Blast","floor":45,"key":"SMITH"},{"data":"Bouncing Flask","floor":49,"key":"SMITH"}],"neow_cost":"PERCENT_DAMAGE","seed_source_timestamp":1220222309558533,"circlet_count":0,"master_deck":["Defend_G+1","Defend_G+1","Defend_G+1","Defend_G+1","Strike_G+1","Strike_G+1","Strike_G+1","Survivor","Neutralize+1","AscendersBane","Flechettes+1","Doppelganger","Backflip","Bouncing Flask+1","Quick Slash","Glass Knife","PiercingWail","Crippling Poison","Escape Plan","Bandage Up","Envenom+1","Leg Sweep","Deflect+1","Heel Hook+1","Corpse Explosion","Footwork+1","Dagger Spray","Venomology+1","Terror","Madness","Madness","Caltrops","Mind Blast+1"],"special_seed":0,"relics":["Ring of the Snake","Dream Catcher","Bag of Marbles","Calipers","Runic Pyramid","MutagenicStrength","FossilizedHelix","MawBank","Darkstone Periapt","Busted Crown","Bottled Lightning","Anchor","Bottled Flame"],"potions_floor_usage":[7,13,22,35,38,38,42,42,46,46,46,50,50,50],"damage_taken":[{"damage":0,"enemies":"Jaw Worm","floor":1,"turns":5},{"damage":2,"enemies":"Small Slimes","floor":4,"turns":4},{"damage":0,"enemies":"2 Louse","floor":5,"turns":2},{"damage":8,"enemies":"Gremlin Nob","floor":7,"turns":3},{"damage":6,"enemies":"Exordium Thugs","floor":10,"turns":3},{"damage":22,"enemies":"3 Sentries","floor":11,"turns":8},{"damage":0,"enemies":"Looter","floor":12,"turns":1},{"damage":2,"enemies":"3 Louse","floor":13,"turns":3},{"damage":25,"enemies":"Hexaghost","floor":16,"turns":11},{"damage":5,"enemies":"Chosen","floor":18,"turns":5},{"damage":7,"enemies":"3 Byrds","floor":19,"turns":7},{"damage":0,"enemies":"Cultist and Chosen","floor":22,"turns":7},{"damage":59,"enemies":"Book of Stabbing","floor":24,"turns":6},{"damage":0,"enemies":"Chosen and Byrds","floor":31,"turns":6},{"damage":23,"enemies":"Collector","floor":33,"turns":12},{"damage":0,"enemies":"3 Darklings","floor":35,"turns":5},{"damage":0,"enemies":"Orb Walker","floor":38,"turns":4},{"damage":0,"enemies":"Sphere and 2 Shapes","floor":42,"turns":6},{"damage":2,"enemies":"Maw","floor":44,"turns":7},{"damage":22,"enemies":"Giant Head","floor":46,"turns":8},{"damage":0,"enemies":"3 Darklings","floor":47,"turns":2},{"damage":47,"enemies":"Time Eater","floor":50,"turns":12}],"seed_played":"-2342125653877896412","potions_obtained":[{"floor":10,"key":"GamblersBrew"},{"floor":11,"key":"GamblersBrew"},{"floor":12,"key":"Fruit Juice"},{"floor":24,"key":"GamblersBrew"},{"floor":31,"key":"Ancient Potion"},{"floor":38,"key":"FearPotion"},{"floor":47,"key":"Fire Potion"},{"floor":48,"key":"Regen Potion"}],"is_trial":false,"path_per_floor":["M","?","$","M","M","R","E","?","T","M","E","M","M","$","R","B",null,"M","M","?","?","M","R","E","$","T","R","?","$","?","M","R","B",null,"M","?","T","M","?","R","$","M","T","M","R","E","M","?","R","B"],"character_chosen":"THE_SILENT","items_purchased":["Fire Potion","Bandage Up","Caltrops","Mind Blast"],"campfire_rested":1,"item_purchase_floors":[3,14,41,41],"current_hp_per_floor":[44,44,44,42,42,42,34,56,56,50,28,28,31,31,31,10,56,55,52,52,52,56,56,1,1,1,22,22,22,22,26,26,7,55,59,59,59,63,50,50,50,54,54,56,56,38,42,42,42,14],"gold":142,"neow_bonus":"TRANSFORM_TWO_CARDS","is_prod":false,"is_daily":false,"chose_seed":false,"campfire_upgraded":7,"win_rate":0,"timestamp":1538263800,"path_taken":["M","?","?","M","M","R","E","?","T","M","E","M","M","$","R","BOSS","M","M","?","?","?","R","E","?","T","R","?","$","?","M","R","BOSS","M","?","?","M","?","R","$","?","T","M","R","E","M","?","R","BOSS"],"build_version":"2018-09-27","purchased_purges":1,"victory":true,"max_hp_per_floor":[66,66,66,66,66,66,66,66,66,66,66,66,71,71,71,71,71,71,71,71,71,71,71,71,71,71,71,71,71,71,71,71,71,71,71,71,71,71,71,71,71,71,71,71,71,71,71,71,71,71],"card_choices":[{"not_picked":["Infinite Blades","Bane"],"picked":"Backflip","floor":1},{"not_picked":["Flying Knee","Well Laid Plans"],"picked":"Bouncing Flask","floor":4},{"not_picked":["Underhanded Strike","Tactician"],"picked":"Quick Slash","floor":5},{"not_picked":["Acrobatics","Riddle With Holes"],"picked":"Glass Knife","floor":7},{"not_picked":["Deadly Poison","Flying Knee"],"picked":"PiercingWail","floor":10},{"not_picked":["Outmaneuver","Bane"],"picked":"Crippling Poison","floor":11},{"not_picked":["Outmaneuver","Leg Sweep"],"picked":"Escape Plan","floor":12},{"not_picked":["Bane","Underhanded Strike","Flying Knee"],"picked":"SKIP","floor":13},{"not_picked":["Night Terror","Wraith Form v2"],"picked":"Envenom","floor":16},{"not_picked":["Dodge and Roll","Acrobatics"],"picked":"Leg Sweep","floor":18},{"not_picked":["Blade Dance","Acrobatics"],"picked":"Deflect+1","floor":19},{"not_picked":["Dagger Spray","PiercingWail"],"picked":"Heel Hook+1","floor":22},{"not_picked":["Dash","Masterful Stab"],"picked":"Corpse Explosion","floor":24},{"not_picked":["PiercingWail","Endless Agony"],"picked":"Footwork","floor":27},{"not_picked":["Terror","Deflect"],"picked":"Dagger Spray","floor":31},{"not_picked":["Malaise","Adrenaline"],"picked":"Venomology","floor":33},{"not_picked":[],"picked":"Terror","floor":35},{"not_picked":["Predator"],"picked":"SKIP","floor":38},{"not_picked":["Outmaneuver"],"picked":"SKIP","floor":42},{"not_picked":["Blade Dance"],"picked":"SKIP","floor":44},{"not_picked":["Infinite Blades"],"picked":"SKIP","floor":46},{"not_picked":["Cloak And Dagger"],"picked":"SKIP","floor":47}],"player_experience":744472,"relics_obtained":[{"floor":7,"key":"Dream Catcher"},{"floor":9,"key":"Bag of Marbles"},{"floor":11,"key":"Calipers"},{"floor":24,"key":"MawBank"},{"floor":26,"key":"Darkstone Periapt"},{"floor":37,"key":"Bottled Lightning"},{"floor":43,"key":"Anchor"},{"floor":46,"key":"Bottled Flame"}],"event_choices":[{"event_name":"World of Goop","player_choice":"Left","floor":2,"damage_taken":0},{"event_name":"Big Fish","player_choice":"Banana","floor":8,"damage_taken":0},{"event_name":"Drug Dealer","player_choice":"Inject Mutagens","floor":20,"damage_taken":0},{"event_name":"Addict","player_choice":"Obtained Relic","floor":21,"damage_taken":0},{"event_name":"Masked Bandits","player_choice":"Paid Fearfully","floor":28,"damage_taken":0},{"event_name":"Back to Basics","player_choice":"Simplicity","floor":30,"damage_taken":0},{"event_name":"Tomb of Lord Red Mask","player_choice":"Ignored","floor":36,"damage_taken":0},{"event_name":"Winding Halls","player_choice":"Embrace Madness","floor":39,"damage_taken":0},{"event_name":"The Woman in Blue","player_choice":"Bought 1 Potion","floor":48,"damage_taken":0}],"is_beta":false,"boss_relics":[{"not_picked":["Calling Bell","Lizard Tail"],"picked":"Runic Pyramid"},{"not_picked":["Black Star","Empty Cage"],"picked":"Busted Crown"}],"items_purged_floors":[14],"is_endless":false,"potions_floor_spawned":[10,11,12,24,31,38,47],"ascension_level":18}