{"gold_per_floor":[119,44,119,16,29,58,74,101,177,177,177,195,221,236,236,310,310,296,308,308,308],"floor_reached":21,"playtime":833,"items_purged":[],"score":373,"play_id":"7376e88d-07cc-4d65-a1ae-616871875cc1","local_time":"20190225142322","is_ascension_mode":true,"campfire_choices":[{"floor":11,"key":"REST"},{"floor":15,"key":"REST"}],"neow_cost":"NONE","seed_source_timestamp":1086952716499249,"circlet_count":0,"master_deck":["AscendersBane","Defend_B","Defend_B","Defend_B","Defend_B","Zap","Dualcast","Redo","Beam Cell","Go for the Eyes","Lockon","Compile Driver","Self Repair","Stack","Creative AI","Hologram","Creative AI","Turbo+1","Coolheaded+1","Bite","Bite","Bite","Bite","Bite"],"relics":["Cracked Core","Boot","Mango","Art of War","GremlinMask","Regal Pillow","Inserter"],"potions_floor_usage":[6,8,12,12,13],"damage_taken":[{"damage":4,"enemies":"2 Louse","floor":1,"turns":2},{"damage":1,"enemies":"Small Slimes","floor":5,"turns":3},{"damage":15,"enemies":"Lagavulin","floor":6,"turns":6},{"damage":7,"enemies":"Jaw Worm","floor":7,"turns":3},{"damage":17,"enemies":"3 Sentries","floor":8,"turns":7},{"damage":18,"enemies":"Lots of Slimes","floor":12,"turns":5},{"damage":33,"enemies":"Gremlin Nob","floor":13,"turns":5},{"damage":0,"enemies":"2 Fungi Beasts","floor":14,"turns":2},{"damage":24,"enemies":"Slime Boss","floor":16,"turns":9},{"damage":33,"enemies":"2 Thieves","floor":18,"turns":5},{"damage":43,"enemies":"Spheric Guardian","floor":19,"turns":6},{"damage":20,"enemies":"3 Cultists","floor":21,"turns":3}],"seed_played":"-7746990587038356752","potions_obtained":[{"floor":6,"key":"SpeedPotion"},{"floor":7,"key":"SpeedPotion"},{"floor":8,"key":"EntropicBrew"},{"floor":18,"key":"Ancient Potion"}],"is_trial":false,"path_per_floor":["M","?","?","$","M","E","M","E","T","?","R","M","E","M","R","B",null,"M","M","?","M"],"character_chosen":"DEFECT","items_purchased":["Beam Cell","AttackPotion"],"campfire_rested":2,"item_purchase_floors":[4,4],"current_hp_per_floor":[60,60,49,49,48,47,40,23,23,23,48,37,11,11,51,27,71,45,9,9,0],"gold":308,"neow_bonus":"RANDOM_COMMON_RELIC","is_prod":false,"is_daily":false,"chose_seed":false,"campfire_upgraded":0,"win_rate":0,"timestamp":1551122602,"path_taken":["M","?","?","$","?","E","?","E","T","?","R","M","E","?","R","BOSS","M","M","?","M"],"build_version":"2019-01-23","purchased_purges":0,"victory":false,"max_hp_per_floor":[71,71,71,71,71,85,85,85,85,85,85,85,85,85,85,85,85,85,85,59,59],"card_choices":[{"not_picked":["Stack","Barrage"],"picked":"Redo","floor":1},{"not_picked":["Barrage","Hello World"],"picked":"Go for the Eyes","floor":5},{"not_picked":["Leap","Barrage"],"picked":"Lockon","floor":6},{"not_picked":["Sweeping Beam","Fusion"],"picked":"Compile Driver","floor":7},{"not_picked":["Conserve Battery","Compile Driver"],"picked":"Self Repair","floor":8},{"not_picked":["Gash","Compile Driver"],"picked":"Stack","floor":12},{"not_picked":["Sunder","Redo"],"picked":"Creative AI","floor":13},{"not_picked":["Self Repair","Skim"],"picked":"Hologram","floor":14},{"not_picked":["Machine Learning","Rainbow"],"picked":"Creative AI","floor":16},{"not_picked":["Recycle","Fusion"],"picked":"Turbo+1","floor":18},{"not_picked":["Consume","Static Discharge"],"picked":"Coolheaded+1","floor":19}],"player_experience":373564,"relics_obtained":[{"floor":6,"key":"Mango"},{"floor":8,"key":"Art of War"},{"floor":13,"key":"Regal Pillow"}],"event_choices":[{"cards_removed":["Strike_B"],"damage_healed":0,"gold_gain":0,"player_choice":"Card Removal","damage_taken":0,"max_hp_gain":0,"max_hp_loss":0,"event_name":"The Cleric","floor":2,"gold_loss":75},{"damage_healed":0,"gold_gain":75,"player_choice":"Gather Gold","damage_taken":11,"max_hp_gain":0,"max_hp_loss":0,"event_name":"World of Goop","floor":3,"gold_loss":0},{"damage_healed":0,"gold_gain":0,"player_choice":"Trade","damage_taken":0,"relics_obtained":["GremlinMask"],"max_hp_gain":0,"max_hp_loss":0,"event_name":"FaceTrader","floor":10,"gold_loss":0},{"damage_healed":0,"gold_gain":0,"player_choice":"Became a vampire","damage_taken":0,"max_hp_gain":0,"max_hp_loss":26,"event_name":"Vampires","floor":20,"gold_loss":0,"cards_obtained":["Bite","Bite","Bite","Bite","Bite"]}],"is_beta":false,"boss_relics":[{"not_picked":["Busted Crown","FrozenCore"],"picked":"Inserter"}],"items_purged_floors":[],"is_endless":false,"potions_floor_spawned":[6,7,8,12,18],"killed_by":"3 Cultists","ascension_level":15}