{"gold_per_floor":[118,136,136,150,150,150,164,180,207,207,248,248,26,39,39,39],"floor_reached":16,"playtime":560,"items_purged":["Parasite"],"score":133,"play_id":"90b45072-dbfc-4cce-bf93-60fc93760252","local_time":"20180701173406","is_ascension_mode":true,"campfire_choices":[{"data":"Zap","floor":6,"key":"SMITH"},{"data":"Dualcast","floor":10,"key":"SMITH"},{"data":"Scrape","floor":15,"key":"SMITH"}],"neow_cost":"","seed_source_timestamp":123149473584552,"circlet_count":0,"master_deck":["Strike_B","Strike_B","Strike_B","Strike_B","Defend_B","Defend_B","Defend_B","Defend_B","Zap+1","Dualcast+1","Chill+1","Scrape+1","Steam","Electrodynamics","FTL"],"relics":["Cracked Core","Golden Idol","Regal Pillow","Happy Flower","Oddly Smooth Stone"],"potions_floor_usage":[11,11,16],"damage_taken":[{"damage":2,"enemies":"2 Louse","floor":1,"turns":3},{"damage":0,"enemies":"Small Slimes","floor":2,"turns":3},{"damage":0,"enemies":"Cultist","floor":4,"turns":3},{"damage":14,"enemies":"Red Slaver","floor":7,"turns":3},{"damage":4,"enemies":"Looter","floor":8,"turns":3},{"damage":14,"enemies":"Gremlin Nob","floor":11,"turns":3},{"damage":0,"enemies":"2 Fungi Beasts","floor":14,"turns":3},{"damage":34,"enemies":"Hexaghost","floor":16,"turns":9}],"seed_played":"-6052723142138377382","potions_obtained":[{"floor":2,"key":"FearPotion"},{"floor":4,"key":"SpeedPotion"},{"floor":8,"key":"SkillPotion"}],"is_trial":false,"path_per_floor":["M","M","?","M","?","R","M","M","T","R","E","?","$","M","R"],"character_chosen":"DEFECT","items_purchased":["Oddly Smooth Stone"],"campfire_rested":0,"item_purchase_floors":[13],"current_hp_per_floor":[66,66,66,66,48,48,34,30,30,30,16,34,34,34,34,0],"gold":39,"neow_bonus":"","is_prod":false,"is_daily":false,"chose_seed":false,"campfire_upgraded":3,"win_rate":0,"timestamp":1530480846,"path_taken":["M","M","?","?","?","R","M","M","T","R","E","?","$","?","R","BOSS"],"build_version":"2018-06-28","purchased_purges":1,"victory":false,"max_hp_per_floor":[75,75,75,75,75,75,75,75,75,75,75,75,72,72,72,72],"card_choices":[{"not_picked":["Cold Snap","Tempest"],"picked":"Chill","floor":1},{"not_picked":["Darkness","Redo","Compile Driver"],"picked":"SKIP","floor":2},{"not_picked":["Consume","Compile Driver"],"picked":"Scrape","floor":4},{"not_picked":["Barrage","Reinforced Body"],"picked":"Steam","floor":7},{"not_picked":["Hologram","Rebound"],"picked":"Electrodynamics","floor":8},{"not_picked":["Rainbow","Storm"],"picked":"FTL","floor":11},{"not_picked":["Storm","Ball Lightning","Turbo"],"picked":"SKIP","floor":14}],"player_experience":351211,"relics_obtained":[{"floor":9,"key":"Regal Pillow"},{"floor":11,"key":"Happy Flower"}],"event_choices":[{"event_name":"Living Wall","player_choice":"Grow","floor":3,"damage_taken":0},{"event_name":"Golden Idol","player_choice":"Take Damage","floor":5,"damage_taken":0},{"event_name":"Mushrooms","player_choice":"Healed and dodged fight","floor":12,"damage_taken":0}],"boss_relics":[],"items_purged_floors":[13],"is_endless":false,"potions_floor_spawned":[2,4,8],"killed_by":"Hexaghost","ascension_level":6}