{"gold_per_floor":[119,16,26,40,58,58,83,83,106,25,25,25,45,56,56,158,158,168,168,185,202,202],"floor_reached":22,"playtime":1233,"items_purged":[],"score":188,"play_id":"519b4a1e-4ec6-418e-9b39-1cc795c63f52","local_time":"20180821001442","is_ascension_mode":false,"campfire_choices":[{"data":"Biased Cognition","floor":6,"key":"SMITH"},{"floor":8,"key":"REST"},{"floor":12,"key":"REST"},{"data":"Sunder","floor":15,"key":"SMITH"}],"neow_cost":"NONE","seed_source_timestamp":103705095798839,"circlet_count":0,"master_deck":["Strike_B","Strike_B","Defend_B","Defend_B","Defend_B","Zap","Dualcast","Conserve Battery","Enlightenment","Doom and Gloom","Biased Cognition+1","Ball Lightning","Sunder","Sunder+1","Fusion","Buffer","Consume+1","Coolheaded"],"relics":["Cracked Core","Bag of Marbles","DataDisk","Inserter"],"potions_floor_usage":[16,21],"damage_taken":[{"damage":1,"enemies":"Jaw Worm","floor":1,"turns":3},{"damage":6,"enemies":"2 Louse","floor":3,"turns":3},{"damage":2,"enemies":"Cultist","floor":4,"turns":4},{"damage":10,"enemies":"3 Louse","floor":5,"turns":3},{"damage":32,"enemies":"Gremlin Nob","floor":7,"turns":4},{"damage":11,"enemies":"Red Slaver","floor":13,"turns":3},{"damage":5,"enemies":"Lots of Slimes","floor":14,"turns":3},{"damage":31,"enemies":"Hexaghost","floor":16,"turns":9},{"damage":15,"enemies":"Spheric Guardian","floor":18,"turns":4},{"damage":15,"enemies":"2 Thieves","floor":20,"turns":3},{"damage":42,"enemies":"Cultist and Chosen","floor":21,"turns":5},{"damage":8,"enemies":"Snake Plant","floor":22,"turns":2}],"seed_played":"-2339411692463287419","potions_obtained":[{"floor":1,"key":"SteroidPotion"},{"floor":5,"key":"LiquidBronze"},{"floor":13,"key":"FocusPotion"},{"floor":20,"key":"SkillPotion"}],"is_trial":false,"path_per_floor":["M","$","M","M","M","R","E","R","T","$","?","R","M","M","R","B",null,"M","?","M","M"],"character_chosen":"DEFECT","items_purchased":["Enlightenment","Sunder"],"campfire_rested":2,"item_purchase_floors":[2,10],"current_hp_per_floor":[74,74,68,66,56,56,24,46,46,46,39,61,50,45,45,14,75,60,60,45,3,0],"gold":202,"neow_bonus":"REMOVE_CARD","is_prod":false,"is_daily":false,"chose_seed":false,"campfire_upgraded":2,"win_rate":0,"timestamp":1534806882,"path_taken":["M","$","M","M","M","R","E","R","T","$","?","R","M","M","R","BOSS","M","?","?","M","M"],"build_version":"2018-08-16","purchased_purges":0,"victory":false,"max_hp_per_floor":[75,75,75,75,75,75,75,75,75,75,75,75,75,75,75,75,75,75,75,75,75,75],"card_choices":[{"not_picked":["Blizzard","Force Field"],"picked":"Conserve Battery","floor":1},{"not_picked":["Ball Lightning","Hologram"],"picked":"Doom and Gloom","floor":3},{"not_picked":["Hologram","Beam Cell","Rebound"],"picked":"SKIP","floor":4},{"not_picked":["Turbo","Coolheaded"],"picked":"Biased Cognition","floor":5},{"not_picked":["Skim","Redo"],"picked":"Ball Lightning","floor":7},{"not_picked":["Steam","Gash"],"picked":"Sunder","floor":13},{"not_picked":["Turbo","Hologram"],"picked":"Fusion","floor":14},{"not_picked":["Core Surge","Rainbow"],"picked":"Buffer","floor":16},{"not_picked":["Skim","Turbo+1"],"picked":"Consume+1","floor":18},{"not_picked":["Ball Lightning+1","Leap+1","Steam Power"],"picked":"SKIP","floor":20},{"not_picked":["Melter","Compile Driver"],"picked":"Coolheaded","floor":21}],"player_experience":459677,"relics_obtained":[{"floor":7,"key":"Bag of Marbles"},{"floor":9,"key":"DataDisk"}],"event_choices":[{"event_name":"Golden Wing","player_choice":"Card Removal","floor":11,"damage_taken":0},{"event_name":"Back to Basics","player_choice":"Elegance","floor":19,"damage_taken":0}],"is_beta":false,"boss_relics":[{"not_picked":["Ectoplasm","FrozenCore"],"picked":"Inserter"}],"items_purged_floors":[],"is_endless":false,"potions_floor_spawned":[1,5,13,20],"killed_by":"Snake Plant","ascension_level":0}