{"path_per_floor":["M","?","$","?","M","R","E","M","T","M","$","E","?","M","R","B",null,"M","M","$","M"],"character_chosen":"THE_SILENT","items_purchased":["Deflect","Noxious Fumes"],"gold_per_floor":[112,112,89,89,107,107,137,154,154,165,21,50,50,63,63,159,159,174,190,90,100],"floor_reached":22,"campfire_rested":0,"playtime":1657,"current_hp_per_floor":[70,56,56,56,56,56,56,56,56,54,54,54,47,47,47,37,70,60,52,52,14],"items_purged":["Strike_G","Strike_G"],"gold":100,"play_id":"b05b7bbf-f6e0-47a0-a944-9bd3f4f67d35","is_prod":false,"is_daily":false,"is_ascension_mode":false,"campfire_upgraded":1,"path_taken":["M","?","?","?","M","R","E","M","T","M","$","E","?","?","R","BOSS","M","M","$","M","?"],"build_version":"2018-01-25-PROD3","purchased_purges":2,"victory":false,"master_deck":["Defend_G","Defend_G","Defend_G+1","Defend_G","Defend_G","Strike_G+1","Survivor","Neutralize+1","Flying Knee","Deflect","Backstab","Flying Knee","Terror","Malaise+1","Noxious Fumes","Distraction","Die Die Die","Dagger Throw+1","Blur","Quick Slash+1"],"max_hp_per_floor":[70,70,70,70,70,70,70,70,70,70,70,70,70,70,70,70,70,70,70,70,70],"relics":["Ring of the Snake","NeowsBlessing","Bronze Scales","Bottled Flame","Shovel","Toxic Egg","The Specimen"],"card_choices":[{"not_picked":["Sucker Punch","Slice"],"picked":"Flying Knee"},{"not_picked":["Outmaneuver","Unload"],"picked":"Flying Knee"},{"not_picked":["All Out Attack","Flechettes"],"picked":"Terror"},{"not_picked":["Endless Agony","Dodge and Roll"],"picked":"Malaise"},{"not_picked":["Flying Knee","Deadly Poison"],"picked":"Distraction"},{"not_picked":["Deflect","PiercingWail"],"picked":"Die Die Die"},{"not_picked":["Bane","Blade Dance"],"picked":"Dagger Throw"},{"not_picked":["Dash","All Out Attack"],"picked":"Blur"},{"not_picked":["All Out Attack","Terror"],"picked":"Quick Slash"}],"player_experience":78408,"potions_floor_usage":[],"damage_taken":[{"damage":0.0,"enemies":"Blue Slaver","floor":1.0,"turns":1.0},{"damage":0.0,"enemies":"2 Louse","floor":5.0,"turns":1.0},{"damage":0.0,"enemies":"3 Sentries","floor":7.0,"turns":1.0},{"damage":0.0,"enemies":"Cultist","floor":8.0,"turns":3.0},{"damage":2.0,"enemies":"Looter","floor":10.0,"turns":2.0},{"damage":0.0,"enemies":"Lagavulin","floor":12.0,"turns":6.0},{"damage":0.0,"enemies":"Exordium Wildlife","floor":14.0,"turns":5.0},{"damage":10.0,"enemies":"The Guardian","floor":16.0,"turns":10.0},{"damage":10.0,"enemies":"Spheric Guardian","floor":18.0,"turns":7.0},{"damage":17.0,"enemies":"2 Thieves","floor":19.0,"turns":4.0},{"damage":38.0,"enemies":"Chosen and Byrds","floor":21.0,"turns":7.0},{"damage":12,"enemies":"Sentry and Sphere","floor":22,"turns":5}],"event_choices":[{"event_name":"Shining Light","player_choice":"Entered Light","floor":2.0,"damage_taken":0.0},{"event_name":"Living Wall","player_choice":"Change","floor":4.0,"damage_taken":0.0},{"event_name":"Golden Wing","player_choice":"Card Removal","floor":13.0,"damage_taken":0.0}],"boss_relics":[],"potions_floor_spawned":[7,8,12,16,21],"seed_played":"5109021686597306020","killed_by":"Sentry and Sphere","ascension_level":0,"is_trial":false}