{"gold_per_floor":[116,130,130,130,149,180,191,191,191,27,77,77,95,126,126,200,200,178,14,33,48,48],"floor_reached":22,"playtime":740,"items_purged":["Defend_B"],"score":392,"play_id":"f2d92bcf-ac25-438d-bd6b-186c94561f73","local_time":"20190108205556","is_ascension_mode":true,"campfire_choices":[{"data":"Zap","floor":8,"key":"SMITH"},{"data":"Undo","floor":12,"key":"SMITH"},{"data":"Recycle","floor":15,"key":"SMITH"}],"neow_cost":"NONE","seed_source_timestamp":45785145124017,"circlet_count":0,"master_deck":["AscendersBane","Strike_B","Strike_B","Strike_B","Strike_B","Defend_B","Defend_B","Defend_B","Zap+1","Dualcast","Streamline+1","Steam","Undo+1","Conserve Battery","FTL","Go for the Eyes","Recycle+1","Electrodynamics","Capacitor","Heatsinks","Static Discharge"],"relics":["Cracked Core","Pantograph","Gremlin Horn","Happy Flower","Eternal Feather","Art of War"],"potions_floor_usage":[6,6,14,16,16,18],"damage_taken":[{"damage":6,"enemies":"Jaw Worm","floor":1,"turns":4},{"damage":8,"enemies":"Small Slimes","floor":2,"turns":3},{"damage":1,"enemies":"Cultist","floor":5,"turns":3},{"damage":20,"enemies":"Gremlin Nob","floor":6,"turns":4},{"damage":4,"enemies":"Red Slaver","floor":7,"turns":3},{"damage":1,"enemies":"Blue Slaver","floor":13,"turns":4},{"damage":4,"enemies":"3 Sentries","floor":14,"turns":7},{"damage":41,"enemies":"Hexaghost","floor":16,"turns":9},{"damage":8,"enemies":"2 Thieves","floor":18,"turns":4},{"damage":26,"enemies":"Spheric Guardian","floor":20,"turns":4},{"damage":18,"enemies":"Snecko","floor":21,"turns":8},{"damage":9,"enemies":"Centurion and Healer","floor":22,"turns":1}],"seed_played":"4990537683421243686","potions_obtained":[{"floor":0,"key":"Block Potion"},{"floor":0,"key":"Energy Potion"},{"floor":6,"key":"LiquidBronze"},{"floor":13,"key":"Dexterity Potion"},{"floor":14,"key":"Block Potion"},{"floor":16,"key":"SpeedPotion"},{"floor":18,"key":"SteroidPotion"},{"floor":20,"key":"FocusPotion"}],"is_trial":false,"path_per_floor":["M","M","?","?","M","E","M","R","T","$","?","R","M","E","R","B",null,"M","$","M","M","M"],"character_chosen":"DEFECT","items_purchased":["FTL","Art of War"],"campfire_rested":0,"item_purchase_floors":[10,19],"current_hp_per_floor":[58,50,71,71,70,50,46,46,46,46,46,46,45,41,41,25,60,52,52,26,8,0],"gold":48,"neow_bonus":"THREE_SMALL_POTIONS","is_prod":false,"is_daily":false,"chose_seed":false,"campfire_upgraded":3,"win_rate":0,"timestamp":1546998956,"path_taken":["M","M","?","?","M","E","M","R","T","$","?","R","?","E","R","BOSS","M","$","M","M","M"],"build_version":"2019-01-03v4","purchased_purges":1,"victory":false,"max_hp_per_floor":[71,71,71,71,71,71,71,71,71,71,71,71,71,71,71,71,71,71,71,71,71,71],"card_choices":[{"not_picked":["Steam","Compile Driver"],"picked":"Streamline","floor":1},{"not_picked":["Stack","Turbo"],"picked":"Steam","floor":2},{"not_picked":["Melter","Hologram","Lockon"],"picked":"SKIP","floor":5},{"not_picked":["Storm","Barrage"],"picked":"Undo","floor":6},{"not_picked":["Creative AI","Go for the Eyes"],"picked":"Conserve Battery","floor":7},{"not_picked":["Compile Driver","Steam Power"],"picked":"Go for the Eyes","floor":13},{"not_picked":["Leap","Undo"],"picked":"Recycle","floor":14},{"not_picked":["Core Surge","Thunder Strike"],"picked":"Electrodynamics","floor":16},{"not_picked":["Conserve Battery","Rebound"],"picked":"Capacitor","floor":18},{"not_picked":["Recycle+1","Compile Driver"],"picked":"Heatsinks","floor":20},{"not_picked":["Heatsinks","Doom and Gloom"],"picked":"Static Discharge","floor":21}],"player_experience":1004598,"relics_obtained":[{"floor":6,"key":"Pantograph"},{"floor":9,"key":"Gremlin Horn"},{"floor":14,"key":"Happy Flower"}],"event_choices":[{"damage_healed":23,"gold_gain":0,"player_choice":"Banana","damage_taken":0,"max_hp_gain":0,"max_hp_loss":0,"event_name":"Big Fish","floor":3,"gold_loss":0},{"damage_healed":0,"gold_gain":0,"player_choice":"Grow","damage_taken":0,"max_hp_gain":0,"max_hp_loss":0,"event_name":"Living Wall","floor":4,"gold_loss":0,"cards_upgraded":["Streamline"]},{"damage_healed":0,"gold_gain":50,"player_choice":"Pray","damage_taken":0,"max_hp_gain":0,"max_hp_loss":0,"event_name":"Golden Shrine","floor":11,"gold_loss":0}],"is_beta":false,"boss_relics":[{"not_picked":["Orrery","Fusion Hammer"],"picked":"Eternal Feather"}],"items_purged_floors":[10],"is_endless":false,"potions_floor_spawned":[6,13,14,16,18,20],"killed_by":"Centurion and Healer","ascension_level":20}