{"gold_per_floor":[111,111,123,137,137,163,177,204,204,214,214,240,321,335,335,410,410,421,421,421,421],"floor_reached":21,"playtime":829,"items_purged":[],"score":348,"play_id":"ff28c527-536d-443b-bc56-8f7c55b4304a","local_time":"20180727181614","is_ascension_mode":true,"campfire_choices":[{"floor":11,"key":"REST"},{"data":"Loop","floor":15,"key":"SMITH"}],"neow_cost":"NONE","seed_source_timestamp":1162456929859540,"circlet_count":0,"master_deck":["Strike_B","Strike_B","Strike_B","Defend_B","Defend_B","Defend_B","Defend_B","Zap","Dualcast","AscendersBane","Cold Snap","Sweeping Beam","Streamline+1","Conserve Battery","Beam Cell","Ball Lightning","White Noise","Loop+1","Electrodynamics","Pain","Clumsy","Decay","Force Field","Mind Blast"],"relics":["Cracked Core","Centennial Puzzle","Question Card","Ornamental Fan","Blue Candle","Mummified Hand","Calling Bell","Anchor","Mercury Hourglass","Ice Cream"],"potions_floor_usage":[6,7,8],"damage_taken":[{"damage":3,"enemies":"2 Louse","floor":1,"turns":2},{"damage":0,"enemies":"Cultist","floor":3,"turns":3},{"damage":7,"enemies":"Jaw Worm","floor":4,"turns":3},{"damage":16,"enemies":"Gremlin Nob","floor":6,"turns":3},{"damage":8,"enemies":"3 Louse","floor":7,"turns":3},{"damage":7,"enemies":"3 Sentries","floor":8,"turns":6},{"damage":0,"enemies":"Large Slime","floor":10,"turns":4},{"damage":27,"enemies":"Lagavulin","floor":12,"turns":5},{"damage":4,"enemies":"Exordium Thugs","floor":14,"turns":3},{"damage":5,"enemies":"Hexaghost","floor":16,"turns":8},{"damage":4,"enemies":"Chosen","floor":18,"turns":3},{"damage":19,"enemies":"Shell Parasite","floor":21,"turns":5}],"seed_played":"-5369412003089518481","potions_obtained":[{"floor":6,"key":"EssenceOfSteel"}],"is_trial":false,"path_per_floor":["M","?","M","M","?","E","M","E","T","M","R","E","T","M","R","B",null,"M","?","?"],"character_chosen":"DEFECT","items_purchased":[],"campfire_rested":1,"item_purchase_floors":[],"current_hp_per_floor":[61,61,61,54,54,38,30,23,23,23,44,17,17,13,13,8,55,51,37,17,0],"gold":421,"neow_bonus":"THREE_SMALL_POTIONS","is_prod":false,"is_daily":false,"chose_seed":false,"campfire_upgraded":1,"win_rate":0,"timestamp":1532729774,"path_taken":["M","?","M","M","?","E","?","E","T","M","R","E","?","M","R","BOSS","M","?","?","M"],"build_version":"2018-07-26","purchased_purges":0,"victory":false,"max_hp_per_floor":[71,71,71,71,71,71,71,71,71,71,71,71,71,71,71,71,71,71,71,76,76],"card_choices":[{"not_picked":["Steam Power","Leap"],"picked":"Cold Snap","floor":1},{"not_picked":["Scrape","Auto Shields"],"picked":"Sweeping Beam","floor":3},{"not_picked":["Stack","Redo"],"picked":"Streamline","floor":4},{"not_picked":["Steam","Sweeping Beam"],"picked":"Conserve Battery","floor":6},{"not_picked":["Buffer","Conserve Battery"],"picked":"Beam Cell","floor":7},{"not_picked":["Gash","Undo"],"picked":"Ball Lightning","floor":8},{"not_picked":["Heatsinks","Redo","Go for the Eyes","Turbo"],"picked":"SKIP","floor":10},{"not_picked":["Creative AI","Stack","Sunder"],"picked":"White Noise","floor":12},{"not_picked":["Aggregate","Rebound","Sweeping Beam"],"picked":"Loop","floor":14},{"not_picked":["All For One","Fission","Rainbow"],"picked":"Electrodynamics","floor":16},{"not_picked":["White Noise","Double Energy+1","Conserve Battery"],"picked":"Force Field","floor":18}],"player_experience":533465,"relics_obtained":[{"floor":6,"key":"Centennial Puzzle"},{"floor":8,"key":"Question Card"},{"floor":9,"key":"Ornamental Fan"},{"floor":12,"key":"Blue Candle"},{"floor":13,"key":"Mummified Hand"},{"floor":17,"key":"Anchor"},{"floor":17,"key":"Mercury Hourglass"},{"floor":17,"key":"Ice Cream"}],"event_choices":[{"event_name":"Purifier","player_choice":"One Purge","floor":2,"damage_taken":0},{"event_name":"Living Wall","player_choice":"Grow","floor":5,"damage_taken":0},{"event_name":"Knowing Skull","player_choice":"CARD ","floor":19,"damage_taken":0},{"event_name":"Forgotten Altar","player_choice":"Shed Blood","floor":20,"damage_taken":0}],"is_beta":false,"boss_relics":[{"not_picked":["Fusion Hammer","Snecko Eye"],"picked":"Calling Bell"}],"items_purged_floors":[],"is_endless":false,"potions_floor_spawned":[1,3,6],"killed_by":"Shell Parasite","ascension_level":15}