{"gold_per_floor":[111,111,130,90,103,128,128,146,171,181,181,211,222,247,247,324,324,334,0,20,20,31,31,31,44,67,67,67,67],"floor_reached":29,"playtime":1262,"items_purged":[],"score":441,"play_id":"5ad34c18-6aae-43f7-b6bb-bec9afe8854e","local_time":"20190226144537","is_ascension_mode":true,"campfire_choices":[{"data":"Defragment","floor":7,"key":"SMITH"},{"data":"Zap","floor":11,"key":"SMITH"},{"floor":15,"key":"REST"},{"floor":23,"key":"REST"},{"floor":28,"key":"REST"}],"neow_cost":"NONE","seed_source_timestamp":1174260258451913,"circlet_count":0,"master_deck":["AscendersBane","Strike_B","Strike_B","Strike_B","Strike_B","Defend_B","Defend_B","Defend_B","Defend_B","Zap+1","Dualcast","Compile Driver","BootSequence","Capacitor","Reinforced Body","Defragment+1","Darkness","Coolheaded","Chill","Auto Shields","Electrodynamics","Loop","Coolheaded","RitualDagger","Turbo","Injury","Creative AI+1","Injury","Writhe","Turbo+1"],"relics":["Cracked Core","Anchor","Centennial Puzzle","Smiling Mask","Mummified Hand","Cursed Key","Frozen Egg 2","Toxic Egg 2","Dream Catcher","Vajra"],"potions_floor_usage":[8,14,14,22,29],"damage_taken":[{"damage":3,"enemies":"2 Louse","floor":1,"turns":3},{"damage":5,"enemies":"Cultist","floor":3,"turns":4},{"damage":0,"enemies":"Jaw Worm","floor":5,"turns":4},{"damage":23,"enemies":"3 Sentries","floor":6,"turns":12},{"damage":0,"enemies":"Large Slime","floor":8,"turns":4},{"damage":2,"enemies":"Exordium Wildlife","floor":10,"turns":4},{"damage":10,"enemies":"Lagavulin","floor":12,"turns":6},{"damage":2,"enemies":"Lots of Slimes","floor":13,"turns":4},{"damage":23,"enemies":"Gremlin Nob","floor":14,"turns":5},{"damage":27,"enemies":"The Guardian","floor":16,"turns":10},{"damage":1,"enemies":"2 Thieves","floor":18,"turns":3},{"damage":0,"enemies":"3 Byrds","floor":20,"turns":3},{"damage":49,"enemies":"Cultist and Chosen","floor":22,"turns":7},{"damage":18,"enemies":"Snake Plant","floor":25,"turns":7},{"damage":33,"enemies":"Book of Stabbing","floor":29,"turns":5}],"seed_played":"-8548865558491697042","potions_obtained":[{"floor":1,"key":"GamblersBrew"},{"floor":6,"key":"GamblersBrew"},{"floor":8,"key":"SkillPotion"},{"floor":12,"key":"Block Potion"},{"floor":25,"key":"Weak Potion"}],"is_trial":false,"path_per_floor":["M","?","M","$","M","E","R","M","T","M","R","E","M","E","R","B",null,"M","$","M","?","M","R","T","M","T","?","R","E"],"character_chosen":"DEFECT","items_purchased":["Capacitor","Frozen Egg 2","Energy Potion"],"campfire_rested":3,"item_purchase_floors":[4,19,19],"current_hp_per_floor":[68,78,73,73,73,50,50,50,50,48,48,38,36,13,36,9,61,60,60,60,54,5,28,28,10,10,10,33,0],"gold":67,"neow_bonus":"TEN_PERCENT_HP_BONUS","is_prod":false,"is_daily":false,"chose_seed":false,"campfire_upgraded":2,"win_rate":0,"timestamp":1551210337,"path_taken":["M","?","M","$","M","E","R","M","T","M","R","E","M","E","R","BOSS","M","$","M","?","M","R","?","M","T","?","R","E"],"build_version":"2019-01-23","purchased_purges":0,"victory":false,"max_hp_per_floor":[78,78,78,78,78,78,78,78,78,78,78,78,78,78,78,78,78,78,78,78,78,78,78,78,78,78,78,78,78],"card_choices":[{"not_picked":["Reprogram","Steam"],"picked":"Compile Driver","floor":1},{"not_picked":["Go for the Eyes","Turbo"],"picked":"BootSequence","floor":3},{"not_picked":["Capacitor","Gash"],"picked":"Reinforced Body","floor":5},{"not_picked":["FTL","Turbo"],"picked":"Defragment","floor":6},{"not_picked":["Gash","White Noise"],"picked":"Darkness","floor":8},{"not_picked":["Streamline","Chaos","Force Field"],"picked":"SKIP","floor":10},{"not_picked":["Machine Learning","Rebound"],"picked":"Coolheaded","floor":12},{"not_picked":["Scrape","Stack"],"picked":"Chill","floor":13},{"not_picked":["Streamline","Turbo"],"picked":"Auto Shields","floor":14},{"not_picked":["Thunder Strike","Multi-Cast"],"picked":"Electrodynamics","floor":16},{"not_picked":["Redo","Compile Driver"],"picked":"Loop","floor":18},{"not_picked":["Auto Shields","Reinforced Body"],"picked":"Coolheaded","floor":20},{"not_picked":["Recycle","Go for the Eyes"],"picked":"Turbo","floor":22},{"not_picked":["BootSequence+1","Scrape"],"picked":"Creative AI+1","floor":25},{"not_picked":["Blizzard+1","Compile Driver"],"picked":"Turbo+1","floor":28}],"player_experience":386272,"relics_obtained":[{"floor":6,"key":"Anchor"},{"floor":9,"key":"Centennial Puzzle"},{"floor":12,"key":"Smiling Mask"},{"floor":14,"key":"Mummified Hand"},{"floor":24,"key":"Toxic Egg 2"},{"floor":26,"key":"Dream Catcher"}],"event_choices":[{"damage_healed":10,"gold_gain":0,"player_choice":"Full Heal","damage_taken":0,"max_hp_gain":0,"max_hp_loss":0,"event_name":"Wheel of Change","floor":2,"gold_loss":0},{"damage_healed":0,"gold_gain":0,"player_choice":"Joined the Cult","damage_taken":6,"max_hp_gain":0,"max_hp_loss":0,"event_name":"Nest","floor":21,"gold_loss":0,"cards_obtained":["RitualDagger"]},{"damage_healed":0,"gold_gain":0,"player_choice":"Opened","damage_taken":0,"relics_obtained":["Vajra"],"max_hp_gain":0,"max_hp_loss":0,"event_name":"The Mausoleum","floor":27,"gold_loss":0,"cards_obtained":["Writhe"]}],"is_beta":false,"boss_relics":[{"not_picked":["Ectoplasm","Sozu"],"picked":"Cursed Key"}],"items_purged_floors":[],"is_endless":false,"potions_floor_spawned":[1,6,8,12,25],"killed_by":"Book of Stabbing","ascension_level":16}