{"gold_per_floor":[16,28,41,55,55,86,50,50,50,67,87,97,97,128,128,128],"floor_reached":16,"playtime":573,"items_purged":[],"score":188,"play_id":"3bd9427f-e1e9-4563-9e05-f147b213aff9","local_time":"20180715142702","is_ascension_mode":true,"campfire_choices":[{"floor":8,"key":"REST"},{"floor":13,"key":"REST"},{"floor":15,"key":"REST"}],"neow_cost":"NO_GOLD","seed_source_timestamp":112120921812698,"circlet_count":0,"master_deck":["Strike_B","Strike_B","Strike_B+1","Strike_B","Defend_B","Defend_B","Defend_B","Defend_B+1","Zap","Dualcast","AscendersBane","Leap","Beam Cell","Loop","Capacitor","Steam","Conserve Battery","Reinforced Body","Fusion"],"relics":["Cracked Core","Ginger","Art of War","Kunai","Incense Burner"],"potions_floor_usage":[6,14,16],"damage_taken":[{"damage":8,"enemies":"Small Slimes","floor":1,"turns":3},{"damage":0,"enemies":"2 Louse","floor":2,"turns":2},{"damage":0,"enemies":"Cultist","floor":3,"turns":3},{"damage":7,"enemies":"Blue Slaver","floor":4,"turns":3},{"damage":35,"enemies":"3 Sentries","floor":6,"turns":9},{"damage":15,"enemies":"3 Louse","floor":10,"turns":4},{"damage":0,"enemies":"2 Fungi Beasts","floor":11,"turns":2},{"damage":4,"enemies":"Blue Slaver","floor":12,"turns":4},{"damage":25,"enemies":"Gremlin Nob","floor":14,"turns":5},{"damage":33,"enemies":"Slime Boss","floor":16,"turns":3}],"seed_played":"-527068439271684170","potions_obtained":[{"floor":3,"key":"Swift Potion"},{"floor":11,"key":"FocusPotion"},{"floor":14,"key":"LiquidBronze"}],"is_trial":false,"path_per_floor":["M","M","M","M","?","E","?","R","T","M","M","M","R","E","R"],"character_chosen":"DEFECT","items_purchased":[],"campfire_rested":3,"item_purchase_floors":[],"current_hp_per_floor":[60,60,60,53,38,3,3,25,25,10,10,6,28,3,25,0],"gold":128,"neow_bonus":"ONE_RARE_RELIC","is_prod":false,"is_daily":false,"chose_seed":false,"campfire_upgraded":0,"win_rate":0,"timestamp":1531679222,"path_taken":["M","M","M","M","?","E","?","R","T","M","M","M","R","E","R","BOSS"],"build_version":"2018-07-12","purchased_purges":0,"victory":false,"max_hp_per_floor":[75,75,75,75,75,75,75,75,75,75,75,75,75,75,75,75],"card_choices":[{"not_picked":["Cold Snap","Barrage"],"picked":"Leap","floor":1},{"not_picked":["Stack","Cold Snap","Redo"],"picked":"SKIP","floor":2},{"not_picked":["Double Energy","Cold Snap"],"picked":"Beam Cell","floor":3},{"not_picked":["Aggregate","Beam Cell"],"picked":"Loop","floor":4},{"not_picked":["Fusion","Double Energy"],"picked":"Capacitor","floor":6},{"not_picked":["Scrape","Genetic Algorithm"],"picked":"Steam","floor":10},{"not_picked":["Coolheaded","Auto Shields"],"picked":"Conserve Battery","floor":11},{"not_picked":["Beam Cell","Sweeping Beam"],"picked":"Reinforced Body","floor":12},{"not_picked":["Gash","Steam Power"],"picked":"Fusion","floor":14}],"player_experience":464384,"relics_obtained":[{"floor":6,"key":"Art of War"},{"floor":9,"key":"Kunai"},{"floor":14,"key":"Incense Burner"}],"event_choices":[{"event_name":"Shining Light","player_choice":"Entered Light","floor":5,"damage_taken":0},{"event_name":"World of Goop","player_choice":"Left","floor":7,"damage_taken":0}],"boss_relics":[],"items_purged_floors":[],"is_endless":false,"potions_floor_spawned":[3,11,14],"killed_by":"Slime Boss","ascension_level":13}