{"gold_per_floor":[118,118,43,43,55,55,116,116,416,442,442,472,472,498,498,569,569,581,224,243,70,81,81,111,121,121,121,155,155,155,166,166,243,243,259,259,0,17,34,65,65,94,173,190,190,225,242,273,273,273],"floor_reached":51,"playtime":3118,"items_purged":[],"score":1618,"play_id":"31140526-5423-4150-9f75-9870e11d798f","local_time":"20190522225606","is_ascension_mode":true,"campfire_choices":[{"data":"Neutralize","floor":6,"key":"SMITH"},{"data":"Leg Sweep","floor":8,"key":"SMITH"},{"data":"Bullet Time","floor":11,"key":"SMITH"},{"floor":15,"key":"REST"},{"floor":23,"key":"REST"},{"floor":27,"key":"REST"},{"data":"Noxious Fumes","floor":30,"key":"SMITH"},{"data":"Blade Dance","floor":32,"key":"SMITH"},{"floor":41,"key":"REST"},{"floor":45,"key":"REST"},{"floor":49,"key":"REST"}],"neow_cost":"NONE","seed_source_timestamp":287531357257243,"circlet_count":0,"master_deck":["AscendersBane","Survivor","Neutralize+1","Sucker Punch+1","Heel Hook","Leg Sweep+1","Bullet Time+1","Corpse Explosion","Crippling Poison","Calculated Gamble","Prepared","Deflect","Blade Dance+1","Outmaneuver","PiercingWail","Terror","Bane","Envenom","Footwork","Dash","Blur+1","Noxious Fumes+1","Adrenaline","Heel Hook","Adrenaline","Blade Dance","Riddle With Holes","Adrenaline","Madness","Madness","Dodge and Roll+1","Blade Dance+1","Catalyst+1","Predator+1","Infinite Blades+1"],"relics":["Ring of the Snake","NeowsBlessing","Vajra","Singing Bowl","Old Coin","Regal Pillow","Odd Mushroom","Bronze Scales","Pandora\u0027s Box","Sling","Shuriken","The Courier","Question Card","Philosopher\u0027s Stone","Red Mask","Orichalcum","Peace Pipe","Bottled Lightning","Tough Bandages","Juzu Bracelet"],"potions_floor_usage":[14,16,22,25,31,39,39,40,50,50],"damage_taken":[{"damage":0,"enemies":"2 Louse","floor":1,"turns":1},{"damage":0,"enemies":"Jaw Worm","floor":5,"turns":1},{"damage":0,"enemies":"Gremlin Nob","floor":7,"turns":1},{"damage":26,"enemies":"3 Sentries","floor":10,"turns":14},{"damage":11,"enemies":"The Mushroom Lair","floor":12,"turns":5},{"damage":21,"enemies":"Gremlin Nob","floor":14,"turns":5},{"damage":14,"enemies":"The Guardian","floor":16,"turns":16},{"damage":15,"enemies":"2 Thieves","floor":18,"turns":3},{"damage":8,"enemies":"Chosen","floor":20,"turns":6},{"damage":0,"enemies":"3 Cultists","floor":22,"turns":4},{"damage":21,"enemies":"Slavers","floor":24,"turns":6},{"damage":4,"enemies":"Snake Plant","floor":25,"turns":4},{"damage":13,"enemies":"Gremlin Leader","floor":28,"turns":5},{"damage":3,"enemies":"Centurion and Healer","floor":31,"turns":3},{"damage":13,"enemies":"Collector","floor":33,"turns":7},{"damage":10,"enemies":"3 Shapes","floor":35,"turns":5},{"damage":20,"enemies":"3 Darklings","floor":38,"turns":3},{"damage":0,"enemies":"Sphere and 2 Shapes","floor":39,"turns":4},{"damage":19,"enemies":"Reptomancer","floor":40,"turns":4},{"damage":0,"enemies":"Nemesis","floor":42,"turns":5},{"damage":16,"enemies":"Maw","floor":44,"turns":6},{"damage":1,"enemies":"Reptomancer","floor":46,"turns":3},{"damage":28,"enemies":"Spire Growth","floor":47,"turns":3},{"damage":0,"enemies":"Giant Head","floor":48,"turns":5},{"damage":26,"enemies":"Donu and Deca","floor":50,"turns":4}],"seed_played":"-2936434037018788888","potions_obtained":[{"floor":5,"key":"Ancient Potion"},{"floor":7,"key":"GhostInAJar"},{"floor":14,"key":"FearPotion"},{"floor":18,"key":"Swift Potion"},{"floor":24,"key":"Swift Potion"},{"floor":28,"key":"SkillPotion"},{"floor":33,"key":"Swift Potion"},{"floor":38,"key":"AttackPotion"},{"floor":39,"key":"PowerPotion"},{"floor":42,"key":"Dexterity Potion"},{"floor":48,"key":"SpeedPotion"}],"is_trial":false,"path_per_floor":["M","?","?","$","M","R","?","R","T","E","R","?","?","E","R","B",null,"M","$","M","$","M","R","E","M","T","R","E","?","R","M","R","B",null,"M","?","?","M","M","E","R","E","T","M","R","E","M","E","R","B",null],"character_chosen":"THE_SILENT","items_purchased":["Sling","Footwork","Dash","Noxious Fumes","Adrenaline"],"campfire_rested":6,"item_purchase_floors":[19,19,19,21,21],"current_hp_per_floor":[59,59,59,59,59,59,59,59,59,33,33,24,24,5,41,27,59,46,46,38,38,38,72,51,47,47,72,59,59,59,58,58,45,67,59,45,45,25,25,6,43,43,43,29,67,66,40,42,81,55],"gold":273,"neow_bonus":"THREE_ENEMY_KILL","is_prod":false,"is_daily":false,"chose_seed":false,"campfire_upgraded":5,"win_rate":0,"timestamp":1558590966,"path_taken":["M","?","?","?","?","R","?","R","T","E","R","?","?","E","R","BOSS","M","$","M","$","M","R","E","M","T","R","E","?","R","M","R","BOSS","M","?","?","M","M","E","R","E","T","M","R","E","M","E","R","BOSS"],"build_version":"2019-01-23","purchased_purges":0,"victory":true,"max_hp_per_floor":[66,66,66,66,66,66,66,66,66,66,66,68,68,70,70,70,70,72,72,72,72,72,72,72,72,72,72,72,72,72,74,74,74,74,76,76,76,76,76,76,76,76,76,78,78,78,80,82,82,82],"card_choices":[{"not_picked":["Deadly Poison","Underhanded Strike"],"picked":"Sucker Punch","floor":1},{"not_picked":["PiercingWail","Caltrops"],"picked":"Heel Hook","floor":5},{"not_picked":["Underhanded Strike","All Out Attack"],"picked":"Leg Sweep","floor":7},{"not_picked":["Blur","Concentrate"],"picked":"Bullet Time","floor":10},{"not_picked":["Slice","Quick Slash","Dodge and Roll"],"picked":"Singing Bowl","floor":12},{"not_picked":["Deflect","Concentrate","Dodge and Roll"],"picked":"Singing Bowl","floor":14},{"not_picked":["Storm of Steel","Grand Finale"],"picked":"Corpse Explosion","floor":16},{"not_picked":["Prepared","Outmaneuver+1","Poisoned Stab"],"picked":"Singing Bowl","floor":18},{"not_picked":["Distraction","Caltrops"],"picked":"Blur+1","floor":20},{"not_picked":["Distraction","Cloak And Dagger"],"picked":"Heel Hook","floor":22},{"not_picked":["Poisoned Stab","Crippling Poison"],"picked":"Adrenaline","floor":24},{"not_picked":["Prepared","Dagger Spray"],"picked":"Blade Dance","floor":25},{"not_picked":["Poisoned Stab","PiercingWail"],"picked":"Riddle With Holes","floor":28},{"not_picked":["Reflex","Bane","Prepared","Expertise"],"picked":"Singing Bowl","floor":31},{"not_picked":["Unload","Envenom","Wraith Form v2"],"picked":"Adrenaline","floor":33},{"not_picked":["Leg Sweep","Flechettes","Poisoned Stab","Underhanded Strike"],"picked":"Singing Bowl","floor":35},{"not_picked":["Setup+1","Flying Knee","Distraction"],"picked":"Dodge and Roll+1","floor":38},{"not_picked":["Outmaneuver","Flying Knee","Crippling Poison"],"picked":"Blade Dance+1","floor":39},{"not_picked":["Cloak And Dagger","Slice+1","Blade Dance+1"],"picked":"Catalyst+1","floor":40},{"not_picked":["Eviscerate","Deadly Poison","Dash"],"picked":"Predator+1","floor":42},{"not_picked":["Dagger Throw","Quick Slash","Masterful Stab","Well Laid Plans"],"picked":"Singing Bowl","floor":44},{"not_picked":["Blur","Accuracy+1","Deadly Poison+1"],"picked":"Infinite Blades+1","floor":46},{"not_picked":["Concentrate","Dodge and Roll+1","Quick Slash","Unload"],"picked":"Singing Bowl","floor":47},{"not_picked":["Distraction","Eviscerate","Leg Sweep","Poisoned Stab"],"picked":"Singing Bowl","floor":48}],"player_experience":674541,"relics_obtained":[{"floor":7,"key":"Singing Bowl"},{"floor":9,"key":"Old Coin"},{"floor":10,"key":"Regal Pillow"},{"floor":12,"key":"Odd Mushroom"},{"floor":14,"key":"Bronze Scales"},{"floor":24,"key":"Shuriken"},{"floor":26,"key":"The Courier"},{"floor":28,"key":"Question Card"},{"floor":40,"key":"Orichalcum"},{"floor":42,"key":"Peace Pipe"},{"floor":43,"key":"Bottled Lightning"},{"floor":46,"key":"Tough Bandages"},{"floor":48,"key":"Juzu Bracelet"}],"event_choices":[{"damage_healed":0,"gold_gain":0,"player_choice":"Box","damage_taken":0,"relics_obtained":["Vajra"],"max_hp_gain":0,"max_hp_loss":0,"event_name":"Big Fish","floor":2,"gold_loss":0,"cards_obtained":["Regret"]},{"cards_removed":["Regret"],"damage_healed":0,"gold_gain":0,"player_choice":"Card Removal","damage_taken":0,"max_hp_gain":0,"max_hp_loss":0,"event_name":"The Cleric","floor":3,"gold_loss":75},{"damage_healed":0,"gold_gain":0,"player_choice":"Searched \u00271\u0027 times","damage_taken":0,"max_hp_gain":0,"max_hp_loss":0,"event_name":"Dead Adventurer","floor":7,"gold_loss":0},{"damage_healed":0,"gold_gain":0,"player_choice":"Fought Mushrooms","damage_taken":0,"max_hp_gain":0,"max_hp_loss":0,"event_name":"Mushrooms","floor":12,"gold_loss":0},{"damage_healed":0,"gold_gain":0,"player_choice":"Grow","damage_taken":0,"max_hp_gain":0,"max_hp_loss":0,"event_name":"Living Wall","floor":13,"gold_loss":0,"cards_upgraded":["Sucker Punch"]},{"damage_healed":0,"gold_gain":0,"player_choice":"Ignored","damage_taken":0,"max_hp_gain":0,"max_hp_loss":0,"event_name":"Ghosts","floor":29,"gold_loss":0},{"damage_healed":0,"gold_gain":0,"player_choice":"Embrace Madness","damage_taken":14,"max_hp_gain":0,"max_hp_loss":0,"event_name":"Winding Halls","floor":36,"gold_loss":0,"cards_obtained":["Madness","Madness"]},{"damage_healed":0,"gold_gain":0,"player_choice":"Paid","damage_taken":0,"relics_obtained":["Red Mask"],"max_hp_gain":0,"max_hp_loss":0,"event_name":"Tomb of Lord Red Mask","floor":37,"gold_loss":259}],"is_beta":false,"boss_relics":[{"not_picked":["Eternal Feather","Orrery"],"picked":"Pandora\u0027s Box"},{"not_picked":["Snecko Eye","Velvet Choker"],"picked":"Philosopher\u0027s Stone"}],"items_purged_floors":[],"is_endless":false,"potions_floor_spawned":[5,7,12,14,18,24,28,33,35,38,39,42,48],"ascension_level":17}