{"gold_per_floor":[119,119,7,27,43,43,76,86,86,12,12,43,55,84,96,108],"floor_reached":16,"playtime":756,"items_purged":["Regret"],"score":198,"play_id":"66147a73-73b1-4528-9a3d-49325ec51e33","local_time":"20190508121948","is_ascension_mode":true,"campfire_choices":[{"data":"Noxious Fumes","floor":6,"key":"SMITH"},{"floor":13,"key":"REST"},{"data":"A Thousand Cuts","floor":15,"key":"SMITH"}],"neow_cost":"CURSE","seed_source_timestamp":237951241003089,"circlet_count":0,"master_deck":["AscendersBane","Defend_G","Defend_G","Defend_G","Defend_G","Defend_G","Strike_G","Strike_G","Strike_G","Strike_G","Strike_G","Survivor","Neutralize","Dagger Throw","Noxious Fumes+1","Deadly Poison","Bane","Distraction","Dodge and Roll","A Thousand Cuts+1","Sucker Punch","Night Terror"],"relics":["Ring of the Snake","Darkstone Periapt","Shuriken","GremlinMask","MawBank"],"potions_floor_usage":[7,7,12,12,16],"damage_taken":[{"damage":14,"enemies":"Small Slimes","floor":1,"turns":4},{"damage":5,"enemies":"Cultist","floor":4,"turns":4},{"damage":2,"enemies":"2 Louse","floor":5,"turns":3},{"damage":16,"enemies":"Lagavulin","floor":7,"turns":4},{"damage":4,"enemies":"Looter","floor":8,"turns":4},{"damage":16,"enemies":"Gremlin Nob","floor":12,"turns":5},{"damage":13,"enemies":"Blue Slaver","floor":14,"turns":5},{"damage":25,"enemies":"Hexaghost","floor":16,"turns":9}],"seed_played":"8614055652159267359","potions_obtained":[{"floor":2,"key":"Dexterity Potion"},{"floor":2,"key":"FearPotion"},{"floor":7,"key":"Strength Potion"},{"floor":8,"key":"Weak Potion"},{"floor":12,"key":"Energy Potion"}],"is_trial":false,"path_per_floor":["M","?","$","M","M","R","E","M","T","$","?","E","R","M","R","B"],"character_chosen":"THE_SILENT","items_purchased":["Noxious Fumes","A Thousand Cuts"],"campfire_rested":1,"item_purchase_floors":[3,10],"current_hp_per_floor":[57,57,57,52,50,50,34,30,30,30,30,14,37,24,24,0],"gold":108,"neow_bonus":"TWENTY_PERCENT_HP_BONUS","is_prod":false,"is_daily":false,"chose_seed":false,"campfire_upgraded":2,"win_rate":0,"timestamp":1557343188,"path_taken":["M","?","?","M","?","R","E","M","T","$","?","E","R","M","R","BOSS"],"build_version":"2019-01-23","purchased_purges":1,"victory":false,"max_hp_per_floor":[78,78,78,78,78,78,78,78,78,78,78,78,78,78,78,78],"card_choices":[{"not_picked":["Dodge and Roll","Poisoned Stab"],"picked":"Dagger Throw","floor":1},{"not_picked":["Terror","Cloak And Dagger"],"picked":"Deadly Poison","floor":4},{"not_picked":["Eviscerate","Outmaneuver"],"picked":"Bane","floor":5},{"not_picked":["Finisher","Eviscerate"],"picked":"Distraction","floor":7},{"not_picked":["Dagger Spray","Dagger Throw"],"picked":"Dodge and Roll","floor":8},{"not_picked":["Outmaneuver","Deadly Poison"],"picked":"Sucker Punch","floor":12},{"not_picked":["Dagger Spray","Accuracy"],"picked":"Night Terror","floor":14}],"player_experience":642034,"relics_obtained":[{"floor":7,"key":"Darkstone Periapt"},{"floor":9,"key":"Shuriken"},{"floor":12,"key":"MawBank"}],"event_choices":[{"damage_healed":0,"gold_gain":0,"player_choice":"Got Potions","damage_taken":0,"max_hp_gain":0,"max_hp_loss":0,"event_name":"Lab","floor":2,"gold_loss":0},{"damage_healed":0,"gold_gain":0,"player_choice":"Trade","damage_taken":0,"relics_obtained":["GremlinMask"],"max_hp_gain":0,"max_hp_loss":0,"event_name":"FaceTrader","floor":11,"gold_loss":0}],"is_beta":false,"boss_relics":[],"items_purged_floors":[3],"is_endless":false,"potions_floor_spawned":[7,8,12],"killed_by":"Hexaghost","ascension_level":16}