{"path_per_floor":["M","?","$","M","M","R","E","M","T","?","R","?","R","M","R","B",null,"M","T","M","$","M","R"],"character_chosen":"THE_SILENT","items_purchased":["Well Laid Plans","Dagger Spray"],"gold_per_floor":[112,62,25,37,51,51,76,86,110,110,110,110,110,120,120,220,220,192,192,205,81,97,97],"floor_reached":24,"campfire_rested":1,"playtime":1303,"current_hp_per_floor":[63,63,63,63,63,63,39,37,37,42,42,42,42,41,41,64,70,38,38,15,15,6,27],"items_purged":["Strike_G"],"gold":97,"score":304,"play_id":"3e9370ce-48b2-429e-8245-de26774aecc1","is_prod":false,"is_daily":false,"is_ascension_mode":true,"campfire_upgraded":4,"path_taken":["M","?","$","M","M","R","E","?","T","?","R","?","R","M","R","BOSS","M","?","M","$","M","R","E"],"build_version":"2018-02-22-PROD2","purchased_purges":1,"victory":false,"master_deck":["Defend_G","Defend_G","Defend_G","Defend_G","Defend_G","Strike_G","Strike_G","Strike_G","Survivor","Neutralize+1","Cloak And Dagger+1","Well Laid Plans","Flying Knee+1","Accuracy+1","Blur+1","Phantasmal Killer","PiercingWail","Dash","Dagger Spray","Bullet Time"],"max_hp_per_floor":[70,67,67,67,67,67,67,67,67,72,72,72,72,72,72,72,72,72,72,72,72,72,72],"relics":["Ring of the Snake","Pantograph","Lantern","Snecko Eye","Girya"],"card_choices":[{"not_picked":["Outmaneuver","Deadly Poison"],"picked":"Cloak And Dagger"},{"not_picked":["Escape Plan","Caltrops"],"picked":"Flying Knee"},{"not_picked":["Backflip","Prepared"],"picked":"Accuracy"},{"not_picked":["Setup","Calculated Gamble"],"picked":"Blur"},{"not_picked":["Corpse Explosion","Grand Finale"],"picked":"Phantasmal Killer"},{"not_picked":["Dodge and Roll","Bane"],"picked":"PiercingWail"},{"not_picked":["Outmaneuver","Prepared"],"picked":"Dash"},{"not_picked":["Eviscerate","Dagger Spray"],"picked":"Bullet Time"}],"player_experience":286923,"potions_floor_usage":[16,16,18,22,22],"damage_taken":[{"damage":0,"enemies":"2 Louse","floor":1,"turns":3},{"damage":0,"enemies":"Cultist","floor":4,"turns":4},{"damage":0,"enemies":"Small Slimes","floor":5,"turns":5},{"damage":24,"enemies":"Gremlin Nob","floor":7,"turns":5},{"damage":2,"enemies":"2 Fungi Beasts","floor":8,"turns":4},{"damage":1,"enemies":"Red Slaver","floor":14,"turns":3},{"damage":2,"enemies":"The Guardian","floor":16,"turns":15},{"damage":32,"enemies":"2 Thieves","floor":18,"turns":5},{"damage":23,"enemies":"Shell Parasite","floor":20,"turns":13},{"damage":9,"enemies":"Chosen and Byrds","floor":22,"turns":8},{"damage":29,"enemies":"Slavers","floor":24,"turns":4}],"event_choices":[{"event_name":"The Cleric","player_choice":"Card Removal","floor":2,"damage_taken":0},{"event_name":"Big Fish","player_choice":"Donut","floor":10,"damage_taken":0},{"event_name":"Wheel of Change","player_choice":"Card Removal","floor":12,"damage_taken":0}],"boss_relics":[{"not_picked":["Philosopher\u0027s Stone","Tiny House"],"picked":"Snecko Eye"}],"potions_floor_spawned":[7,8,14,18,20],"seed_played":"5316329287056178348","killed_by":"Slavers","ascension_level":11,"is_trial":false}