{"gold_per_floor":[10,29,40,55,71,71,91,120,120,120],"floor_reached":10,"playtime":481,"items_purged":[],"score":144,"play_id":"0b4cd779-b3c9-4380-a0e2-5e7de721ac17","local_time":"20181027190522","is_ascension_mode":true,"campfire_choices":[{"data":"Neutralize","floor":6,"key":"SMITH"}],"neow_cost":"NO_GOLD","seed_source_timestamp":1550974529005258,"circlet_count":0,"master_deck":["Defend_G","Defend_G","Defend_G","Defend_G","Strike_G","Strike_G","Strike_G","Strike_G","Survivor","Neutralize+1","AscendersBane","Backflip","Flying Knee","Masterful Stab","Deflect","Dodge and Roll","Expertise","Dagger Spray"],"relics":["Ring of the Snake","Pen Nib","Bronze Scales"],"potions_floor_usage":[7,8,10],"damage_taken":[{"damage":11,"enemies":"Cultist","floor":1,"turns":5},{"damage":0,"enemies":"Jaw Worm","floor":2,"turns":5},{"damage":0,"enemies":"Small Slimes","floor":3,"turns":4},{"damage":3,"enemies":"Blue Slaver","floor":4,"turns":4},{"damage":0,"enemies":"2 Fungi Beasts","floor":5,"turns":4},{"damage":0,"enemies":"Large Slime","floor":7,"turns":6},{"damage":21,"enemies":"3 Sentries","floor":8,"turns":16},{"damage":24,"enemies":"Gremlin Nob","floor":10,"turns":3}],"seed_played":"-432825552592559302","potions_obtained":[{"floor":4,"key":"SpeedPotion"},{"floor":5,"key":"FearPotion"},{"floor":7,"key":"Block Potion"}],"is_trial":false,"path_per_floor":["M","M","M","M","M","R","M","E","T"],"character_chosen":"THE_SILENT","items_purchased":[],"campfire_rested":0,"item_purchase_floors":[],"current_hp_per_floor":[48,48,48,45,45,45,45,24,24,0],"gold":120,"neow_bonus":"REMOVE_TWO","is_prod":false,"is_daily":false,"chose_seed":false,"campfire_upgraded":1,"win_rate":0,"timestamp":1540681522,"path_taken":["M","M","M","M","M","R","?","E","T","E"],"build_version":"2018-10-25v2","purchased_purges":0,"victory":false,"max_hp_per_floor":[66,66,66,66,66,66,66,66,66,66],"card_choices":[{"not_picked":["Outmaneuver","Expertise"],"picked":"Backflip","floor":1},{"not_picked":["Blur","Dodge and Roll"],"picked":"Flying Knee","floor":2},{"not_picked":["Storm of Steel","Dagger Throw"],"picked":"Masterful Stab","floor":3},{"not_picked":["Deadly Poison","PiercingWail"],"picked":"Deflect","floor":4},{"not_picked":["Slice","Bane"],"picked":"Dodge and Roll","floor":5},{"not_picked":["Venomology","Deflect"],"picked":"Expertise","floor":7},{"not_picked":["Masterful Stab","Eviscerate"],"picked":"Dagger Spray","floor":8}],"player_experience":852012,"relics_obtained":[{"floor":8,"key":"Pen Nib"},{"floor":9,"key":"Bronze Scales"}],"event_choices":[],"is_beta":false,"boss_relics":[],"items_purged_floors":[],"is_endless":false,"potions_floor_spawned":[4,5,7],"killed_by":"Gremlin Nob","ascension_level":20}