{"gold_per_floor":[114,114,134,134,149,184,184,211,211,222,234,35,45,45,45,148,148,168,168,180,180,180,215,235,262,286,316,316,316],"floor_reached":29,"playtime":1577,"items_purged":[],"score":381,"play_id":"41bf7fc7-5c5e-4829-8298-5ea04a6ea735","local_time":"20190119092543","is_ascension_mode":true,"campfire_choices":[{"data":"Zap","floor":7,"key":"SMITH"},{"data":"Redo","floor":15,"key":"SMITH"},{"floor":28,"key":"REST"}],"neow_cost":"NONE","seed_source_timestamp":143235669257987,"circlet_count":0,"master_deck":["Zap+1","Dualcast","Tempest","Conserve Battery","Steam","Genetic Algorithm","Thunder Strike","Steam","Gash","Redo+1","Creative AI","Heatsinks","Hologram","Conserve Battery","Seek","Sweeping Beam","Scrape","Chill","Turbo","Redo","Turbo+1","Steam Power","All For One","Tempest"],"relics":["Cracked Core","NeowsBlessing","Happy Flower","Pantograph","Blood Vial","Pen Nib","Lee\u0027s Waffle","Pandora\u0027s Box","Bronze Scales","Dream Catcher","Vajra","Ginger"],"potions_floor_usage":[6,13,16,16,20,25,25,25,27],"damage_taken":[{"damage":0,"enemies":"Cultist","floor":1,"turns":1},{"damage":0,"enemies":"2 Louse","floor":3,"turns":1},{"damage":0,"enemies":"Jaw Worm","floor":5,"turns":1},{"damage":34,"enemies":"Gremlin Nob","floor":6,"turns":4},{"damage":21,"enemies":"Lagavulin","floor":8,"turns":6},{"damage":6,"enemies":"Blue Slaver","floor":10,"turns":3},{"damage":4,"enemies":"3 Louse","floor":11,"turns":4},{"damage":0,"enemies":"Large Slime","floor":13,"turns":5},{"damage":14,"enemies":"Slime Boss","floor":16,"turns":8},{"damage":2,"enemies":"Chosen","floor":18,"turns":4},{"damage":5,"enemies":"Spheric Guardian","floor":20,"turns":4},{"damage":27,"enemies":"Gremlin Leader","floor":23,"turns":7},{"damage":3,"enemies":"Snake Plant","floor":24,"turns":3},{"damage":24,"enemies":"Slavers","floor":25,"turns":4},{"damage":9,"enemies":"Gremlin Leader","floor":27,"turns":5},{"damage":38,"enemies":"Book of Stabbing","floor":29,"turns":4}],"seed_played":"1116767607953160219","potions_obtained":[{"floor":3,"key":"Poison Potion"},{"floor":5,"key":"Strength Potion"},{"floor":6,"key":"Strength Potion"},{"floor":13,"key":"SteroidPotion"},{"floor":18,"key":"Block Potion"},{"floor":24,"key":"EntropicBrew"},{"floor":27,"key":"SteroidPotion"}],"is_trial":false,"path_per_floor":["M","?","M","?","M","E","R","E","T","M","M","$","M","?","R","B",null,"M","?","M","?","?","E","M","E","T","E","R","E"],"character_chosen":"DEFECT","items_purchased":["Lee\u0027s Waffle"],"campfire_rested":1,"item_purchase_floors":[12],"current_hp_per_floor":[68,68,68,68,68,34,34,13,13,9,7,82,82,75,75,68,79,79,63,60,60,60,35,34,12,12,5,31,0],"gold":316,"neow_bonus":"THREE_ENEMY_KILL","is_prod":false,"is_daily":false,"chose_seed":false,"campfire_upgraded":2,"win_rate":0,"timestamp":1547907943,"path_taken":["M","?","M","?","M","E","R","E","T","?","M","?","M","?","R","BOSS","M","?","M","?","?","E","?","E","T","E","R","E"],"build_version":"2019-01-17v2","purchased_purges":0,"victory":false,"max_hp_per_floor":[75,75,75,75,75,75,75,75,75,75,75,82,82,82,82,82,82,82,87,87,87,87,87,87,87,87,87,87,87],"card_choices":[{"not_picked":["Rebound","Barrage"],"picked":"Tempest","floor":1},{"not_picked":["Aggregate","Compile Driver"],"picked":"Conserve Battery","floor":3},{"not_picked":["Barrage","Sweeping Beam"],"picked":"Steam","floor":5},{"not_picked":["Streamline","Fusion"],"picked":"Genetic Algorithm","floor":6},{"not_picked":["Coolheaded","Gash"],"picked":"Thunder Strike","floor":8},{"not_picked":["Conserve Battery","Gash"],"picked":"Steam","floor":10},{"not_picked":["Compile Driver","Sweeping Beam"],"picked":"Gash","floor":11},{"not_picked":["Ball Lightning","Sweeping Beam"],"picked":"Redo","floor":13},{"not_picked":["Rainbow","Multi-Cast"],"picked":"Creative AI","floor":16},{"not_picked":["Streamline+1","Redo","Hello World"],"picked":"SKIP","floor":18},{"not_picked":["Tempest","Steam Power"],"picked":"Chill","floor":20},{"not_picked":["Chaos","Leap+1"],"picked":"Turbo+1","floor":23},{"not_picked":["Compile Driver","Undo","Leap"],"picked":"SKIP","floor":24},{"not_picked":["Static Discharge","Darkness"],"picked":"Steam Power","floor":25},{"not_picked":["Undo","Redo"],"picked":"All For One","floor":27},{"not_picked":["Cold Snap","Coolheaded"],"picked":"Tempest","floor":28}],"player_experience":177289,"relics_obtained":[{"floor":6,"key":"Pantograph"},{"floor":8,"key":"Blood Vial"},{"floor":9,"key":"Pen Nib"},{"floor":23,"key":"Bronze Scales"},{"floor":25,"key":"Dream Catcher"},{"floor":26,"key":"Vajra"},{"floor":27,"key":"Ginger"}],"event_choices":[{"damage_healed":0,"gold_gain":0,"player_choice":"Box","damage_taken":0,"relics_obtained":["Happy Flower"],"max_hp_gain":0,"max_hp_loss":0,"event_name":"Big Fish","floor":2,"gold_loss":0,"cards_obtained":["Regret"]},{"cards_removed":["Regret"],"damage_healed":0,"gold_gain":0,"player_choice":"Removed Curses","damage_taken":0,"max_hp_gain":0,"max_hp_loss":0,"event_name":"Fountain of Cleansing","floor":4,"gold_loss":0},{"cards_removed":["Strike_B"],"damage_healed":0,"gold_gain":0,"player_choice":"Card Removal","damage_taken":7,"max_hp_gain":0,"max_hp_loss":0,"event_name":"Golden Wing","floor":14,"gold_loss":0},{"damage_healed":0,"gold_gain":0,"player_choice":"Shed Blood","damage_taken":21,"max_hp_gain":5,"max_hp_loss":0,"event_name":"Forgotten Altar","floor":19,"gold_loss":0},{"damage_healed":0,"gold_gain":0,"player_choice":"Read","damage_taken":0,"max_hp_gain":0,"max_hp_loss":0,"event_name":"The Library","floor":21,"gold_loss":0,"cards_obtained":["Turbo"]},{"damage_healed":0,"gold_gain":0,"cards_transformed":["Rip and Tear"],"player_choice":"Transformed","damage_taken":0,"max_hp_gain":0,"max_hp_loss":0,"event_name":"Transmorgrifier","floor":22,"gold_loss":0,"cards_obtained":["Redo"]}],"is_beta":false,"boss_relics":[{"not_picked":["Empty Cage","Tiny House"],"picked":"Pandora\u0027s Box"}],"items_purged_floors":[],"is_endless":false,"potions_floor_spawned":[3,5,6,13,18,24,27],"killed_by":"Book of Stabbing","ascension_level":6}