{"gold_per_floor":[118,218,232,251,264,293,293,323,323,323,338,354,369,369],"floor_reached":14,"playtime":629,"items_purged":[],"score":146,"play_id":"0f9d2dad-d88b-42aa-8350-46e6bb1639fb","local_time":"20190327214609","is_ascension_mode":true,"campfire_choices":[{"floor":7,"key":"REST"},{"data":"Rage","floor":10,"key":"SMITH"}],"neow_cost":"NONE","seed_source_timestamp":1223917908617008,"circlet_count":0,"master_deck":["Strike_R","Strike_R","Strike_R","Strike_R","Strike_R","Defend_R","Defend_R","Defend_R","Defend_R","Bash","Limit Break","Shrug It Off","Evolve","Clothesline","Disarm","Rage+1","Havoc"],"relics":["Burning Blood","Anchor","Dead Branch","Ornamental Fan"],"potions_floor_usage":[6,8,8,14],"damage_taken":[{"damage":6,"enemies":"Cultist","floor":1,"turns":4},{"damage":0,"enemies":"Small Slimes","floor":3,"turns":3},{"damage":2,"enemies":"2 Louse","floor":4,"turns":4},{"damage":5,"enemies":"Exordium Wildlife","floor":5,"turns":3},{"damage":57,"enemies":"Lagavulin","floor":6,"turns":11},{"damage":14,"enemies":"3 Sentries","floor":8,"turns":8},{"damage":0,"enemies":"3 Louse","floor":11,"turns":5},{"damage":4,"enemies":"Looter","floor":12,"turns":4},{"damage":20,"enemies":"Lots of Slimes","floor":13,"turns":7},{"damage":46,"enemies":"Gremlin Nob","floor":14,"turns":4}],"seed_played":"-8075387493810320716","potions_obtained":[{"floor":3,"key":"SkillPotion"},{"floor":4,"key":"LiquidBronze"},{"floor":5,"key":"Fire Potion"},{"floor":13,"key":"Dexterity Potion"}],"is_trial":false,"path_per_floor":["M","?","M","M","M","E","R","E","T","R","M","M","M","E"],"character_chosen":"IRONCLAD","items_purchased":[],"campfire_rested":1,"item_purchase_floors":[],"current_hp_per_floor":[72,72,78,80,80,29,53,45,45,45,51,53,39,0],"gold":369,"neow_bonus":"ONE_RANDOM_RARE_CARD","is_prod":false,"is_daily":false,"chose_seed":false,"campfire_upgraded":1,"win_rate":0,"timestamp":1553737569,"path_taken":["M","?","M","M","M","E","R","E","T","R","?","M","M","E"],"build_version":"2019-01-23","purchased_purges":0,"victory":false,"max_hp_per_floor":[80,80,80,80,80,80,80,80,80,80,80,80,80,80],"card_choices":[{"not_picked":["Havoc","Dual Wield"],"picked":"Shrug It Off","floor":1},{"not_picked":["Body Slam","Pommel Strike"],"picked":"Evolve","floor":3},{"not_picked":["Combust","Havoc","Heavy Blade"],"picked":"SKIP","floor":4},{"not_picked":["Iron Wave","Body Slam"],"picked":"Clothesline","floor":5},{"not_picked":["Sever Soul","Barricade"],"picked":"Disarm","floor":6},{"not_picked":["Cleave","Headbutt"],"picked":"Rage","floor":8},{"not_picked":["Disarm","Heavy Blade"],"picked":"Havoc","floor":11},{"not_picked":["Thunderclap","Fire Breathing","Wild Strike"],"picked":"SKIP","floor":12},{"not_picked":["Pommel Strike","Dropkick","Heavy Blade"],"picked":"SKIP","floor":13}],"player_experience":475085,"relics_obtained":[{"floor":6,"key":"Anchor"},{"floor":8,"key":"Dead Branch"},{"floor":9,"key":"Ornamental Fan"}],"event_choices":[{"damage_healed":0,"gold_gain":100,"player_choice":"Pray","damage_taken":0,"max_hp_gain":0,"max_hp_loss":0,"event_name":"Golden Shrine","floor":2,"gold_loss":0}],"is_beta":false,"boss_relics":[],"items_purged_floors":[],"is_endless":false,"potions_floor_spawned":[3,4,5,13],"killed_by":"Gremlin Nob","ascension_level":8}