{"gold_per_floor":[112,126,139,139,10,40,40,40,85,98,17,17,46,46,46,46],"floor_reached":16,"playtime":477,"items_purged":["Defend_B"],"score":216,"play_id":"85b44213-333f-43da-b513-d90c2311590c","local_time":"20190107182201","is_ascension_mode":true,"campfire_choices":[{"data":"Zap","floor":7,"key":"SMITH"},{"data":"Sunder","floor":12,"key":"SMITH"},{"floor":15,"key":"REST"}],"neow_cost":"NONE","seed_source_timestamp":1754763609766,"circlet_count":0,"master_deck":["AscendersBane","Strike_B","Strike_B","Strike_B","Strike_B","Defend_B","Defend_B","Defend_B","Zap+1","Dualcast","Cold Snap","Loop+1","FTL","Sunder+1","Self Repair","Capacitor+1"],"relics":["Cracked Core","Vajra","Smiling Mask","Regal Pillow","Frozen Egg 2"],"potions_floor_usage":[6,6,13],"damage_taken":[{"damage":0,"enemies":"2 Louse","floor":1,"turns":2},{"damage":0,"enemies":"Small Slimes","floor":2,"turns":4},{"damage":7,"enemies":"Jaw Worm","floor":3,"turns":3},{"damage":23,"enemies":"Lagavulin","floor":6,"turns":6},{"damage":9,"enemies":"2 Fungi Beasts","floor":10,"turns":3},{"damage":21,"enemies":"3 Sentries","floor":13,"turns":5},{"damage":63,"enemies":"Hexaghost","floor":16,"turns":9}],"seed_played":"257109287890978204","potions_obtained":[{"floor":1,"key":"AttackPotion"}],"is_trial":false,"path_per_floor":["M","M","M","?","$","E","R","?","T","M","$","R","E","?","R","B"],"character_chosen":"DEFECT","items_purchased":["Fire Potion","Regen Potion"],"campfire_rested":1,"item_purchase_floors":[5,11],"current_hp_per_floor":[64,64,57,57,57,34,34,34,34,25,25,25,25,25,61,0],"gold":46,"neow_bonus":"RANDOM_COMMON_RELIC","is_prod":false,"is_daily":false,"chose_seed":false,"campfire_upgraded":2,"win_rate":0,"timestamp":1546903321,"path_taken":["M","M","M","?","$","E","R","?","T","M","?","R","E","?","R","BOSS"],"build_version":"2019-01-03v4","purchased_purges":1,"victory":false,"max_hp_per_floor":[71,71,71,71,71,71,71,71,71,71,71,71,71,71,71,71],"card_choices":[{"not_picked":["Reinforced Body","Lockon"],"picked":"Cold Snap","floor":1},{"not_picked":["Ball Lightning","Auto Shields"],"picked":"Loop","floor":2},{"not_picked":["Compile Driver","Leap"],"picked":"FTL","floor":3},{"not_picked":["Streamline","Gash"],"picked":"Sunder","floor":6},{"not_picked":["Stack","FTL"],"picked":"Self Repair","floor":10},{"not_picked":["Go for the Eyes","Cold Snap"],"picked":"Capacitor","floor":13}],"player_experience":1000774,"relics_obtained":[{"floor":6,"key":"Smiling Mask"},{"floor":9,"key":"Regal Pillow"},{"floor":13,"key":"Frozen Egg 2"}],"event_choices":[{"damage_healed":0,"gold_gain":0,"player_choice":"Grow","damage_taken":0,"max_hp_gain":0,"max_hp_loss":0,"event_name":"Living Wall","floor":4,"gold_loss":0,"cards_upgraded":["Loop"]},{"damage_healed":0,"gold_gain":0,"player_choice":"Ignored","damage_taken":0,"max_hp_gain":0,"max_hp_loss":0,"event_name":"Liars Game","floor":8,"gold_loss":0},{"damage_healed":0,"gold_gain":0,"player_choice":"Fled","damage_taken":0,"max_hp_gain":0,"max_hp_loss":0,"event_name":"Scrap Ooze","floor":14,"gold_loss":0}],"is_beta":false,"boss_relics":[],"items_purged_floors":[5],"is_endless":false,"potions_floor_spawned":[1],"killed_by":"Hexaghost","ascension_level":20}