{"gold_per_floor":[211,17,33,33,50,50,82,82,109,138,138,154,189,208,208,208],"floor_reached":16,"playtime":755,"items_purged":[],"score":144,"play_id":"5b35f7bc-e7f4-4b77-87d4-2c6b7e1e83b8","local_time":"20190119180417","is_ascension_mode":true,"campfire_choices":[{"data":"Metamorphosis","floor":6,"key":"SMITH"},{"data":"Bash","floor":8,"key":"SMITH"},{"data":"Exhume","floor":11,"key":"SMITH"},{"data":"True Grit","floor":15,"key":"SMITH"}],"neow_cost":"NONE","seed_source_timestamp":175170047400429,"circlet_count":0,"master_deck":["Strike_R","Strike_R","Strike_R","Strike_R","Defend_R","Defend_R","Defend_R","Defend_R","Bash+1","Intimidate","Metamorphosis+1","Pummel","Rage","Exhume+1","True Grit+1","Fiend Fire+1"],"relics":["Burning Blood","Bronze Scales","Dream Catcher","Molten Egg 2","Potion Belt"],"potions_floor_usage":[16],"damage_taken":[{"damage":0,"enemies":"Small Slimes","floor":1,"turns":3},{"damage":8,"enemies":"Cultist","floor":3,"turns":4},{"damage":9,"enemies":"Jaw Worm","floor":5,"turns":3},{"damage":25,"enemies":"3 Sentries","floor":7,"turns":6},{"damage":10,"enemies":"Lagavulin","floor":10,"turns":4},{"damage":10,"enemies":"Large Slime","floor":12,"turns":4},{"damage":30,"enemies":"3 Sentries","floor":13,"turns":6},{"damage":7,"enemies":"Looter","floor":14,"turns":4},{"damage":23,"enemies":"The Guardian","floor":16,"turns":4}],"seed_played":"123457053382767496","potions_obtained":[{"floor":1,"key":"Dexterity Potion"},{"floor":5,"key":"SneckoOil"},{"floor":13,"key":"Energy Potion"}],"is_trial":false,"path_per_floor":["M","$","M","?","M","R","E","R","T","E","R","M","E","M","R","B"],"character_chosen":"IRONCLAD","items_purchased":["Metamorphosis"],"campfire_rested":0,"item_purchase_floors":[2],"current_hp_per_floor":[80,80,78,78,75,75,56,56,56,52,52,48,24,23,23,0],"gold":208,"neow_bonus":"HUNDRED_GOLD","is_prod":false,"is_daily":false,"chose_seed":false,"campfire_upgraded":4,"win_rate":0,"timestamp":1547939057,"path_taken":["M","$","M","?","M","R","E","R","T","E","R","M","E","M","R","BOSS"],"build_version":"2019-01-17v2","purchased_purges":0,"victory":false,"max_hp_per_floor":[80,80,80,80,80,80,80,80,80,80,80,80,80,80,80,80],"card_choices":[{"not_picked":["Sword Boomerang","Sentinel"],"picked":"Intimidate","floor":1},{"not_picked":["Iron Wave","Cleave"],"picked":"Pummel","floor":3},{"not_picked":["Headbutt","Whirlwind"],"picked":"Rage","floor":5},{"not_picked":["Ghostly Armor","Dropkick","Body Slam"],"picked":"SKIP","floor":7},{"not_picked":["True Grit","Entrench"],"picked":"Exhume","floor":10},{"not_picked":["Armaments","Wild Strike+1","Sever Soul+1"],"picked":"SKIP","floor":12},{"not_picked":["Wild Strike+1","Burning Pact"],"picked":"True Grit","floor":13},{"not_picked":["Clash+1","Cleave+1"],"picked":"Fiend Fire+1","floor":14}],"player_experience":190496,"relics_obtained":[{"floor":7,"key":"Bronze Scales"},{"floor":9,"key":"Dream Catcher"},{"floor":10,"key":"Molten Egg 2"},{"floor":13,"key":"Potion Belt"}],"event_choices":[{"cards_removed":["Strike_R"],"damage_healed":0,"gold_gain":0,"player_choice":"Offered Basic","damage_taken":0,"max_hp_gain":0,"max_hp_loss":0,"event_name":"Bonfire Elementals","floor":4,"gold_loss":0}],"is_beta":false,"boss_relics":[],"items_purged_floors":[],"is_endless":false,"potions_floor_spawned":[1,5,13],"killed_by":"The Guardian","ascension_level":4}