{"gold_per_floor":[114,114,133,211,286,286,299,299,299,299,92,112,126,159,159,262,262,274,101,82,82,82,82,102,102,102,132,152,168,182,109,109,205,205,220,230,242,117,127,162,162,187,187,187,187,187,1,1,1,1],"floor_reached":51,"playtime":3097,"items_purged":["Strike_B","Strike_B","Rebound","Undo"],"score":1153,"play_id":"2713d5da-04ec-4570-aaa1-d49f2a590b8a","local_time":"20180625191710","is_ascension_mode":true,"campfire_choices":[{"data":"Zap","floor":6,"key":"SMITH"},{"data":"Rip and Tear","floor":8,"key":"SMITH"},{"data":"Glacier","floor":10,"key":"SMITH"},{"floor":15,"key":"REST"},{"data":"Storm","floor":23,"key":"SMITH"},{"data":"Reinforced Body","floor":25,"key":"SMITH"},{"data":"Creative AI","floor":32,"key":"SMITH"},{"data":"Dualcast","floor":41,"key":"PURGE"},{"data":"Loop","floor":44,"key":"SMITH"},{"data":"Blizzard","floor":46,"key":"SMITH"},{"data":"Biased Cognition","floor":49,"key":"SMITH"}],"neow_cost":"NONE","seed_source_timestamp":810437311614953,"circlet_count":0,"master_deck":["Defend_B","Defend_B","Defend_B","Defend_B","Zap+1","Rip and Tear+1","Glacier+1","Storm+1","Bandage Up","Creative AI+1","Reinforced Body+1","Sweeping Beam+1","Blizzard+1","Loop+1","Fission","Go for the Eyes+1","Coolheaded+1","Loop+1","Heatsinks","Biased Cognition+1"],"special_seed":17707,"relics":["Eternal Feather","Letter Opener","Mummified Hand","Toolbox","Strawberry","Busted Crown","Enchiridion","Peace Pipe","Calipers","Empty Cage","Vajra","Oddly Smooth Stone","Molten Egg 2","Thread and Needle"],"potions_floor_usage":[7,27,27,36,42,42,50,50],"damage_taken":[{"damage":3,"enemies":"Jaw Worm","floor":1,"turns":5},{"damage":0,"enemies":"Small Slimes","floor":3,"turns":3},{"damage":0,"enemies":"2 Louse","floor":7,"turns":2},{"damage":4,"enemies":"Exordium Wildlife","floor":12,"turns":5},{"damage":0,"enemies":"Lots of Slimes","floor":13,"turns":2},{"damage":28,"enemies":"Gremlin Nob","floor":14,"turns":4},{"damage":14,"enemies":"Slime Boss","floor":16,"turns":9},{"damage":14,"enemies":"Spheric Guardian","floor":18,"turns":4},{"damage":15,"enemies":"2 Thieves","floor":20,"turns":4},{"damage":20,"enemies":"Sentry and Sphere","floor":24,"turns":5},{"damage":5,"enemies":"Book of Stabbing","floor":27,"turns":8},{"damage":14,"enemies":"Slaver and Parasite","floor":28,"turns":5},{"damage":3,"enemies":"Centurion and Healer","floor":29,"turns":5},{"damage":0,"enemies":"3 Cultists","floor":30,"turns":3},{"damage":0,"enemies":"Champ","floor":33,"turns":11},{"damage":30,"enemies":"3 Darklings","floor":35,"turns":3},{"damage":0,"enemies":"3 Shapes","floor":36,"turns":4},{"damage":13,"enemies":"3 Darklings","floor":37,"turns":3},{"damage":0,"enemies":"Maw","floor":39,"turns":7},{"damage":0,"enemies":"Giant Head","floor":40,"turns":8},{"damage":0,"enemies":"2 Orb Walkers","floor":42,"turns":3},{"damage":0,"floor":48,"turns":6},{"damage":24,"enemies":"Donu and Deca","floor":50,"turns":5}],"seed_played":"4994482847118360665","potions_obtained":[{"floor":1,"key":"Poison Potion"},{"floor":14,"key":"Poison Potion"},{"floor":24,"key":"SteroidPotion"},{"floor":27,"key":"SkillPotion"},{"floor":29,"key":"Energy Potion"},{"floor":30,"key":"Poison Potion"},{"floor":37,"key":"SkillPotion"},{"floor":42,"key":"Ancient Potion"}],"is_trial":false,"path_per_floor":["M","?","M","T","?","R","M","R","T","R","$","M","M","E","R","B",null,"M","$","M","?","$","R","M","R","T","E","M","M","M","$","R","B",null,"M","M","M","$","M","E","R","E","T","R","?","R","$","?","R","B"],"character_chosen":"DEFECT","items_purchased":["Storm","Bandage Up","Reinforced Body","Loop","Heatsinks"],"campfire_rested":1,"item_purchase_floors":[11,11,19,31,47],"current_hp_per_floor":[72,47,47,47,36,40,40,44,44,48,48,48,52,31,61,51,82,72,72,61,45,45,51,35,41,41,40,32,40,40,40,48,54,82,52,56,47,47,51,55,63,67,67,75,75,81,81,82,82,58],"gold":1,"neow_bonus":"BOSS_RELIC","is_prod":false,"is_daily":false,"chose_seed":false,"campfire_upgraded":9,"win_rate":0,"timestamp":1529968630,"path_taken":["M","?","M","?","?","R","M","R","T","R","$","M","?","E","R","BOSS","M","$","?","?","?","R","M","R","T","E","M","M","?","?","R","BOSS","M","M","M","$","M","E","R","E","T","R","?","R","$","?","R","BOSS"],"build_version":"2018-06-21v2","purchased_purges":4,"victory":true,"max_hp_per_floor":[75,75,75,75,75,75,75,75,75,75,75,75,75,82,82,82,82,82,82,82,82,82,82,82,82,82,82,82,82,82,82,82,82,82,82,82,82,82,82,82,82,82,82,82,82,82,82,82,82,82],"card_choices":[{"not_picked":["Cold Snap","Barrage"],"picked":"Rip and Tear","floor":1},{"not_picked":["Rebound","Fusion","Static Discharge"],"picked":"SKIP","floor":3},{"not_picked":["Auto Shields","Gash"],"picked":"Glacier","floor":7},{"not_picked":["Aggregate","Stack"],"picked":"Undo","floor":12},{"not_picked":["Capacitor","Leap"],"picked":"Skim","floor":13},{"not_picked":["Barrage","Stack"],"picked":"Creative AI","floor":14},{"not_picked":["Compile Driver+1"],"picked":"SKIP","floor":18},{"not_picked":["Sweeping Beam"],"picked":"SKIP","floor":20},{"not_picked":[],"picked":"Sweeping Beam+1","floor":24},{"not_picked":[],"picked":"Rebound","floor":27},{"not_picked":[],"picked":"Blizzard","floor":28},{"not_picked":["Blizzard"],"picked":"SKIP","floor":29},{"not_picked":["Ball Lightning"],"picked":"SKIP","floor":30},{"not_picked":[],"picked":"Fission","floor":33},{"not_picked":[],"picked":"Go for the Eyes+1","floor":35},{"not_picked":[],"picked":"Coolheaded+1","floor":36},{"not_picked":[],"picked":"Loop+1","floor":37},{"not_picked":["Rebound+1"],"picked":"SKIP","floor":39},{"not_picked":["Compile Driver"],"picked":"SKIP","floor":40},{"not_picked":["Turbo"],"picked":"SKIP","floor":42},{"not_picked":[],"picked":"Biased Cognition","floor":48}],"player_experience":307186,"relics_obtained":[{"floor":4,"key":"Mummified Hand"},{"floor":9,"key":"Toolbox"},{"floor":14,"key":"Strawberry"},{"floor":21,"key":"Enchiridion"},{"floor":26,"key":"Peace Pipe"},{"floor":27,"key":"Calipers"},{"floor":40,"key":"Vajra"},{"floor":42,"key":"Oddly Smooth Stone"},{"floor":43,"key":"Molten Egg 2"},{"floor":48,"key":"Thread and Needle"}],"event_choices":[{"event_name":"Scrap Ooze","player_choice":"success","floor":2,"damage_taken":25},{"event_name":"World of Goop","player_choice":"Gather Gold","floor":5,"damage_taken":0},{"event_name":"Cursed Tome","player_choice":"Obtained Book","floor":21,"damage_taken":0},{"event_name":"Falling","player_choice":"Removed Skill","floor":45,"damage_taken":0},{"event_name":"MindBloom","player_choice":"Fight","floor":48,"damage_taken":0}],"boss_relics":[{"not_picked":["Velvet Choker","Runic Dome"],"picked":"Busted Crown"},{"not_picked":["Lizard Tail","Tiny House"],"picked":"Empty Cage"}],"items_purged_floors":[11,19,38,47],"is_endless":false,"potions_floor_spawned":[1,14,24,27,29,30,35,37,42],"ascension_level":2}