{"path_per_floor":["M","?","$","M","M","R","E","R","T","M","M","?","?","M","R","B",null,"M","?","?","$","M","R","E","R","T","M","?","M","M","R","B",null,"M","?","$","?","M","E","R","?","T","R","E","?","M","?","R"],"character_chosen":"IRONCLAD","items_purchased":["Vajra","Searing Blow","Orichalcum","Whetstone"],"gold_per_floor":[119,294,39,58,73,73,107,107,107,126,145,174,174,186,186,286,286,301,301,301,54,71,71,104,104,104,117,117,136,153,153,248,278,290,290,13,13,24,54,54,54,79,79,111,0,18,18,18,18],"floor_reached":49,"campfire_rested":2,"playtime":9081,"current_hp_per_floor":[78,78,78,80,79,79,60,60,74,75,58,47,40,46,75,34,99,88,88,49,49,52,52,52,52,52,56,40,41,58,58,37,80,80,80,80,80,80,29,53,73,73,73,29,29,12,73,73,0],"items_purged":["Doubt","Defend_R","Strike_R"],"gold":18,"score":565,"play_id":"8bfdc475-4170-4113-866b-33b6c085d434","local_time":"20180515000837","is_prod":false,"is_daily":false,"chose_seed":false,"is_ascension_mode":false,"campfire_upgraded":7,"timestamp":1526339317,"path_taken":["M","?","$","M","M","R","E","R","T","M","M","?","?","?","R","BOSS","M","?","?","$","M","R","E","R","T","?","M","?","M","M","R","BOSS","M","?","$","?","M","E","R","?","T","R","E","?","M","?","R","BOSS"],"build_version":"2018-05-10","seed_source_timestamp":202713624626578,"purchased_purges":3,"victory":false,"master_deck":["Defend_R","Defend_R","Bash","Pommel Strike","Searing Blow+4","Pommel Strike+1","Heavy Blade","Battle Trance","Anger","Shrug It Off","Feed","Flame Barrier+1","Ghostly","Ghostly","Ghostly","Ghostly+1","Ghostly+1","Headbutt+1","Whirlwind+1","True Grit+1","Exhume+1","Armaments+1","Corruption","Headbutt+1","Writhe","Whirlwind+1","Cleave"],"max_hp_per_floor":[80,80,80,80,80,80,80,80,94,94,99,99,99,99,99,99,99,99,99,49,49,52,52,52,52,52,58,58,64,75,75,75,80,80,80,80,80,80,80,80,80,80,80,83,83,83,73,73,73],"relics":["Burning Blood","Vajra","Unceasing Top","Mango","Odd Mushroom","Velvet Choker","Orichalcum","Matryoshka","Toxic Egg 2","Gremlin Horn","Nilry\u0027s Codex","Tiny House","Whetstone","Question Card","Regal Pillow","Juzu Bracelet","Bag of Preparation","Red Mask"],"card_choices":[{"not_picked":["Clothesline","Shrug It Off"],"picked":"Pommel Strike","floor":1.0},{"not_picked":["Havoc","Power Through"],"picked":"Pommel Strike","floor":5.0},{"not_picked":["Wild Strike","Twin Strike"],"picked":"Heavy Blade","floor":7.0},{"not_picked":["Fire Breathing","Twin Strike"],"picked":"Battle Trance","floor":10.0},{"not_picked":["Exhume","Carnage"],"picked":"Anger","floor":11.0},{"not_picked":["Rage","Havoc"],"picked":"Shrug It Off","floor":14.0},{"not_picked":["Fiend Fire","Reaper"],"picked":"Feed","floor":16.0},{"not_picked":["Anger","Clothesline"],"picked":"Flame Barrier","floor":18.0},{"not_picked":["Anger","Rupture"],"picked":"Headbutt","floor":24.0},{"not_picked":["Clothesline","Bloodletting"],"picked":"Whirlwind","floor":27},{"not_picked":["Pommel Strike","Thunderclap"],"picked":"True Grit","floor":30},{"not_picked":["Dark Embrace","Fiend Fire"],"picked":"Exhume","floor":32},{"not_picked":["Disarm","Anger"],"picked":"Armaments","floor":33},{"not_picked":["Uppercut","Battle Trance"],"picked":"Headbutt","floor":38},{"not_picked":["Twin Strike","Feed","Dark Embrace"],"picked":"Whirlwind","floor":44},{"not_picked":["Wild Strike","Metallicize","Thunderclap"],"picked":"Cleave","floor":46}],"player_experience":50982,"potions_floor_usage":[29,30,49,49,49],"damage_taken":[{"damage":8.0,"enemies":"Jaw Worm","floor":1.0,"turns":6.0},{"damage":2.0,"enemies":"2 Louse","floor":4.0,"turns":2.0},{"damage":7.0,"enemies":"Small Slimes","floor":5.0,"turns":3.0},{"damage":25.0,"enemies":"Lagavulin","floor":7.0,"turns":6.0},{"damage":5.0,"enemies":"3 Louse","floor":10.0,"turns":3.0},{"damage":28.0,"enemies":"Exordium Wildlife","floor":11.0,"turns":5.0},{"damage":17.0,"enemies":"The Mushroom Lair","floor":12.0,"turns":3.0},{"damage":0.0,"enemies":"2 Fungi Beasts","floor":14.0,"turns":3.0},{"damage":47.0,"enemies":"Slime Boss","floor":16.0,"turns":9.0},{"damage":17.0,"enemies":"Shell Parasite","floor":18.0,"turns":5.0},{"damage":0.0,"enemies":"Chosen","floor":22.0,"turns":6.0},{"damage":0.0,"enemies":"Book of Stabbing","floor":24.0,"turns":6.0},{"damage":14.0,"enemies":"Sentry and Sphere","floor":27.0,"turns":8.0},{"damage":0,"enemies":"Snake Plant","floor":27,"turns":6},{"damage":11,"enemies":"Slaver and Parasite","floor":29,"turns":7},{"damage":0,"enemies":"3 Cultists","floor":30,"turns":4},{"damage":27,"enemies":"Collector","floor":32,"turns":10},{"damage":0,"enemies":"Orb Walker","floor":34,"turns":8},{"damage":0,"enemies":"3 Shapes","floor":38,"turns":1},{"damage":57,"enemies":"Nemesis","floor":39,"turns":12},{"damage":53,"enemies":"2 Orb Walkers","floor":44,"turns":9},{"damage":23,"enemies":"Sphere and 2 Shapes","floor":46,"turns":6},{"damage":75,"enemies":"Time Eater","floor":49,"turns":17}],"event_choices":[{"event_name":"Liars Game","player_choice":"agreed","floor":2.0,"damage_taken":0.0},{"event_name":"Mushrooms","player_choice":"Fought Mushrooms","floor":12.0,"damage_taken":0.0},{"event_name":"Golden Wing","player_choice":"Card Removal","floor":13.0,"damage_taken":0.0},{"event_name":"Bonfire Elementals","player_choice":"BASIC","floor":19.0,"damage_taken":0.0},{"event_name":"Ghosts","player_choice":"Became a Ghost","floor":20.0,"damage_taken":0.0},{"event_name":"Back to Basics","player_choice":"Elegance","floor":27,"damage_taken":0},{"event_name":"Cursed Tome","player_choice":"Obtained Book","floor":28,"damage_taken":0},{"event_name":"Transmorgrifier","player_choice":"Transform","floor":37,"damage_taken":0},{"event_name":"Winding Halls","player_choice":"Writhe","floor":41,"damage_taken":0},{"event_name":"Tomb of Lord Red Mask","player_choice":"Paid","floor":45,"damage_taken":0},{"event_name":"The Moai Head","player_choice":"Heal","floor":47,"damage_taken":0}],"boss_relics":[{"not_picked":["Runic Dome","Mark of Pain"],"picked":"Tiny House"}],"potions_floor_spawned":[5,7,10,14,29,30],"seed_played":"825768012508537731","killed_by":"Time Eater","ascension_level":0,"is_trial":false}