{"gold_per_floor":[111,130,68,68,4,4,36,54,100,100,117,131,131,73,73,150,150,150,150,150,75,75,75,75,75,75,75],"floor_reached":27,"playtime":1129,"items_purged":[],"score":394,"play_id":"016eb0ad-df48-4339-a3da-3b55e2bcaf0c","local_time":"20180921010336","is_ascension_mode":true,"campfire_choices":[{"data":"Streamline","floor":6.0,"key":"SMITH"},{"data":"Strike_B","floor":10.0,"key":"PURGE"},{"data":"Loop","floor":13.0,"key":"SMITH"},{"data":"Strike_B","floor":15.0,"key":"PURGE"},{"data":"Glacier","floor":23.0,"key":"SMITH"},{"data":"Defend_B","floor":25,"key":"PURGE"}],"neow_cost":"PERCENT_DAMAGE","seed_source_timestamp":464257202395867,"circlet_count":0,"master_deck":["Strike_B","Strike_B","Defend_B","Defend_B","Defend_B","Zap","Dualcast","AscendersBane","Cold Snap","Sweeping Beam","Streamline+1","Gash","Loop+1","Undo","Echo Form","Beam Cell","Glacier+1","Self Repair","Double Energy"],"special_seed":0,"relics":["Cracked Core","Peace Pipe","DataDisk","Bag of Marbles","Centennial Puzzle","Ectoplasm","MawBank"],"potions_floor_usage":[],"damage_taken":[{"damage":1.0,"enemies":"2 Louse","floor":1.0,"turns":3.0},{"damage":7.0,"enemies":"Small Slimes","floor":2.0,"turns":4.0},{"damage":21.0,"enemies":"3 Sentries","floor":7.0,"turns":9.0},{"damage":0.0,"enemies":"Cultist","floor":8.0,"turns":2.0},{"damage":1.0,"enemies":"Exordium Thugs","floor":11.0,"turns":3.0},{"damage":2.0,"enemies":"Red Slaver","floor":12.0,"turns":2.0},{"damage":5.0,"enemies":"The Guardian","floor":16.0,"turns":15.0},{"damage":11.0,"enemies":"Shell Parasite","floor":18.0,"turns":5.0},{"damage":6.0,"enemies":"Spheric Guardian","floor":19.0,"turns":3.0},{"damage":11.0,"enemies":"Snake Plant","floor":22.0,"turns":5.0},{"damage":25,"enemies":"Shelled Parasite and Fungi","floor":24,"turns":10},{"damage":12,"enemies":"Gremlin Leader","floor":27,"turns":1}],"seed_played":"-2764372490216881897","potions_obtained":[{"floor":7.0,"key":"Block Potion"},{"floor":8.0,"key":"Fire Potion"},{"floor":16.0,"key":"AttackPotion"},{"floor":19.0,"key":"LiquidBronze"}],"is_trial":false,"path_per_floor":["M","M","$","?","?","R","E","M","T","R","M","M","R","?","R","B",null,"M","M","?","?","M","R","M","R","T"],"character_chosen":"DEFECT","items_purchased":["Streamline"],"campfire_rested":0,"item_purchase_floors":[3],"current_hp_per_floor":[45,38,38,38,38,38,17,17,17,17,16,14,14,14,14,9,56,45,39,39,39,28,28,10,10,10,0],"gold":75,"neow_bonus":"ONE_RARE_RELIC","is_prod":false,"is_daily":false,"chose_seed":false,"campfire_upgraded":3,"win_rate":0,"timestamp":1537506216,"path_taken":["M","M","$","?","?","R","E","?","T","R","?","?","R","?","R","BOSS","M","?","?","?","M","R","M","R","T","E"],"build_version":"2018-09-20","purchased_purges":0,"victory":false,"max_hp_per_floor":[71,71,71,71,71,71,71,71,71,71,71,71,71,71,71,71,71,71,71,71,71,71,71,71,71,71,71],"card_choices":[{"not_picked":["Leap","Hologram"],"picked":"Cold Snap","floor":1.0},{"not_picked":["Hologram","Fusion"],"picked":"Sweeping Beam","floor":2.0},{"not_picked":["Undo","Go for the Eyes"],"picked":"Gash","floor":7.0},{"not_picked":["Rebound","Streamline"],"picked":"Loop","floor":8.0},{"not_picked":["Redo","Ball Lightning"],"picked":"Undo","floor":11.0},{"not_picked":["Redo","Cold Snap","Ball Lightning"],"picked":"SKIP","floor":12.0},{"not_picked":["Thunder Strike","Rainbow"],"picked":"Echo Form","floor":16.0},{"not_picked":["Hologram","Static Discharge"],"picked":"Beam Cell","floor":18.0},{"not_picked":["Conserve Battery","Skim"],"picked":"Glacier","floor":19.0},{"not_picked":["Ball Lightning+1","Rebound"],"picked":"Self Repair","floor":22.0},{"not_picked":["Static Discharge","Melter"],"picked":"Double Energy","floor":24}],"player_experience":678253,"relics_obtained":[{"floor":7.0,"key":"Bag of Marbles"},{"floor":9.0,"key":"Centennial Puzzle"},{"floor":26,"key":"MawBank"}],"event_choices":[{"event_name":"Scrap Ooze","player_choice":"unsuccessful","floor":4.0,"damage_taken":0.0},{"event_name":"WeMeetAgain","player_choice":"Gold","floor":5.0,"damage_taken":0.0},{"event_name":"World of Goop","player_choice":"Left","floor":14.0,"damage_taken":0.0},{"event_name":"Wheel of Change","player_choice":"Curse","floor":20.0,"damage_taken":0.0},{"event_name":"Beggar","player_choice":"Gave Gold","floor":21.0,"damage_taken":0.0}],"is_beta":false,"boss_relics":[{"not_picked":["Runic Pyramid","Astrolabe"],"picked":"Ectoplasm"}],"items_purged_floors":[],"is_endless":false,"potions_floor_spawned":[7,8,16,19,22],"killed_by":"Gremlin Leader","ascension_level":17}