{"gold_per_floor":[111,111,121,139,156,156,186,186,186,216,3,3,30,30,30,126,126,139,139,157,170,181,181,192,192,218,243,39,73,73,91,91,194,194,206,218,218,238,638,638,663,681,707,707,720,730,71,71,71,71],"floor_reached":50,"playtime":4238,"items_purged":["Decay"],"score":663,"play_id":"2c27bb1c-22d0-4edb-be8e-d87a4a792b38","local_time":"20190115235552","is_ascension_mode":true,"campfire_choices":[{"data":"Zap","floor":6,"key":"SMITH"},{"data":"Double Energy","floor":8,"key":"SMITH"},{"floor":15,"key":"REST"},{"data":"Creative AI","floor":23,"key":"SMITH"},{"floor":25,"key":"REST"},{"data":"Rainbow","floor":32,"key":"SMITH"},{"floor":40,"key":"RECALL"},{"floor":49,"key":"REST"}],"neow_cost":"NONE","seed_source_timestamp":536635251574682,"circlet_count":0,"master_deck":["Zap+1","Dualcast","Electrodynamics","Self Repair","Cold Snap","FTL","Double Energy+1","Leap","Multi-Cast","Leap","Consume","Creative AI+1","Coolheaded","Auto Shields","Rip and Tear","Defragment","Loop","Self Repair","Melter","Beam Cell","Impatience","Rainbow+1","Glacier","White Noise+1","Conserve Battery","Hologram+1","Rainbow","Turbo+1","Go for the Eyes+1","Coolheaded+1","Steam+1","White Noise+1","BootSequence","Thinking Ahead","Beam Cell","Defragment"],"relics":["Cracked Core","Happy Flower","Symbiotic Virus","Anchor","Question Card","Meat on the Bone","Pandora\u0027s Box","Regal Pillow","Kunai","Runic Capacitor","Boot","Fusion Hammer","Old Coin","Shuriken","Lantern","Oddly Smooth Stone","Pen Nib"],"potions_floor_usage":[7,7,13,24,27,27,29,31,33,38,42,50,50],"damage_taken":[{"damage":1,"enemies":"2 Louse","floor":1,"turns":2},{"damage":2,"enemies":"Jaw Worm","floor":3,"turns":4},{"damage":0,"enemies":"Small Slimes","floor":4,"turns":2},{"damage":10,"enemies":"Looter","floor":5,"turns":3},{"damage":7,"enemies":"Gremlin Nob","floor":7,"turns":4},{"damage":11,"enemies":"Lagavulin","floor":10,"turns":5},{"damage":16,"enemies":"Gremlin Nob","floor":13,"turns":3},{"damage":51,"enemies":"The Guardian","floor":16,"turns":17},{"damage":0,"enemies":"3 Byrds","floor":18,"turns":2},{"damage":14,"enemies":"Shell Parasite","floor":20,"turns":3},{"damage":15,"enemies":"Chosen and Byrds","floor":21,"turns":5},{"damage":34,"enemies":"Shelled Parasite and Fungi","floor":22,"turns":5},{"damage":25,"enemies":"Centurion and Healer","floor":24,"turns":4},{"damage":18,"enemies":"Slavers","floor":27,"turns":3},{"damage":0,"enemies":"Book of Stabbing","floor":29,"turns":5},{"damage":6,"enemies":"Snake Plant","floor":31,"turns":5},{"damage":9,"enemies":"Champ","floor":33,"turns":8},{"damage":18,"enemies":"3 Darklings","floor":35,"turns":3},{"damage":16,"enemies":"3 Shapes","floor":36,"turns":4},{"damage":24,"enemies":"Transient","floor":38,"turns":5},{"damage":0,"enemies":"Mind Bloom Boss Battle","floor":39,"turns":5},{"damage":2,"enemies":"Giant Head","floor":41,"turns":10},{"damage":22,"enemies":"4 Shapes","floor":42,"turns":4},{"damage":11,"enemies":"3 Darklings","floor":45,"turns":7},{"damage":2,"enemies":"Writhing Mass","floor":46,"turns":6},{"damage":73,"enemies":"Awakened One","floor":50,"turns":8}],"seed_played":"6089584678784306786","potions_obtained":[{"floor":4,"key":"AttackPotion"},{"floor":5,"key":"PowerPotion"},{"floor":7,"key":"FocusPotion"},{"floor":16,"key":"FocusPotion"},{"floor":18,"key":"SpeedPotion"},{"floor":22,"key":"FocusPotion"},{"floor":27,"key":"EssenceOfSteel"},{"floor":29,"key":"Weak Potion"},{"floor":31,"key":"LiquidBronze"},{"floor":35,"key":"AttackPotion"},{"floor":41,"key":"SkillPotion"},{"floor":42,"key":"Dexterity Potion"},{"floor":46,"key":"Fire Potion"}],"is_trial":false,"path_per_floor":["M","?","M","M","M","R","E","R","T","E","$","?","E","?","R","B",null,"M","?","M","M","M","R","M","R","T","E","$","E","?","M","R","B",null,"M","M","?","M","?","R","E","M","T","?","M","M","$","?","R","B"],"character_chosen":"DEFECT","items_purchased":["Multi-Cast","Leap","Runic Capacitor","Oddly Smooth Stone","Pen Nib","Thinking Ahead","Beam Cell","Defragment"],"campfire_rested":3,"item_purchase_floors":[11,11,28,47,47,47,47,47],"current_hp_per_floor":[74,56,61,61,58,58,58,58,58,54,54,47,38,38,60,28,75,75,61,61,60,52,52,46,68,68,57,57,71,71,72,72,63,75,71,69,69,59,71,71,71,49,49,49,52,64,64,64,71,0],"gold":71,"neow_bonus":"ONE_RANDOM_RARE_CARD","is_prod":false,"is_daily":false,"chose_seed":false,"campfire_upgraded":4,"win_rate":0,"timestamp":1547614552,"path_taken":["M","?","M","M","M","R","E","R","T","E","$","?","E","?","R","BOSS","M","?","M","M","?","R","M","R","T","E","$","E","?","M","R","BOSS","M","M","?","M","?","R","E","M","T","?","M","M","$","?","R","BOSS"],"build_version":"2019-01-10","purchased_purges":1,"victory":false,"max_hp_per_floor":[75,75,75,75,75,75,75,75,75,75,75,75,75,75,75,75,75,75,75,75,75,75,75,75,75,75,75,75,75,75,75,75,75,75,75,75,71,71,71,71,71,71,71,71,71,71,71,71,71,71],"card_choices":[{"not_picked":["Go for the Eyes","Compile Driver"],"picked":"Self Repair","floor":1},{"not_picked":["Leap","Undo"],"picked":"Cold Snap","floor":3},{"not_picked":["Coolheaded","Gash"],"picked":"FTL","floor":4},{"not_picked":["Reinforced Body","Electrodynamics"],"picked":"Go for the Eyes","floor":5},{"not_picked":["Aggregate","Hyperbeam"],"picked":"Double Energy","floor":7},{"not_picked":["Undo","Gash"],"picked":"Leap","floor":10},{"not_picked":["Coolheaded","Blizzard","Reprogram"],"picked":"Consume","floor":13},{"not_picked":["Multi-Cast","Buffer","Electrodynamics"],"picked":"Creative AI","floor":16},{"not_picked":["Undo+1","Storm","Aggregate"],"picked":"Beam Cell","floor":18},{"not_picked":["Streamline","Barrage+1","Doom and Gloom","Stack"],"picked":"SKIP","floor":20},{"not_picked":["Steam","Lockon","Coolheaded"],"picked":"Rainbow","floor":21},{"not_picked":["Rebound+1","Storm+1","Gash+1"],"picked":"Glacier","floor":22},{"not_picked":["Steam+1","Stack+1","Skim+1"],"picked":"White Noise+1","floor":24},{"not_picked":["Loop","Defragment","Static Discharge+1"],"picked":"Conserve Battery","floor":27},{"not_picked":["Turbo","Melter","Electrodynamics","Self Repair"],"picked":"SKIP","floor":29},{"not_picked":["Sweeping Beam","Ball Lightning","Stack+1"],"picked":"Hologram+1","floor":31},{"not_picked":["Biased Cognition","Thunder Strike","Hyperbeam"],"picked":"Rainbow","floor":33},{"not_picked":["Streamline+1","Consume+1","Gash"],"picked":"Turbo+1","floor":35},{"not_picked":["Conserve Battery","Blizzard","Scrape"],"picked":"Go for the Eyes+1","floor":36},{"not_picked":["Darkness+1","Turbo","Leap"],"picked":"Coolheaded+1","floor":38},{"not_picked":["Redo+1","BootSequence+1","Sweeping Beam+1"],"picked":"Steam+1","floor":41},{"not_picked":["Hologram","Compile Driver","Gash+1"],"picked":"White Noise+1","floor":42},{"not_picked":["Beam Cell+1","Turbo","Stack+1"],"picked":"BootSequence","floor":45},{"not_picked":["Turbo","Reprogram","Compile Driver","Coolheaded+1"],"picked":"SKIP","floor":46}],"player_experience":82271,"relics_obtained":[{"floor":7,"key":"Symbiotic Virus"},{"floor":9,"key":"Anchor"},{"floor":10,"key":"Question Card"},{"floor":13,"key":"Meat on the Bone"},{"floor":26,"key":"Regal Pillow"},{"floor":27,"key":"Kunai"},{"floor":29,"key":"Boot"},{"floor":39,"key":"Old Coin"},{"floor":41,"key":"Shuriken"},{"floor":43,"key":"Lantern"}],"event_choices":[{"damage_healed":0,"gold_gain":0,"player_choice":"Success","damage_taken":18,"relics_obtained":["Happy Flower"],"max_hp_gain":0,"max_hp_loss":0,"event_name":"Scrap Ooze","floor":2,"gold_loss":0},{"cards_removed":["Strike_B"],"damage_healed":0,"gold_gain":0,"player_choice":"Card Removal","damage_taken":7,"max_hp_gain":0,"max_hp_loss":0,"event_name":"Golden Wing","floor":12,"gold_loss":0},{"damage_healed":0,"gold_gain":0,"player_choice":"Leave","damage_taken":0,"max_hp_gain":0,"max_hp_loss":0,"event_name":"The Cleric","floor":14,"gold_loss":0},{"damage_healed":0,"gold_gain":0,"player_choice":"CARD ","damage_taken":14,"max_hp_gain":0,"max_hp_loss":0,"event_name":"Knowing Skull","floor":19,"potions_obtained":[],"gold_loss":0,"cards_obtained":["Impatience"]},{"damage_healed":0,"gold_gain":0,"player_choice":"Smashed Altar","damage_taken":0,"max_hp_gain":0,"max_hp_loss":0,"event_name":"Forgotten Altar","floor":30,"gold_loss":0,"cards_obtained":["Decay"]},{"damage_healed":0,"gold_gain":0,"player_choice":"Max HP","damage_taken":0,"max_hp_gain":0,"max_hp_loss":4,"event_name":"Winding Halls","floor":37,"gold_loss":0},{"damage_healed":0,"gold_gain":0,"player_choice":"Fight","damage_taken":0,"max_hp_gain":0,"max_hp_loss":0,"event_name":"MindBloom","floor":39,"gold_loss":0},{"damage_healed":0,"gold_gain":0,"player_choice":"Ignored","damage_taken":0,"max_hp_gain":0,"max_hp_loss":0,"event_name":"Tomb of Lord Red Mask","floor":44,"gold_loss":0},{"cards_removed":["Go for the Eyes"],"damage_healed":0,"gold_gain":0,"player_choice":"Removed Attack","damage_taken":0,"max_hp_gain":0,"max_hp_loss":0,"event_name":"Falling","floor":48,"gold_loss":0}],"is_beta":false,"boss_relics":[{"not_picked":["Empty Cage","Nuclear Battery"],"picked":"Pandora\u0027s Box"},{"not_picked":["Lizard Tail","Snecko Eye"],"picked":"Fusion Hammer"}],"items_purged_floors":[47],"is_endless":false,"potions_floor_spawned":[4,5,7,16,18,22,27,29,31,35,41,42,46],"killed_by":"Awakened One","ascension_level":2}