{"gold_per_floor":[110,110,75,88,163,191,191,207,207,226,260,260,274,290,290,290],"floor_reached":16,"playtime":554,"items_purged":[],"score":253,"play_id":"73e78afd-e49b-472f-a8a2-eb61b411e021","local_time":"20190509213702","is_ascension_mode":true,"campfire_choices":[{"data":"Bullet Time","floor":7,"key":"SMITH"},{"floor":12,"key":"REST"},{"floor":15,"key":"REST"}],"neow_cost":"NONE","seed_source_timestamp":357982130420130,"circlet_count":0,"master_deck":["AscendersBane","Defend_G","Defend_G","Defend_G","Defend_G","Defend_G","Strike_G","Strike_G+1","Strike_G","Strike_G","Strike_G","Survivor","Neutralize","Caltrops+1","Bullet Time+1","Expertise","Skewer","Backflip","Dash","Crippling Poison","Bane","Blade Dance","Outmaneuver"],"relics":["Ring of the Snake","NeowsBlessing","Bottled Tornado","Mercury Hourglass","Prayer Wheel"],"potions_floor_usage":[11,11,16,16],"damage_taken":[{"damage":0,"enemies":"Jaw Worm","floor":1,"turns":1},{"damage":0,"enemies":"Small Slimes","floor":4,"turns":1},{"damage":0,"enemies":"3 Sentries","floor":6,"turns":1},{"damage":0,"enemies":"2 Louse","floor":8,"turns":3},{"damage":0,"enemies":"2 Fungi Beasts","floor":10,"turns":3},{"damage":28,"enemies":"Gremlin Nob","floor":11,"turns":4},{"damage":7,"enemies":"Exordium Wildlife","floor":13,"turns":3},{"damage":7,"enemies":"Looter","floor":14,"turns":3},{"damage":64,"enemies":"Slime Boss","floor":16,"turns":9}],"seed_played":"-2182492053533468105","potions_obtained":[{"floor":4,"key":"FearPotion"},{"floor":8,"key":"Strength Potion"},{"floor":11,"key":"Ancient Potion"},{"floor":14,"key":"Regen Potion"}],"is_trial":false,"path_per_floor":["M","?","?","M","?","E","R","M","T","M","E","R","M","M","R","B"],"character_chosen":"THE_SILENT","items_purchased":[],"campfire_rested":2,"item_purchase_floors":[],"current_hp_per_floor":[59,39,55,55,44,44,44,44,44,44,16,35,28,21,40,0],"gold":290,"neow_bonus":"THREE_ENEMY_KILL","is_prod":false,"is_daily":false,"chose_seed":false,"campfire_upgraded":1,"win_rate":0,"timestamp":1557463022,"path_taken":["M","?","?","M","?","E","R","M","T","M","E","R","M","M","R","BOSS"],"build_version":"2019-01-23","purchased_purges":0,"victory":false,"max_hp_per_floor":[66,66,66,66,66,66,66,66,66,66,66,66,66,66,66,66],"card_choices":[{"not_picked":["Outmaneuver","Blade Dance"],"picked":"Caltrops","floor":1},{"not_picked":["Underhanded Strike","Catalyst"],"picked":"Bullet Time","floor":4},{"not_picked":["Cloak And Dagger","Escape Plan"],"picked":"Expertise","floor":6},{"not_picked":["Flying Knee","PiercingWail"],"picked":"Skewer","floor":8},{"not_picked":["Dodge and Roll","Bane"],"picked":"Backflip","floor":10},{"not_picked":["Reflex","Bane"],"picked":"Dash","floor":11},{"not_picked":["Flying Knee","Backflip"],"picked":"Crippling Poison","floor":13},{"not_picked":["Accuracy","Finisher"],"picked":"Bane","floor":13},{"not_picked":["Masterful Stab","Skewer"],"picked":"Blade Dance","floor":14},{"not_picked":["Masterful Stab","Endless Agony"],"picked":"Outmaneuver","floor":14}],"player_experience":663966,"relics_obtained":[{"floor":6,"key":"Bottled Tornado"},{"floor":9,"key":"Mercury Hourglass"},{"floor":11,"key":"Prayer Wheel"}],"event_choices":[{"damage_healed":0,"gold_gain":0,"player_choice":"Entered Light","damage_taken":20,"max_hp_gain":0,"max_hp_loss":0,"event_name":"Shining Light","floor":2,"gold_loss":0,"cards_upgraded":["Caltrops","Strike_G"]},{"damage_healed":16,"gold_gain":0,"player_choice":"Healed","damage_taken":0,"max_hp_gain":0,"max_hp_loss":0,"event_name":"The Cleric","floor":3,"gold_loss":35},{"damage_healed":0,"gold_gain":75,"player_choice":"Gather Gold","damage_taken":11,"max_hp_gain":0,"max_hp_loss":0,"event_name":"World of Goop","floor":5,"gold_loss":0}],"is_beta":false,"boss_relics":[],"items_purged_floors":[],"is_endless":false,"potions_floor_spawned":[4,8,11,14],"killed_by":"Slime Boss","ascension_level":17}