{"gold_per_floor":[111,124,124,124,124,159,159,194,219,238,255,255,289,289,289,393,393,403,403,55,55,65,65,77,91,91,91,91,41,41,55,55,55],"floor_reached":33,"playtime":1841,"items_purged":["Defend_G"],"score":453,"play_id":"c6f7b29f-0e22-4500-8f31-41393c53141f","local_time":"20180712174211","is_ascension_mode":true,"campfire_choices":[{"floor":7,"key":"REST"},{"floor":12,"key":"REST"},{"floor":15,"key":"REST"},{"data":"Phantasmal Killer","floor":23,"key":"SMITH"},{"floor":28,"key":"REST"},{"data":"Leg Sweep","floor":30,"key":"SMITH"},{"floor":32,"key":"REST"}],"neow_cost":"NONE","seed_source_timestamp":158810749111152,"circlet_count":0,"master_deck":["Defend_G","Defend_G","Defend_G","Strike_G","Strike_G","Strike_G","Survivor","Neutralize","AscendersBane","Dagger Throw","Sucker Punch","Backflip","Finisher","Blade Dance","Phantasmal Killer+1","Deflect","Die Die Die","Dodge and Roll","Backstab","Leg Sweep+1","Prepared","Backstab"],"relics":["White Beast Statue","Vajra","Kunai","Art of War","Dead Branch","Runic Dome","Toy Ornithopter","Darkstone Periapt"],"potions_floor_usage":[6,10,11,11,13,16,22,22,25,25,27,31,33],"damage_taken":[{"damage":0,"enemies":"2 Louse","floor":1,"turns":3},{"damage":4,"enemies":"Jaw Worm","floor":2,"turns":5},{"damage":46,"enemies":"Lagavulin","floor":6,"turns":8},{"damage":26,"enemies":"Gremlin Nob","floor":8,"turns":5},{"damage":0,"enemies":"Small Slimes","floor":10,"turns":2},{"damage":15,"enemies":"Exordium Thugs","floor":11,"turns":6},{"damage":24,"enemies":"Lagavulin","floor":13,"turns":8},{"damage":5,"enemies":"Hexaghost","floor":16,"turns":9},{"damage":12,"enemies":"2 Thieves","floor":18,"turns":2},{"damage":0,"enemies":"3 Byrds","floor":22,"turns":3},{"damage":0,"enemies":"3 Cultists","floor":24,"turns":2},{"damage":11,"enemies":"Centurion and Healer","floor":25,"turns":3},{"damage":37,"enemies":"Slavers","floor":27,"turns":4},{"damage":9,"enemies":"Chosen and Byrds","floor":31,"turns":6},{"damage":51,"enemies":"Champ","floor":33,"turns":8}],"seed_played":"6525347358123429619","potions_obtained":[{"floor":1,"key":"Explosive Potion"},{"floor":2,"key":"SpeedPotion"},{"floor":4,"key":"Fruit Juice"},{"floor":6,"key":"Ancient Potion"},{"floor":8,"key":"Dexterity Potion"},{"floor":10,"key":"Regen Potion"},{"floor":11,"key":"Block Potion"},{"floor":13,"key":"PowerPotion"},{"floor":16,"key":"Poison Potion"},{"floor":18,"key":"SkillPotion"},{"floor":22,"key":"Fire Potion"},{"floor":24,"key":"LiquidBronze"},{"floor":25,"key":"SmokeBomb"},{"floor":31,"key":"Explosive Potion"}],"is_trial":false,"path_per_floor":["M","M","?","?","?","E","R","E","T","M","M","R","E","?","R","B",null,"M","?","$","?","M","R","M","M","T","E","R","$","R","M","R"],"character_chosen":"THE_SILENT","items_purchased":["Toy Ornithopter","Backstab","Dexterity Potion"],"campfire_rested":5,"item_purchase_floors":[20,20,29],"current_hp_per_floor":[63,59,70,70,70,29,51,25,25,25,25,47,23,16,38,33,65,53,53,53,39,45,45,45,40,40,6,30,30,30,24,48,0],"gold":55,"neow_bonus":"BOSS_RELIC","is_prod":false,"is_daily":false,"chose_seed":false,"campfire_upgraded":2,"win_rate":0,"timestamp":1531431731,"path_taken":["M","M","?","?","?","E","R","E","T","M","?","R","E","?","R","BOSS","M","?","$","?","M","R","M","M","T","E","R","?","R","?","R","BOSS"],"build_version":"2018-07-05","purchased_purges":1,"victory":false,"max_hp_per_floor":[70,70,70,70,70,75,75,75,75,75,75,75,75,75,75,75,75,75,75,75,80,80,80,80,80,80,80,80,80,80,80,80,80],"card_choices":[{"not_picked":["Bane","Masterful Stab"],"picked":"Dagger Throw","floor":1},{"not_picked":["Prepared","Bouncing Flask"],"picked":"Sucker Punch","floor":2},{"not_picked":["Expertise","Well Laid Plans"],"picked":"Backflip","floor":6},{"not_picked":["Deadly Poison","Acrobatics"],"picked":"Finisher","floor":8},{"not_picked":["Underhanded Strike","Dagger Throw"],"picked":"Blade Dance","floor":10},{"not_picked":["Catalyst","Deadly Poison"],"picked":"Phantasmal Killer","floor":11},{"not_picked":["Dagger Throw","Endless Agony"],"picked":"Deflect","floor":13},{"not_picked":["Adrenaline","Tactician"],"picked":"Die Die Die","floor":16},{"not_picked":["Concentrate","Slice"],"picked":"Dodge and Roll","floor":18},{"not_picked":["Predator","Deadly Poison"],"picked":"Leg Sweep","floor":22},{"not_picked":["Dagger Throw","Bane"],"picked":"Prepared","floor":24},{"not_picked":["All Out Attack","Dodge and Roll","Bane"],"picked":"SKIP","floor":25},{"not_picked":["Skewer","Well Laid Plans"],"picked":"Backstab","floor":31}],"player_experience":440037,"relics_obtained":[{"floor":6,"key":"Vajra"},{"floor":8,"key":"Kunai"},{"floor":9,"key":"Art of War"},{"floor":13,"key":"Dead Branch"},{"floor":26,"key":"Darkstone Periapt"}],"event_choices":[{"event_name":"Big Fish","player_choice":"Banana","floor":3,"damage_taken":0},{"event_name":"The Lab","player_choice":"Got Potions","floor":4,"damage_taken":0},{"event_name":"Purifier","player_choice":"One Purge","floor":5,"damage_taken":0},{"event_name":"Golden Wing","player_choice":"Card Removal","floor":14,"damage_taken":0},{"event_name":"Purifier","player_choice":"One Purge","floor":19,"damage_taken":0},{"event_name":"Forgotten Altar","player_choice":"Shed Blood","floor":21,"damage_taken":0}],"boss_relics":[{"not_picked":["Tiny House","Astrolabe"],"picked":"Runic Dome"}],"items_purged_floors":[20],"is_endless":false,"potions_floor_spawned":[1,2,6,8,10,11,13,16,18,22,24,25,27,31],"killed_by":"Champ","ascension_level":12}