{"gold_per_floor":[13,23,34,53,53,53,79,96,122,142,107,107,134,150,150,227,227,239,257,96,96,96],"floor_reached":22,"playtime":1002,"items_purged":["Strike_B"],"score":356,"play_id":"9ee64df3-c06b-427b-8fec-3ebbd98fdbb0","local_time":"20180913210844","is_ascension_mode":true,"campfire_choices":[{"data":"Ball Lightning","floor":6,"key":"SMITH"},{"data":"Fission","floor":12,"key":"SMITH"},{"data":"Hologram","floor":15,"key":"SMITH"}],"neow_cost":"NO_GOLD","seed_source_timestamp":90835075824614,"circlet_count":0,"master_deck":["Strike_B+1","Strike_B","Strike_B","Defend_B","Defend_B","Defend_B","Defend_B","Zap","Dualcast","AscendersBane","Beam Cell+1","Ball Lightning+1","Auto Shields","Fission+1","Hologram+1","Coolheaded","Skim","Core Surge","Barrage","Stack+1","Self Repair"],"relics":["Cracked Core","Ice Cream","Du-Vu Doll","Whetstone","Strawberry","White Beast Statue"],"potions_floor_usage":[7,14,16,18,19,22],"damage_taken":[{"damage":0,"enemies":"2 Louse","floor":1,"turns":2},{"damage":7,"enemies":"Jaw Worm","floor":2,"turns":3},{"damage":0,"enemies":"Small Slimes","floor":3,"turns":2},{"damage":7,"enemies":"Exordium Wildlife","floor":4,"turns":3},{"damage":10,"enemies":"3 Sentries","floor":7,"turns":7},{"damage":18,"enemies":"Exordium Thugs","floor":8,"turns":4},{"damage":1,"enemies":"Red Slaver","floor":10,"turns":3},{"damage":8,"enemies":"Gremlin Nob","floor":13,"turns":3},{"damage":0,"enemies":"3 Louse","floor":14,"turns":1},{"damage":29,"enemies":"Hexaghost","floor":16,"turns":10},{"damage":13,"enemies":"3 Byrds","floor":18,"turns":2},{"damage":2,"enemies":"Shell Parasite","floor":19,"turns":6},{"damage":43,"enemies":"Colosseum Slavers","floor":21,"turns":6},{"damage":10,"enemies":"Cultist and Chosen","floor":22,"turns":5}],"seed_played":"-12371211401028514","potions_obtained":[{"floor":1,"key":"Block Potion"},{"floor":7,"key":"Explosive Potion"},{"floor":10,"key":"Ancient Potion"},{"floor":14,"key":"PowerPotion"},{"floor":16,"key":"LiquidBronze"},{"floor":18,"key":"Block Potion"},{"floor":19,"key":"Weak Potion"}],"is_trial":false,"path_per_floor":["M","M","M","M","$","R","E","M","T","M","?","R","E","M","R","B",null,"M","M","$","?"],"character_chosen":"DEFECT","items_purchased":["Self Repair"],"campfire_rested":0,"item_purchase_floors":[20],"current_hp_per_floor":[64,57,57,50,50,50,40,22,22,21,38,38,37,37,37,8,61,48,46,46,10,0],"gold":96,"neow_bonus":"ONE_RARE_RELIC","is_prod":false,"is_daily":false,"chose_seed":false,"campfire_upgraded":3,"win_rate":0,"timestamp":1536887324,"path_taken":["M","M","M","M","$","R","E","M","T","M","?","R","E","M","R","BOSS","M","M","$","?","M"],"build_version":"2018-09-06","purchased_purges":1,"victory":false,"max_hp_per_floor":[71,71,71,71,71,71,71,71,71,71,71,71,78,78,78,78,78,78,78,78,78,78],"card_choices":[{"not_picked":["Reinforced Body","Rebound"],"picked":"Beam Cell","floor":1},{"not_picked":["Sunder","Fusion"],"picked":"Ball Lightning","floor":2},{"not_picked":["Storm","Aggregate","Reprogram"],"picked":"SKIP","floor":3},{"not_picked":["Heatsinks","Steam"],"picked":"Auto Shields","floor":4},{"not_picked":["Sweeping Beam","Reprogram"],"picked":"Fission","floor":7},{"not_picked":["Turbo","Steam"],"picked":"Hologram","floor":8},{"not_picked":["Auto Shields","Undo"],"picked":"Coolheaded","floor":10},{"not_picked":["Streamline","Compile Driver"],"picked":"Skim","floor":13},{"not_picked":["Aggregate","Turbo","Redo"],"picked":"SKIP","floor":14},{"not_picked":["Buffer","Reboot"],"picked":"Core Surge","floor":16},{"not_picked":["Chill","Hello World"],"picked":"Barrage","floor":18},{"not_picked":["Hello World","Genetic Algorithm"],"picked":"Stack+1","floor":19}],"player_experience":650697,"relics_obtained":[{"floor":7,"key":"Du-Vu Doll"},{"floor":9,"key":"Whetstone"},{"floor":13,"key":"Strawberry"}],"event_choices":[{"event_name":"The Cleric","player_choice":"Healed","floor":11,"damage_taken":0},{"event_name":"Colosseum","player_choice":"Fight","floor":21,"damage_taken":0},{"event_name":"Colosseum","player_choice":"Fled From Nobs","floor":21,"damage_taken":0}],"is_beta":false,"boss_relics":[{"not_picked":["Calling Bell","Lizard Tail"],"picked":"White Beast Statue"}],"items_purged_floors":[20],"is_endless":false,"potions_floor_spawned":[1,7,10,14,16,18,19,21],"killed_by":"Cultist and Chosen","ascension_level":16}