{"gold_per_floor":[116,116,126,54,74,107,107,124,124,140,170,186,186,199,199,199],"floor_reached":16,"playtime":620,"items_purged":[],"score":167,"play_id":"f8f3ab2c-b8f7-4b3d-9f93-baf5abb0e46a","local_time":"20180626190344","is_ascension_mode":true,"campfire_choices":[{"data":"Hyperbeam","floor":7,"key":"SMITH"},{"data":"Double Energy","floor":13,"key":"SMITH"},{"floor":15,"key":"REST"}],"neow_cost":"NONE","seed_source_timestamp":5377083872539,"circlet_count":0,"master_deck":["Strike_B+1","Strike_B","Strike_B","Strike_B+1","Defend_B","Defend_B+1","Defend_B","Defend_B","Zap+1","Dualcast","Sweeping Beam","BootSequence","Hyperbeam+1","Scrape","Double Energy+1","Gash"],"relics":["Philosopher\u0027s Stone","Gremlin Horn","Bottled Lightning","Whetstone"],"potions_floor_usage":[11,11,16,16],"damage_taken":[{"damage":6,"enemies":"Small Slimes","floor":1,"turns":4},{"damage":0,"enemies":"Jaw Worm","floor":3,"turns":3},{"damage":0,"enemies":"Cultist","floor":5,"turns":2},{"damage":20,"enemies":"Lagavulin","floor":6,"turns":6},{"damage":0,"enemies":"Lots of Slimes","floor":8,"turns":1},{"damage":3,"enemies":"Exordium Thugs","floor":10,"turns":3},{"damage":0,"enemies":"Gremlin Nob","floor":11,"turns":2},{"damage":0,"enemies":"Looter","floor":12,"turns":2},{"damage":0,"enemies":"Lots of Slimes","floor":14,"turns":2},{"damage":54,"enemies":"Slime Boss","floor":16,"turns":7}],"seed_played":"7080389588308997214","potions_obtained":[{"floor":3,"key":"Fire Potion"},{"floor":6,"key":"Fire Potion"},{"floor":8,"key":"Swift Potion"},{"floor":12,"key":"Fire Potion"}],"is_trial":false,"path_per_floor":["M","?","M","$","M","E","R","M","T","M","E","M","R","M","R"],"character_chosen":"DEFECT","items_purchased":["Hyperbeam"],"campfire_rested":1,"item_purchase_floors":[4],"current_hp_per_floor":[69,54,54,54,54,34,34,34,34,31,31,31,31,31,53,0],"gold":199,"neow_bonus":"BOSS_RELIC","is_prod":false,"is_daily":false,"chose_seed":false,"campfire_upgraded":2,"win_rate":0,"timestamp":1530054224,"path_taken":["M","?","M","$","M","E","R","M","T","?","E","?","R","M","R","BOSS"],"build_version":"2018-06-21v2","purchased_purges":0,"victory":false,"max_hp_per_floor":[75,75,75,75,75,75,75,75,75,75,75,75,75,75,75,75],"card_choices":[{"not_picked":["Fusion","Hologram"],"picked":"Sweeping Beam","floor":1},{"not_picked":["Auto Shields","Rebound"],"picked":"BootSequence","floor":3},{"not_picked":["Compile Driver","BootSequence","Defragment"],"picked":"SKIP","floor":5},{"not_picked":["Melter","Genetic Algorithm","Stack"],"picked":"SKIP","floor":6},{"not_picked":["Compile Driver","Barrage"],"picked":"Scrape","floor":8},{"not_picked":["Genetic Algorithm","Redo","Stack"],"picked":"SKIP","floor":10},{"not_picked":["Storm","Scrape","All For One"],"picked":"SKIP","floor":11},{"not_picked":["Steam","Capacitor"],"picked":"Double Energy","floor":12},{"not_picked":["Blizzard","Coolheaded"],"picked":"Gash","floor":14}],"player_experience":318894,"relics_obtained":[{"floor":6,"key":"Gremlin Horn"},{"floor":9,"key":"Bottled Lightning"},{"floor":11,"key":"Whetstone"}],"event_choices":[{"event_name":"Shining Light","player_choice":"Entered Light","floor":2,"damage_taken":0}],"boss_relics":[],"items_purged_floors":[],"is_endless":false,"potions_floor_spawned":[3,6,8,12],"killed_by":"Slime Boss","ascension_level":4}