{"gold_per_floor":[112,112,112,123,142,175,175,43,43,73,5,25,25,43,43,117,117,134,152,152,171,189,189],"floor_reached":23,"playtime":896,"items_purged":["Strike_B"],"score":386,"play_id":"86d2d5b1-c43c-460f-bbec-e25ba6dcfa3b","local_time":"20190316195714","is_ascension_mode":true,"campfire_choices":[{"data":"Zap","floor":7.0,"key":"SMITH"},{"floor":15,"key":"REST"}],"neow_cost":"NONE","seed_source_timestamp":266680398098845,"circlet_count":0,"master_deck":["AscendersBane","Defend_B","Defend_B","Zap+1","Dualcast","Glacier","Cold Snap","Go for the Eyes","White Noise+1","Beam Cell","Gash","Capacitor","Coolheaded","Cold Snap","Compile Driver","Genetic Algorithm","Hyperbeam","Meteor Strike+1","Blizzard+1","Heatsinks+1","White Noise","Coolheaded+1","Go for the Eyes","Stack"],"special_seed":0,"relics":["Cracked Core","NeowsBlessing","Kunai","Bronze Scales","MawBank","Astrolabe"],"potions_floor_usage":[16,18,22,23],"damage_taken":[{"damage":0.0,"enemies":"2 Louse","floor":1.0,"turns":1.0},{"damage":0.0,"enemies":"Small Slimes","floor":4.0,"turns":1.0},{"damage":0.0,"enemies":"Cultist","floor":5.0,"turns":1.0},{"damage":10.0,"enemies":"3 Sentries","floor":6.0,"turns":6.0},{"damage":40,"enemies":"Gremlin Nob","floor":10,"turns":5},{"damage":1,"enemies":"Red Slaver","floor":12,"turns":4},{"damage":3,"enemies":"Looter","floor":14,"turns":3},{"damage":14,"enemies":"Slime Boss","floor":16,"turns":13},{"damage":15,"enemies":"Spheric Guardian","floor":18,"turns":5},{"damage":6,"enemies":"3 Byrds","floor":19,"turns":3},{"damage":12,"enemies":"Centurion and Healer","floor":21,"turns":8},{"damage":22,"enemies":"Snake Plant","floor":22,"turns":4},{"damage":2,"enemies":"Book of Stabbing","floor":23,"turns":2}],"seed_played":"-3658466150004203544","potions_obtained":[{"floor":5.0,"key":"FocusPotion"},{"floor":10,"key":"Fire Potion"},{"floor":16,"key":"PowerPotion"},{"floor":21,"key":"AttackPotion"},{"floor":22,"key":"Strength Potion"}],"is_trial":false,"path_per_floor":["M","?","?","M","M","E","R","$","T","E","$","M","?","M","R","B",null,"M","M","?","M","M","E"],"character_chosen":"DEFECT","items_purchased":["Gash","Coolheaded","Cold Snap"],"campfire_rested":1,"item_purchase_floors":[8,11,11],"current_hp_per_floor":[64,57,57,57,57,47,47,47,47,7,7,6,6,3,24,10,56,41,35,35,23,1,0],"gold":189,"neow_bonus":"THREE_ENEMY_KILL","is_prod":false,"is_daily":false,"chose_seed":false,"campfire_upgraded":1,"win_rate":0,"timestamp":1552780634,"path_taken":["M","?","?","?","M","E","R","?","T","E","$","M","?","M","R","BOSS","M","?","?","M","?","E"],"build_version":"2019-01-23","purchased_purges":1,"victory":false,"max_hp_per_floor":[71,71,71,71,71,71,71,71,71,71,71,71,71,71,71,71,71,71,71,71,71,71,71],"card_choices":[{"not_picked":["Ball Lightning","Self Repair"],"picked":"Glacier","floor":1.0},{"not_picked":["Beam Cell","Hologram"],"picked":"Go for the Eyes","floor":4.0},{"not_picked":["Coolheaded","Rebound"],"picked":"White Noise","floor":5.0},{"not_picked":["Hologram","Undo"],"picked":"Beam Cell","floor":6.0},{"not_picked":["Steam","Multi-Cast"],"picked":"Capacitor","floor":10},{"not_picked":["Capacitor","Recycle"],"picked":"Compile Driver","floor":12},{"not_picked":["Cold Snap","Lockon"],"picked":"Genetic Algorithm","floor":14},{"not_picked":["Seek","Core Surge"],"picked":"Hyperbeam","floor":16},{"not_picked":["Leap","Streamline"],"picked":"White Noise","floor":18},{"not_picked":["Skim","Barrage"],"picked":"Coolheaded+1","floor":19},{"not_picked":["Sweeping Beam","Aggregate"],"picked":"Go for the Eyes","floor":21},{"not_picked":["Streamline","Genetic Algorithm"],"picked":"Stack","floor":22}],"player_experience":442308,"relics_obtained":[{"floor":6.0,"key":"Kunai"},{"floor":9,"key":"Bronze Scales"},{"floor":10,"key":"MawBank"}],"event_choices":[{"cards_removed":["Strike_B"],"damage_healed":0.0,"max_hp_gain":0.0,"max_hp_loss":0.0,"gold_gain":0.0,"event_name":"Golden Wing","player_choice":"Card Removal","floor":2.0,"gold_loss":0.0,"damage_taken":7.0},{"damage_healed":0.0,"max_hp_gain":0.0,"max_hp_loss":0.0,"gold_gain":0.0,"event_name":"Match and Keep!","player_choice":"1 cards matched","floor":3.0,"gold_loss":0.0,"damage_taken":0.0,"cards_obtained":["Cold Snap"]},{"cards_removed":["Strike_B"],"damage_healed":0,"gold_gain":0,"player_choice":"Card Removal","damage_taken":0,"max_hp_gain":0,"max_hp_loss":0,"event_name":"Wheel of Change","floor":13,"gold_loss":0},{"damage_healed":0,"gold_gain":0,"player_choice":"Forge","damage_taken":0,"max_hp_gain":0,"max_hp_loss":0,"event_name":"Accursed Blacksmith","floor":20,"gold_loss":0,"cards_upgraded":["White Noise"]}],"is_beta":false,"boss_relics":[{"not_picked":["Lizard Tail","Runic Dome"],"picked":"Astrolabe"}],"items_purged_floors":[8],"is_endless":false,"potions_floor_spawned":[5,10,16,21,22],"killed_by":"Book of Stabbing","ascension_level":18}