{"path_per_floor":["M","?","M","T","M","R","?","M","T","M","R","E","$","M","R","B",null,"M","?","?","M","M","E","$","R","T","R","T","?","M","?","R","B",null,"M","?","$","?","M","R","?"],"character_chosen":"THE_SILENT","items_purchased":["Toxic Egg 2","Snake Skull","Caltrops"],"gold_per_floor":[110,185,197,197,210,210,210,225,225,238,238,277,30,55,55,180,180,198,198,198,212,228,268,56,56,56,56,137,137,161,76,76,200,200,218,218,143,143,164,164,232,232],"floor_reached":42,"campfire_rested":5,"playtime":3250,"current_hp_per_floor":[70,59,55,55,55,70,70,62,62,62,62,48,48,48,69,53,70,70,70,70,70,36,23,23,48,48,73,73,73,72,72,72,58,84,80,80,80,80,58,83,4,0],"items_purged":["Flechettes"],"gold":232,"score":464,"play_id":"b3b3d83d-6037-4f33-97de-b6f5e26b21d7","local_time":"20180323233356","is_prod":false,"is_daily":false,"is_ascension_mode":false,"campfire_upgraded":2,"timestamp":1521876836,"path_taken":["M","?","?","?","M","R","?","?","T","M","R","E","?","M","R","BOSS","M","?","?","M","?","E","$","R","T","R","?","?","?","?","R","BOSS","M","?","$","?","?","R","?","E"],"build_version":"2018-03-22v2","purchased_purges":1,"victory":false,"master_deck":["Survivor","Neutralize","Crippling Poison","Noxious Fumes","Setup","Prepared","Dagger Throw","Acrobatics","Prepared","Dagger Spray","Setup","Poisoned Stab","Noxious Fumes+1","Distraction+1","Catalyst+1","Die Die Die","Escape Plan+1","Deadly Poison+1","Caltrops","Writhe","Writhe","Adrenaline+1","Adrenaline+1","Deep Breath+1","Backstab","Catalyst+1"],"max_hp_per_floor":[70,70,70,70,70,70,70,70,70,70,70,70,70,70,70,70,70,70,70,70,70,70,84,84,84,84,84,84,84,84,84,84,84,84,84,84,84,84,84,84,84,84],"relics":["Pandora\u0027s Box","Thread and Needle","Golden Idol","Orichalcum","Dodecahedron","Toxic Egg 2","Cursed Key","Mango","Snake Skull","Ice Cream","Mercury Hourglass","Lantern","The Specimen","Shovel"],"card_choices":[{"not_picked":["Masterful Stab","Calculated Gamble"],"picked":"Setup","floor":1},{"not_picked":["Flying Knee","Dash"],"picked":"Dagger Spray","floor":3},{"not_picked":["Underhanded Strike","PiercingWail"],"picked":"Poisoned Stab","floor":5},{"not_picked":["Eviscerate","Footwork"],"picked":"Noxious Fumes","floor":8},{"not_picked":["Deflect","Backstab"],"picked":"Distraction","floor":10},{"not_picked":["Finisher","Dash"],"picked":"Catalyst","floor":14},{"not_picked":["Glass Knife","Tactician"],"picked":"Die Die Die","floor":16},{"not_picked":["Underhanded Strike","Calculated Gamble"],"picked":"Escape Plan","floor":18},{"not_picked":["Dodge and Roll","Acrobatics"],"picked":"Deadly Poison","floor":21},{"not_picked":["Endless Agony","Backflip"],"picked":"Adrenaline","floor":30},{"not_picked":["Wraith Form","After Image"],"picked":"Adrenaline","floor":33},{"not_picked":["Deflect","Deadly Poison"],"picked":"Backstab","floor":39},{"not_picked":["Eviscerate","Slice"],"picked":"Catalyst","floor":41}],"player_experience":212029,"potions_floor_usage":[16,33,35,41],"damage_taken":[{"damage":0,"enemies":"Small Slimes","floor":1,"turns":3},{"damage":4,"enemies":"Cultist","floor":3,"turns":3},{"damage":0,"enemies":"2 Louse","floor":5,"turns":3},{"damage":8,"enemies":"Gremlin Gang","floor":8,"turns":4},{"damage":0,"enemies":"Exordium Wildlife","floor":10,"turns":3},{"damage":14,"enemies":"Lagavulin","floor":12,"turns":6},{"damage":0,"enemies":"Looter","floor":14,"turns":3},{"damage":16,"enemies":"The Guardian","floor":16,"turns":8},{"damage":0,"enemies":"3 Byrds","floor":18,"turns":3},{"damage":0,"enemies":"Chosen","floor":21,"turns":5},{"damage":34,"enemies":"Slaver and Parasite","floor":22,"turns":5},{"damage":27,"enemies":"Gremlin Leader","floor":23,"turns":7},{"damage":1,"enemies":"Centurion and Healer","floor":30,"turns":5},{"damage":14,"enemies":"Collector","floor":33,"turns":5},{"damage":4,"enemies":"Orb Walker","floor":35,"turns":4},{"damage":22,"enemies":"3 Darklings","floor":39,"turns":3},{"damage":79,"enemies":"Mysterious Sphere","floor":41,"turns":5},{"damage":6,"enemies":"2 Orb Walkers","floor":42,"turns":1}],"event_choices":[{"event_name":"World of Goop","player_choice":"Gather Gold","floor":2,"damage_taken":0},{"event_name":"Golden Idol","player_choice":"Take Wound","floor":7,"damage_taken":0},{"event_name":"Back to Basics","player_choice":"Elegance","floor":19,"damage_taken":0},{"event_name":"Purifier","player_choice":"One Purge","floor":20,"damage_taken":0},{"event_name":"Vampires","player_choice":"Ignored","floor":29,"damage_taken":0},{"event_name":"Addict","player_choice":"Obtained Relic","floor":31,"damage_taken":0},{"event_name":"Match and Keep!","player_choice":"1 cards matched","floor":36,"damage_taken":0},{"event_name":"Mysterious Sphere","player_choice":"Fight","floor":41,"damage_taken":0}],"boss_relics":[{"not_picked":["Runic Dome","Philosopher\u0027s Stone"],"picked":"Cursed Key"},{"not_picked":["Orrery","Astrolabe"],"picked":"The Specimen"}],"potions_floor_spawned":[5,14,16,18,23,41],"seed_played":"5867105907704092208","killed_by":"2 Orb Walkers","ascension_level":0,"is_trial":false}