{"gold_per_floor":[111,121,141,141,159,159,192,192,192,217,233,233,246,273,273,370,370,381,114,134,134],"floor_reached":21,"playtime":1388,"items_purged":["Strike_B"],"score":251,"play_id":"2809d52b-c772-4204-ae04-43636b9e3245","local_time":"20180820230252","is_ascension_mode":false,"campfire_choices":[{"data":"Self Repair","floor":6,"key":"SMITH"},{"data":"Dualcast","floor":8,"key":"SMITH"},{"data":"Coolheaded","floor":12,"key":"SMITH"},{"data":"Defragment","floor":15,"key":"SMITH"}],"neow_cost":"NONE","seed_source_timestamp":99240980740165,"circlet_count":0,"master_deck":["Strike_B","Strike_B","Defend_B","Defend_B","Defend_B","Defend_B","Zap","Dualcast+1","Biased Cognition+1","Ball Lightning","Self Repair+1","Auto Shields","Gash","Coolheaded+1","Storm","Capacitor","Defragment+1","Echo Form","Defragment","Buffer","Beam Cell","Genetic Algorithm","Go for the Eyes","Metamorphosis"],"relics":["Cracked Core","Symbiotic Virus","Pantograph","Question Card","Ice Cream","Orrery"],"potions_floor_usage":[21,21,21],"damage_taken":[{"damage":7,"enemies":"Small Slimes","floor":1,"turns":2},{"damage":1,"enemies":"Cultist","floor":2,"turns":3},{"damage":1,"enemies":"Jaw Worm","floor":3,"turns":3},{"damage":14,"enemies":"Blue Slaver","floor":5,"turns":3},{"damage":20,"enemies":"Lagavulin","floor":7,"turns":5},{"damage":13,"enemies":"3 Sentries","floor":10,"turns":5},{"damage":1,"enemies":"Exordium Wildlife","floor":11,"turns":4},{"damage":5,"enemies":"Looter","floor":13,"turns":2},{"damage":17,"enemies":"Lagavulin","floor":14,"turns":4},{"damage":0,"enemies":"Slime Boss","floor":16,"turns":8},{"damage":5,"enemies":"Spheric Guardian","floor":18,"turns":3},{"damage":10,"enemies":"Shell Parasite","floor":20,"turns":3},{"damage":76,"enemies":"Cultist and Chosen","floor":21,"turns":6}],"seed_played":"-3997719175715693995","potions_obtained":[{"floor":3,"key":"GamblersBrew"},{"floor":11,"key":"Fire Potion"},{"floor":13,"key":"SteroidPotion"},{"floor":16,"key":"AttackPotion"}],"is_trial":false,"path_per_floor":["M","M","M","?","M","R","E","R","T","E","M","R","M","E","R","B",null,"M","$","M"],"character_chosen":"DEFECT","items_purchased":["Metamorphosis"],"campfire_rested":0,"item_purchase_floors":[19],"current_hp_per_floor":[68,67,73,73,66,66,56,56,56,53,62,62,67,60,60,75,75,75,75,65,0],"gold":134,"neow_bonus":"TRANSFORM_CARD","is_prod":false,"is_daily":false,"chose_seed":false,"campfire_upgraded":4,"win_rate":0,"timestamp":1534802572,"path_taken":["M","M","M","?","M","R","E","R","T","E","?","R","M","E","R","BOSS","M","?","M","M"],"build_version":"2018-08-16","purchased_purges":1,"victory":false,"max_hp_per_floor":[75,75,75,75,75,75,75,75,75,75,75,75,75,75,75,75,75,75,75,75,75],"card_choices":[{"not_picked":["Turbo","Beam Cell"],"picked":"Ball Lightning","floor":1},{"not_picked":["Genetic Algorithm","Recycle"],"picked":"Self Repair","floor":2},{"not_picked":["Steam","Melter"],"picked":"Auto Shields","floor":3},{"not_picked":["Leap","Force Field"],"picked":"Gash","floor":5},{"not_picked":["Doom and Gloom","Force Field","Stack"],"picked":"SKIP","floor":7},{"not_picked":["Rip and Tear","Machine Learning"],"picked":"Coolheaded","floor":10},{"not_picked":["Streamline","BootSequence","Static Discharge"],"picked":"Storm","floor":11},{"not_picked":["Stack","Reprogram","Force Field"],"picked":"Capacitor","floor":13},{"not_picked":["Recycle","Leap","Reprogram"],"picked":"Defragment","floor":14},{"not_picked":["Meteor Strike","All For One","Seek"],"picked":"Echo Form","floor":16},{"not_picked":["Go for the Eyes","Rip and Tear","Cold Snap"],"picked":"Defragment","floor":17},{"not_picked":["Steam","Self Repair","Scrape"],"picked":"Buffer","floor":17},{"not_picked":["Thunder Strike","Turbo","Self Repair"],"picked":"Beam Cell","floor":17},{"not_picked":["Cold Snap","Redo","Loop"],"picked":"Genetic Algorithm","floor":17},{"not_picked":["Scrape","Hologram","Reprogram+1"],"picked":"Go for the Eyes","floor":18},{"not_picked":["Lockon+1","Static Discharge","Steam Power","Redo+1"],"picked":"SKIP","floor":20}],"player_experience":455247,"relics_obtained":[{"floor":7,"key":"Symbiotic Virus"},{"floor":9,"key":"Pantograph"},{"floor":10,"key":"Question Card"},{"floor":14,"key":"Ice Cream"}],"event_choices":[{"event_name":"Accursed Blacksmith","player_choice":"Forge","floor":4,"damage_taken":0}],"is_beta":false,"boss_relics":[{"not_picked":["Runic Pyramid","Lizard Tail"],"picked":"Orrery"}],"items_purged_floors":[19],"is_endless":false,"potions_floor_spawned":[3,11,13,14,16],"killed_by":"Cultist and Chosen","ascension_level":0}