{"gold_per_floor":[113,113,113,133,150,175,193,221,221,239,239,314,325,18,18,95,95,105,105,120,120],"floor_reached":21,"playtime":1038,"items_purged":[],"score":434,"play_id":"ac5675b3-309e-494d-b63a-d2aaa61c2f51","local_time":"20190225211141","is_ascension_mode":true,"campfire_choices":[{"floor":11.0,"key":"REST"},{"floor":15.0,"key":"REST"}],"neow_cost":"NONE","seed_source_timestamp":0,"circlet_count":0,"master_deck":["AscendersBane","Strike_B","Strike_B","Strike_B","Strike_B","Defend_B","Defend_B","Defend_B","Defend_B","Zap","Dualcast","Ball Lightning","Double Energy","Conserve Battery","Compile Driver","Conserve Battery","White Noise","Go for the Eyes","Doom and Gloom","Metamorphosis","Loop","Electrodynamics","Conserve Battery","Cold Snap","Coolheaded","Stack","Stack","Steam","Go for the Eyes"],"special_seed":0,"relics":["Cracked Core","Cables","Gremlin Horn","Oddly Smooth Stone","Art of War","Orrery"],"potions_floor_usage":[21,21],"damage_taken":[{"damage":8.0,"enemies":"Small Slimes","floor":1.0,"turns":3.0},{"damage":0.0,"enemies":"Jaw Worm","floor":4.0,"turns":3.0},{"damage":0.0,"enemies":"2 Louse","floor":5.0,"turns":3.0},{"damage":23.0,"enemies":"Lagavulin","floor":6.0,"turns":5.0},{"damage":18.0,"enemies":"Exordium Thugs","floor":7.0,"turns":3.0},{"damage":18.0,"enemies":"3 Sentries","floor":8.0,"turns":7.0},{"damage":0.0,"enemies":"Exordium Wildlife","floor":10.0,"turns":2.0},{"damage":0.0,"enemies":"2 Fungi Beasts","floor":13.0,"turns":3.0},{"damage":0.0,"enemies":"Slime Boss","floor":16.0,"turns":7.0},{"damage":0,"enemies":"3 Byrds","floor":18,"turns":2},{"damage":10,"enemies":"Shell Parasite","floor":20,"turns":6},{"damage":39,"enemies":"Masked Bandits","floor":21,"turns":3}],"seed_played":"7380394940624076013","potions_obtained":[{"floor":0.0,"key":"Fire Potion"},{"floor":0.0,"key":"Dexterity Potion"},{"floor":5.0,"key":"PowerPotion"},{"floor":6.0,"key":"AttackPotion"},{"floor":8.0,"key":"SpeedPotion"},{"floor":18,"key":"Dexterity Potion"},{"floor":20,"key":"PowerPotion"}],"is_trial":false,"path_per_floor":["M","?","T","M","M","E","M","E","T","M","R","?","M","$","R","B",null,"M","?","M","?"],"character_chosen":"DEFECT","items_purchased":["Metamorphosis","Strength Potion","Loop"],"campfire_rested":2,"item_purchase_floors":[14,14,14],"current_hp_per_floor":[56,71,71,71,71,48,30,12,12,12,33,22,22,22,43,43,64,64,44,34,0],"gold":120,"neow_bonus":"THREE_SMALL_POTIONS","is_prod":false,"is_daily":false,"chose_seed":false,"campfire_upgraded":0,"win_rate":0,"timestamp":1551147101,"path_taken":["M","?","?","M","M","E","M","E","T","M","R","?","?","$","R","BOSS","M","?","M","?"],"build_version":"2019-01-23","purchased_purges":0,"victory":false,"max_hp_per_floor":[71,71,71,71,71,71,71,71,71,71,71,71,71,71,71,71,71,71,76,76,76],"card_choices":[{"not_picked":["Gash","FTL"],"picked":"Ball Lightning","floor":1.0},{"not_picked":["Beam Cell","Static Discharge"],"picked":"Double Energy","floor":4.0},{"not_picked":["Double Energy","Melter"],"picked":"Conserve Battery","floor":5.0},{"not_picked":["Rebound","Leap"],"picked":"Compile Driver","floor":6.0},{"not_picked":["Undo","Barrage"],"picked":"Conserve Battery","floor":7.0},{"not_picked":["Leap","Meteor Strike"],"picked":"White Noise","floor":8.0},{"not_picked":["Barrage","Undo"],"picked":"Go for the Eyes","floor":10.0},{"not_picked":["Turbo","Sweeping Beam"],"picked":"Doom and Gloom","floor":13.0},{"not_picked":["Seek","Reboot"],"picked":"Electrodynamics","floor":16.0},{"not_picked":["Sunder","Ball Lightning"],"picked":"Conserve Battery","floor":17},{"not_picked":["Steam Power","Go for the Eyes"],"picked":"Cold Snap","floor":17},{"not_picked":["Streamline","Go for the Eyes"],"picked":"Coolheaded","floor":17},{"not_picked":["White Noise","Steam Power"],"picked":"Stack","floor":17},{"not_picked":["Undo","Steam Power"],"picked":"Stack","floor":17},{"not_picked":["Coolheaded","Stack"],"picked":"Steam","floor":18},{"not_picked":["Sweeping Beam","Rebound+1"],"picked":"Go for the Eyes","floor":20}],"player_experience":377661,"relics_obtained":[{"floor":3.0,"key":"Cables"},{"floor":6.0,"key":"Gremlin Horn"},{"floor":8.0,"key":"Oddly Smooth Stone"},{"floor":9.0,"key":"Art of War"}],"event_choices":[{"damage_healed":23.0,"max_hp_gain":0.0,"max_hp_loss":0.0,"gold_gain":0.0,"event_name":"Big Fish","player_choice":"Banana","floor":2.0,"gold_loss":0.0,"damage_taken":0.0},{"damage_healed":0.0,"max_hp_gain":0.0,"max_hp_loss":0.0,"gold_gain":75.0,"event_name":"World of Goop","player_choice":"Gather Gold","floor":12.0,"gold_loss":0.0,"damage_taken":11.0},{"damage_healed":0,"gold_gain":0,"player_choice":"Shed Blood","damage_taken":25,"max_hp_gain":5,"max_hp_loss":0,"event_name":"Forgotten Altar","floor":19,"gold_loss":0},{"damage_healed":0,"gold_gain":0,"player_choice":"Fought Bandits","damage_taken":0,"max_hp_gain":0,"max_hp_loss":0,"event_name":"Masked Bandits","floor":21,"gold_loss":0}],"is_beta":false,"boss_relics":[{"not_picked":["FrozenCore","White Beast Statue"],"picked":"Orrery"}],"items_purged_floors":[],"is_endless":false,"potions_floor_spawned":[5,6,8,18,20],"killed_by":"Masked Bandits","ascension_level":16}