{"gold_per_floor":[113,113,113,133,71,114,138,83,83,106,127,166,166,185,185,315,315,340,156,156,118,108,146,167,183,231,231,231,249,249,265,265,265],"floor_reached":33,"playtime":1625,"items_purged":["Injury"],"score":329,"play_id":"a6d11bb2-1f08-41d8-834d-a9e1aca11845","local_time":"20190522070153","is_ascension_mode":false,"campfire_choices":[{"data":"All Out Attack","floor":13,"key":"SMITH"},{"floor":15,"key":"REST"},{"floor":28,"key":"REST"},{"floor":30,"key":"REST"},{"data":"Deadly Poison","floor":32,"key":"SMITH"}],"neow_cost":"NONE","seed_source_timestamp":481743439199600,"circlet_count":0,"master_deck":["Defend_G","Defend_G","Defend_G","Defend_G","Defend_G","Strike_G","Strike_G","Strike_G+1","Strike_G","Strike_G+1","Survivor","Neutralize","All Out Attack+1","Terror","Leg Sweep","Crippling Poison","Caltrops","Backstab","Glass Knife","Bane","Grand Finale","Distraction","Deadly Poison+1","Leg Sweep+1","Blur","Burst","Backstab","Terror+1"],"relics":["Ring of the Snake","NeowsBlessing","Golden Idol","Blue Candle","The Courier","Anchor","Whetstone","Bottled Flame","Eternal Feather","Regal Pillow","Turnip","Blood Vial"],"potions_floor_usage":[23,23,29,29,29,33],"damage_taken":[{"damage":0,"enemies":"Small Slimes","floor":1,"turns":1},{"damage":0,"enemies":"2 Louse","floor":4,"turns":1},{"damage":0,"enemies":"Gremlin Nob","floor":6,"turns":1},{"damage":0,"enemies":"Jaw Worm","floor":7,"turns":4},{"damage":0,"enemies":"3 Louse","floor":10,"turns":1},{"damage":0,"enemies":"Lots of Slimes","floor":11,"turns":2},{"damage":17,"enemies":"3 Sentries","floor":12,"turns":10},{"damage":0,"enemies":"2 Fungi Beasts","floor":14,"turns":2},{"damage":34,"enemies":"The Guardian","floor":16,"turns":16},{"damage":19,"enemies":"3 Byrds","floor":18,"turns":4},{"damage":8,"enemies":"2 Thieves","floor":22,"turns":4},{"damage":0,"enemies":"Slavers","floor":23,"turns":2},{"damage":17,"enemies":"Snecko","floor":24,"turns":6},{"damage":14,"enemies":"Centurion and Healer","floor":25,"turns":13},{"damage":59,"enemies":"3 Cultists","floor":29,"turns":8},{"damage":15,"enemies":"Shelled Parasite and Fungi","floor":31,"turns":11},{"damage":65,"enemies":"Champ","floor":33,"turns":9}],"seed_played":"8519951746565570064","potions_obtained":[{"floor":6,"key":"Swift Potion"},{"floor":10,"key":"Dexterity Potion"},{"floor":11,"key":"GhostInAJar"},{"floor":25,"key":"SpeedPotion"},{"floor":27,"key":"Energy Potion"},{"floor":31,"key":"Explosive Potion"}],"is_trial":false,"path_per_floor":["M","?","?","M","?","E","M","$","T","M","M","E","R","M","R","B",null,"M","$","?","$","M","E","M","M","T","?","R","M","R","M","R","B"],"character_chosen":"THE_SILENT","items_purchased":["Caltrops","Regal Pillow","Deadly Poison"],"campfire_rested":3,"item_purchase_floors":[8,19,21],"current_hp_per_floor":[70,70,63,63,63,63,63,63,63,63,63,46,46,46,67,33,70,51,51,51,51,43,43,26,12,12,12,63,6,57,44,59,0],"gold":265,"neow_bonus":"THREE_ENEMY_KILL","is_prod":false,"is_daily":false,"chose_seed":false,"campfire_upgraded":2,"win_rate":0,"timestamp":1558537313,"path_taken":["M","?","?","?","?","E","M","$","T","?","M","E","R","M","R","BOSS","M","$","?","$","M","E","M","M","T","?","R","?","R","M","R","BOSS"],"build_version":"2019-01-23","purchased_purges":1,"victory":false,"max_hp_per_floor":[70,70,70,70,70,70,70,70,70,70,70,70,70,70,70,70,70,70,70,70,70,70,70,70,70,70,70,70,70,70,70,70,70],"card_choices":[{"not_picked":["Bane","Expertise"],"picked":"All Out Attack","floor":1},{"not_picked":["Quick Slash","Tactician"],"picked":"Terror","floor":4},{"not_picked":["Tactician","Outmaneuver"],"picked":"Leg Sweep","floor":6},{"not_picked":["Slice","Acrobatics"],"picked":"Crippling Poison","floor":7},{"not_picked":["Heel Hook","Underhanded Strike"],"picked":"Backstab","floor":10},{"not_picked":["All Out Attack","Concentrate"],"picked":"Glass Knife","floor":11},{"not_picked":["PiercingWail","Leg Sweep"],"picked":"Bane","floor":12},{"not_picked":["Skewer","Flechettes","Bane"],"picked":"SKIP","floor":14},{"not_picked":["A Thousand Cuts","Unload"],"picked":"Grand Finale","floor":16},{"not_picked":["Infinite Blades","Quick Slash"],"picked":"Distraction","floor":18},{"not_picked":["Flying Knee","Sucker Punch"],"picked":"Leg Sweep+1","floor":22},{"not_picked":["Dodge and Roll","Sucker Punch"],"picked":"Blur","floor":23},{"not_picked":["Masterful Stab+1","Heel Hook","Backflip+1"],"picked":"SKIP","floor":24},{"not_picked":["Terror","Dodge and Roll"],"picked":"Burst","floor":25},{"not_picked":["Bouncing Flask","Endless Agony"],"picked":"Backstab","floor":29},{"not_picked":["Tactician","All Out Attack"],"picked":"Terror+1","floor":31}],"player_experience":403725,"relics_obtained":[{"floor":6,"key":"Anchor"},{"floor":9,"key":"Whetstone"},{"floor":12,"key":"Bottled Flame"},{"floor":23,"key":"Turnip"},{"floor":26,"key":"Blood Vial"}],"event_choices":[{"damage_healed":0,"gold_gain":0,"player_choice":"Take Wound","damage_taken":0,"relics_obtained":["Golden Idol"],"max_hp_gain":0,"max_hp_loss":0,"event_name":"Golden Idol","floor":2,"gold_loss":0,"cards_obtained":["Injury"]},{"damage_healed":0,"gold_gain":0,"player_choice":"Success","damage_taken":7,"relics_obtained":["Blue Candle"],"max_hp_gain":0,"max_hp_loss":0,"event_name":"Scrap Ooze","floor":3,"gold_loss":0},{"damage_healed":0,"gold_gain":0,"player_choice":"Paid Gold","damage_taken":0,"relics_obtained":["The Courier"],"max_hp_gain":0,"max_hp_loss":0,"event_name":"WeMeetAgain","floor":5,"gold_loss":62},{"damage_healed":0,"gold_gain":0,"player_choice":"Ignored","damage_taken":0,"max_hp_gain":0,"max_hp_loss":0,"event_name":"Beggar","floor":20,"gold_loss":0},{"damage_healed":0,"gold_gain":0,"player_choice":"Got Potions","damage_taken":0,"max_hp_gain":0,"max_hp_loss":0,"event_name":"Lab","floor":27,"gold_loss":0}],"is_beta":false,"boss_relics":[{"not_picked":["Empty Cage","Pandora\u0027s Box"],"picked":"Eternal Feather"}],"items_purged_floors":[19],"is_endless":false,"potions_floor_spawned":[6,10,11,12,16,18,25,31],"killed_by":"Champ","ascension_level":0}