{"path_per_floor":["M","M","M","M","M","E","R","$","T","?","R","?","E","M","R","B",null,"M","$","?","M","$","E","M","R","T","R","E","R","?","$","R","B",null,"M","M","?","?","$","R","E","?","T","?","R","E","R","T","R"],"character_chosen":"DEFECT","items_purchased":["Go for the Eyes","Good Instincts","Thinking Ahead","Storm"],"gold_per_floor":[110,127,145,164,175,201,201,74,156,185,185,185,215,234,234,339,369,380,0,0,19,19,50,66,66,90,90,118,118,118,41,41,145,145,155,169,169,169,44,44,78,78,78,127,127,156,156,180,180,180],"floor_reached":50,"campfire_rested":3,"playtime":10142,"item_purchase_floors":[],"current_hp_per_floor":[75,74,71,64,57,44,68,68,68,52,52,52,52,52,52,32,87,84,84,84,84,84,60,53,53,53,53,48,48,48,48,74,74,87,83,83,83,83,83,83,83,83,83,83,83,74,74,74,92,0],"items_purged":["Strike_B","Strike_B","Compile Driver"],"gold":180,"score":692,"play_id":"9aef672e-165b-4848-ad74-1e5620e61c7c","local_time":"20180605172845","is_prod":false,"is_daily":false,"chose_seed":false,"is_ascension_mode":false,"campfire_upgraded":8,"win_rate":0.0,"timestamp":1528216125,"campfire_choices":[{"floor":7.0,"key":"REST"},{"data":"Reboot","floor":11.0,"key":"SMITH"},{"data":"Dualcast","floor":15.0,"key":"SMITH"},{"data":"White Noise","floor":25.0,"key":"SMITH"},{"data":"Thinking Ahead","floor":27.0,"key":"SMITH"},{"data":"Gash","floor":29.0,"key":"SMITH"},{"floor":32.0,"key":"REST"},{"data":"Zap","floor":40.0,"key":"SMITH"},{"data":"Beam Cell","floor":45.0,"key":"SMITH"},{"data":"Coolheaded","floor":47.0,"key":"SMITH"},{"floor":49,"key":"REST"}],"path_taken":["M","M","M","M","M","E","R","$","T","?","R","?","E","M","R","BOSS","M","$","?","M","?","E","M","R","T","R","E","R","?","$","R","BOSS","M","M","?","?","$","R","E","?","T","?","R","E","R","?","R","BOSS"],"build_version":"2018-05-31","seed_source_timestamp":0,"purchased_purges":3,"victory":false,"master_deck":["Zap+1","Dualcast+1","Gash+1","Reboot+1","All For One+1","Go for the Eyes","FTL","Seek","Stack","BootSequence+1","Good Instincts","Thinking Ahead+1","White Noise+1","Skim","Coolheaded+1","Storm","Seek+1","Ball Lightning","Aggregate","Storm","Beam Cell+1","Go for the Eyes+1","Reprogram+1","Double Energy+1"],"max_hp_per_floor":[75,75,75,75,75,82,82,82,82,82,82,82,82,82,82,82,87,87,87,87,87,87,87,87,87,87,87,87,87,87,87,87,87,87,87,87,87,87,87,87,87,87,87,87,87,92,92,92,92,92],"relics":["Cracked Core","Strawberry","Kunai","Odd Mushroom","Thread and Needle","Tiny House","Happy Flower","Pen Nib","Lantern","Shuriken","Pandora\u0027s Box","Juzu Bracelet","Frozen Egg 2","Prayer Wheel","Letter Opener","Dream Catcher"],"card_choices":[{"not_picked":["Aggregate","Defragment","Reinforced Body"],"picked":"SKIP","floor":1.0},{"not_picked":["Compile Driver","Ball Lightning","Steam"],"picked":"SKIP","floor":2.0},{"not_picked":["Chaos","Streamline"],"picked":"Gash","floor":3.0},{"not_picked":["Steam","Ball Lightning"],"picked":"Reboot","floor":4.0},{"not_picked":["Streamline","Blizzard","Loop"],"picked":"SKIP","floor":5.0},{"not_picked":["White Noise","Go for the Eyes"],"picked":"All For One","floor":6.0},{"not_picked":["Go for the Eyes","Gash"],"picked":"FTL","floor":10.0},{"not_picked":["Redo","Buffer","Streamline"],"picked":"SKIP","floor":13.0},{"not_picked":["Consume","Compile Driver","Double Energy"],"picked":"SKIP","floor":14.0},{"not_picked":["Rainbow","Thunder Strike"],"picked":"Seek","floor":16.0},{"not_picked":["Cold Snap","Beam Cell"],"picked":"Stack","floor":17.0},{"not_picked":["Chaos","Heatsinks"],"picked":"BootSequence+1","floor":18.0},{"not_picked":["Cold Snap","Coolheaded"],"picked":"White Noise","floor":21.0},{"not_picked":["Streamline","Ball Lightning+1","Stack+1"],"picked":"SKIP","floor":23.0},{"not_picked":["Consume","Self Repair"],"picked":"Skim","floor":24.0},{"not_picked":["Blizzard","Conserve Battery"],"picked":"Coolheaded","floor":28.0},{"not_picked":["Electrodynamics","Multi-Cast"],"picked":"Seek","floor":33.0},{"not_picked":["Genetic Algorithm","Skim+1"],"picked":"Beam Cell","floor":35.0},{"not_picked":["Sweeping Beam","Loop+1"],"picked":"Go for the Eyes+1","floor":36.0},{"not_picked":["Buffer","Conserve Battery+1"],"picked":"Reprogram+1","floor":41.0},{"not_picked":["Compile Driver+1","Loop+1","Chaos"],"picked":"SKIP","floor":46.0},{"not_picked":["Conserve Battery+1","Static Discharge+1"],"picked":"Double Energy+1","floor":49}],"player_experience":216978,"potions_floor_usage":[50,50],"damage_taken":[{"damage":0.0,"enemies":"Small Slimes","floor":1.0,"turns":3.0},{"damage":1.0,"enemies":"Cultist","floor":2.0,"turns":3.0},{"damage":3.0,"enemies":"Jaw Worm","floor":3.0,"turns":5.0},{"damage":7.0,"enemies":"2 Fungi Beasts","floor":4.0,"turns":2.0},{"damage":7.0,"enemies":"Exordium Thugs","floor":5.0,"turns":5.0},{"damage":20.0,"enemies":"3 Sentries","floor":6.0,"turns":9.0},{"damage":16.0,"enemies":"The Mushroom Lair","floor":10.0,"turns":5.0},{"damage":0.0,"enemies":"Gremlin Nob","floor":13.0,"turns":3.0},{"damage":0.0,"enemies":"Exordium Wildlife","floor":14.0,"turns":2.0},{"damage":20.0,"enemies":"Slime Boss","floor":16.0,"turns":8.0},{"damage":3.0,"enemies":"Chosen","floor":18.0,"turns":4.0},{"damage":0.0,"enemies":"Shell Parasite","floor":21.0,"turns":4.0},{"damage":24.0,"enemies":"Book of Stabbing","floor":23.0,"turns":6.0},{"damage":7.0,"enemies":"3 Cultists","floor":24.0,"turns":7.0},{"damage":5.0,"enemies":"Gremlin Leader","floor":28.0,"turns":8.0},{"damage":0.0,"enemies":"Champ","floor":33.0,"turns":9.0},{"damage":4.0,"enemies":"3 Darklings","floor":35.0,"turns":4.0},{"damage":0.0,"enemies":"Orb Walker","floor":36.0,"turns":1.0},{"damage":0.0,"enemies":"Nemesis","floor":41.0,"turns":5.0},{"damage":0.0,"enemies":"Mysterious Sphere","floor":44.0,"turns":4.0},{"damage":14.0,"enemies":"Giant Head","floor":46.0,"turns":6.0},{"damage":94,"enemies":"Time Eater","floor":50,"turns":10}],"relics_obtained":[{"floor":6.0,"key":"Strawberry"},{"floor":9.0,"key":"Kunai"},{"floor":10.0,"key":"Odd Mushroom"},{"floor":13.0,"key":"Thread and Needle"},{"floor":23.0,"key":"Pen Nib"},{"floor":26.0,"key":"Lantern"},{"floor":28.0,"key":"Shuriken"},{"floor":41.0,"key":"Juzu Bracelet"},{"floor":43.0,"key":"Frozen Egg 2"},{"floor":44.0,"key":"Prayer Wheel"},{"floor":46.0,"key":"Letter Opener"},{"floor":48.0,"key":"Dream Catcher"}],"event_choices":[{"event_name":"Mushrooms","player_choice":"Fought Mushrooms","floor":10.0,"damage_taken":0.0},{"event_name":"Purifier","player_choice":"One Purge","floor":12.0,"damage_taken":0.0},{"event_name":"The Mausoleum","player_choice":"Yes","floor":20.0,"damage_taken":0.0},{"event_name":"Back to Basics","player_choice":"Elegance","floor":30.0,"damage_taken":0.0},{"event_name":"Tomb of Lord Red Mask","player_choice":"Ignored","floor":37.0,"damage_taken":0.0},{"event_name":"The Lab","player_choice":"Got Potions","floor":38.0,"damage_taken":0.0},{"event_name":"Upgrade Shrine","player_choice":"Upgraded","floor":42.0,"damage_taken":0.0},{"event_name":"Mysterious Sphere","player_choice":"Fight","floor":44.0,"damage_taken":0.0}],"boss_relics":[],"items_purged_floors":[],"potions_floor_spawned":[1,3,4,10,24,33,35,36,46],"seed_played":"-8542594110764224475","killed_by":"Time Eater","ascension_level":0,"potions_obtained":[{"floor":1.0,"key":"Fire Potion"},{"floor":4.0,"key":"Block Potion"},{"floor":10.0,"key":"Strength Potion"},{"floor":17.0,"key":"SkillPotion"},{"floor":24.0,"key":"SneckoOil"},{"floor":33.0,"key":"AttackPotion"},{"floor":35.0,"key":"SpeedPotion"},{"floor":36.0,"key":"Fruit Juice"},{"floor":38.0,"key":"Fire Potion"},{"floor":38.0,"key":"LiquidBronze"},{"floor":46.0,"key":"Poison Potion"}],"is_trial":false}