{"gold_per_floor":[115,126,140,215,215,247,229,7,7,7,32,32,45,57,57,57],"floor_reached":16,"playtime":630,"items_purged":["Strike_R"],"score":140,"play_id":"691279ec-48b3-4237-8ce6-b835b1f94dc6","local_time":"20190223162836","is_ascension_mode":true,"campfire_choices":[{"data":"Intimidate","floor":10,"key":"SMITH"},{"floor":15,"key":"REST"}],"neow_cost":"NONE","seed_source_timestamp":921868054396204,"circlet_count":0,"master_deck":["Strike_R","Strike_R","Defend_R","Defend_R","Defend_R","Defend_R","Bash","Intimidate+1","Anger","Thunderclap","Exhume","Iron Wave","Iron Wave","Brutality","Anger"],"relics":["Burning Blood","Blood Vial","Potion Belt","PreservedInsect","Omamori","Darkstone Periapt"],"potions_floor_usage":[6,16,16],"damage_taken":[{"damage":8,"enemies":"Jaw Worm","floor":1,"turns":5},{"damage":5,"enemies":"2 Louse","floor":2,"turns":3},{"damage":1,"enemies":"Cultist","floor":3,"turns":4},{"damage":35,"enemies":"Lagavulin","floor":6,"turns":7},{"damage":7,"enemies":"Exordium Thugs","floor":7,"turns":4},{"damage":18,"enemies":"Gremlin Nob","floor":11,"turns":4},{"damage":6,"enemies":"Looter","floor":13,"turns":3},{"damage":18,"enemies":"Exordium Wildlife","floor":14,"turns":4},{"damage":44,"enemies":"The Guardian","floor":16,"turns":12}],"seed_played":"-190432602401126360","potions_obtained":[{"floor":3,"key":"PowerPotion"},{"floor":7,"key":"Dexterity Potion"},{"floor":13,"key":"Poison Potion"},{"floor":14,"key":"Block Potion"}],"is_trial":false,"path_per_floor":["M","M","M","?","?","E","M","$","T","R","E","?","M","M","R","B"],"character_chosen":"IRONCLAD","items_purchased":["PreservedInsect"],"campfire_rested":1,"item_purchase_floors":[8],"current_hp_per_floor":[78,80,80,69,62,35,36,36,36,36,26,26,28,18,42,0],"gold":57,"neow_bonus":"RANDOM_COMMON_RELIC","is_prod":false,"is_daily":false,"chose_seed":false,"campfire_upgraded":1,"win_rate":0,"timestamp":1550957316,"path_taken":["M","M","M","?","?","E","M","$","T","R","E","?","M","M","R","BOSS"],"build_version":"2019-01-23","purchased_purges":1,"victory":false,"max_hp_per_floor":[80,80,80,80,80,80,80,80,80,80,80,80,80,80,80,80],"card_choices":[{"not_picked":["Wild Strike","Twin Strike"],"picked":"Intimidate","floor":1},{"not_picked":["Spot Weakness","Wild Strike"],"picked":"Anger","floor":2},{"not_picked":["True Grit","Heavy Blade"],"picked":"Thunderclap","floor":3},{"not_picked":["Flex","Headbutt"],"picked":"Exhume","floor":6},{"not_picked":["True Grit","Wild Strike"],"picked":"Iron Wave","floor":7},{"not_picked":["Havoc","Brutality"],"picked":"Iron Wave","floor":11},{"not_picked":["Sword Boomerang","Cleave"],"picked":"Anger","floor":13},{"not_picked":["Twin Strike","Body Slam","True Grit"],"picked":"SKIP","floor":14}],"player_experience":346743,"relics_obtained":[{"floor":6,"key":"Potion Belt"},{"floor":9,"key":"Omamori"},{"floor":11,"key":"Darkstone Periapt"}],"event_choices":[{"damage_healed":0,"gold_gain":75,"player_choice":"Gather Gold","damage_taken":11,"max_hp_gain":0,"max_hp_loss":0,"event_name":"World of Goop","floor":4,"gold_loss":0},{"cards_removed":["Strike_R"],"damage_healed":0,"gold_gain":0,"player_choice":"Card Removal","damage_taken":7,"max_hp_gain":0,"max_hp_loss":0,"event_name":"Golden Wing","floor":5,"gold_loss":0},{"damage_healed":0,"gold_gain":0,"cards_transformed":["Strike_R"],"player_choice":"Transformed","damage_taken":0,"max_hp_gain":0,"max_hp_loss":0,"event_name":"Transmorgrifier","floor":12,"gold_loss":0,"cards_obtained":["Brutality"]}],"is_beta":false,"boss_relics":[],"items_purged_floors":[8],"is_endless":false,"potions_floor_spawned":[3,7,13,14],"killed_by":"The Guardian","ascension_level":5}