{"path_per_floor":["M","$","M","$","?","R","E","R","T","M","R","?","M","M","R","B",null,"M","?","M","M","M","R","M","?","T","M","?","M","M","M","R","B",null,"M","M","$","M","?","R","$","R","T","M","R","M","M","M","R"],"character_chosen":"IRONCLAD","items_purchased":["Anger","Combust","Enlightenment","Medical Kit","Seeing Red","Good Instincts"],"gold_per_floor":[214,49,62,62,62,62,89,89,89,108,108,283,295,311,311,415,415,427,427,446,456,472,472,492,492,492,510,510,530,542,553,553,655,655,665,681,0,13,0,0,0,0,0,18,18,32,50,69,69,69],"floor_reached":50,"campfire_rested":5,"playtime":8329,"current_hp_per_floor":[77,77,80,80,80,80,53,53,53,52,52,52,58,59,59,44,80,75,75,57,63,53,53,37,22,22,28,28,22,28,34,59,34,85,82,27,27,13,13,38,38,63,63,32,57,36,35,9,35,0],"items_purged":["Strike_R","Doubt"],"gold":69,"score":452,"play_id":"c6c1bdb0-6b77-45a5-9d9e-da9dcf9c7ad0","local_time":"20180514181206","is_prod":false,"is_daily":false,"chose_seed":false,"is_ascension_mode":false,"campfire_upgraded":5,"timestamp":1526317926,"path_taken":["M","$","M","$","?","R","E","R","T","?","R","?","?","M","R","BOSS","M","?","M","M","M","R","M","?","T","M","?","?","M","M","R","BOSS","M","M","$","M","?","R","$","R","T","M","R","?","M","M","R","BOSS"],"build_version":"2018-05-10","seed_source_timestamp":194195561055966,"purchased_purges":2,"victory":false,"master_deck":["Strike_R","Strike_R","Strike_R","Defend_R","Defend_R","Defend_R","Defend_R","Bash+1","Anger+1","Combust","Metallicize+1","Bludgeon+1","Heavy Blade","Twin Strike","Rage+1","Double Tap+1","Twin Strike","Iron Wave+1","Headbutt","Armaments","Double Tap+1","Headbutt","Feed","Offering","Shrug It Off","Iron Wave+1","Enlightenment","Seeing Red","Good Instincts","Flex+1","Carnage+1","Pommel Strike+1"],"max_hp_per_floor":[80,80,80,80,80,80,80,80,80,80,80,80,80,80,80,80,80,80,80,80,80,80,80,80,85,85,85,85,85,85,85,85,85,85,85,85,85,85,85,85,85,85,85,85,85,85,85,88,88,88],"relics":["Burning Blood","Bag of Marbles","Toolbox","Sozu","Bag of Preparation","White Beast Statue","Medical Kit","Red Mask","Matryoshka"],"card_choices":[{"not_picked":["Wild Strike","Warcry"],"picked":"Metallicize","floor":3},{"not_picked":["Body Slam","Exhume"],"picked":"Bludgeon","floor":7},{"not_picked":["Shrug It Off","Sever Soul"],"picked":"Heavy Blade","floor":10},{"not_picked":["Body Slam","Burning Pact"],"picked":"Twin Strike","floor":13},{"not_picked":["Iron Wave","Dropkick"],"picked":"Rage","floor":14},{"not_picked":["Fiend Fire","Exhume"],"picked":"Double Tap","floor":16},{"not_picked":["True Grit","Carnage"],"picked":"Twin Strike","floor":20},{"not_picked":["Combust","Dropkick"],"picked":"Iron Wave","floor":21},{"not_picked":["Body Slam","Impervious"],"picked":"Headbutt","floor":22},{"not_picked":["Havoc","Evolve"],"picked":"Armaments","floor":27},{"not_picked":["Havoc","Dropkick"],"picked":"Headbutt","floor":29},{"not_picked":["Twin Strike","Body Slam"],"picked":"Feed","floor":31},{"not_picked":["Double Tap","Fiend Fire"],"picked":"Offering","floor":33},{"not_picked":["Twin Strike","Havoc"],"picked":"Shrug It Off","floor":35},{"not_picked":["Reckless Charge","Clothesline"],"picked":"Iron Wave","floor":36},{"not_picked":["Anger","Flame Barrier"],"picked":"Flex","floor":38},{"not_picked":["Warcry","Sever Soul"],"picked":"Carnage","floor":44},{"not_picked":["Exhume","Havoc"],"picked":"Pommel Strike","floor":48}],"player_experience":42653,"potions_floor_usage":[14,16,16,33],"damage_taken":[{"damage":9,"enemies":"Small Slimes","floor":1,"turns":4},{"damage":2,"enemies":"Cultist","floor":3,"turns":3},{"damage":33,"enemies":"Lagavulin","floor":7,"turns":7},{"damage":7,"enemies":"Jaw Worm","floor":10,"turns":2},{"damage":0,"enemies":"Looter","floor":13,"turns":4},{"damage":5,"enemies":"3 Louse","floor":14,"turns":3},{"damage":21,"enemies":"Slime Boss","floor":16,"turns":10},{"damage":11,"enemies":"Spheric Guardian","floor":18,"turns":4},{"damage":24,"enemies":"3 Byrds","floor":20,"turns":4},{"damage":0,"enemies":"Snecko","floor":21,"turns":3},{"damage":16,"enemies":"Centurion and Healer","floor":22,"turns":5},{"damage":22,"enemies":"3 Cultists","floor":24,"turns":4},{"damage":0,"enemies":"Snake Plant","floor":27,"turns":1},{"damage":12,"enemies":"Centurion and Healer","floor":29,"turns":3},{"damage":0,"enemies":"Snecko","floor":30,"turns":4},{"damage":0,"enemies":"Slaver and Parasite","floor":31,"turns":3},{"damage":31,"enemies":"Collector","floor":33,"turns":6},{"damage":9,"enemies":"3 Shapes","floor":35,"turns":5},{"damage":61,"enemies":"3 Darklings","floor":36,"turns":11},{"damage":20,"enemies":"Maw","floor":38,"turns":7},{"damage":37,"enemies":"4 Shapes","floor":44,"turns":4},{"damage":27,"enemies":"3 Darklings","floor":46,"turns":6},{"damage":7,"enemies":"Maw","floor":47,"turns":6},{"damage":35,"enemies":"4 Shapes","floor":48,"turns":6},{"damage":37,"enemies":"Donu and Deca","floor":50,"turns":4}],"event_choices":[{"event_name":"Living Wall","player_choice":"Grow","floor":5,"damage_taken":0},{"event_name":"Liars Game","player_choice":"agreed","floor":12,"damage_taken":0},{"event_name":"Bonfire Elementals","player_choice":"BASIC","floor":19,"damage_taken":0},{"event_name":"Forgotten Altar","player_choice":"Shed Blood","floor":25,"damage_taken":0},{"event_name":"Duplicator","player_choice":"One dupe","floor":28,"damage_taken":0},{"event_name":"Tomb of Lord Red Mask","player_choice":"Paid","floor":39,"damage_taken":0}],"boss_relics":[{"not_picked":["Runic Dome","Lizard Tail"],"picked":"Sozu"},{"not_picked":["Calling Bell","Mark of Pain"],"picked":"White Beast Statue"}],"potions_floor_spawned":[7,10,14,16,18,21,22,33,35,36,38,44,46,47,48],"seed_played":"1866190139652848428","killed_by":"Donu and Deca","ascension_level":0,"is_trial":false}