{"gold_per_floor":[17,31,49,1,18,45,65,91,115,134,149,174,193,45,45,142,142,162,6,6,6,6,38,38,58,115,140,140,150,150,167,167,269,269,289,63,163,163,18,49,49,69,69,69,69,21,54,78,78,78,78,78,38,69,69],"floor_reached":55,"playtime":2667,"items_purged":["Strike_R+1"],"score":1043,"play_id":"b52434db-ae27-43c2-b3ab-f1ad524c3675","local_time":"20190308231956","is_ascension_mode":true,"campfire_choices":[{"floor":15,"key":"REST"},{"floor":24,"key":"REST"},{"data":"Seeing Red","floor":28,"key":"SMITH"},{"data":"Immolate","floor":32,"key":"SMITH"},{"floor":41,"key":"RECALL"},{"floor":44,"key":"REST"},{"floor":49,"key":"REST"},{"floor":52,"key":"REST"}],"neow_cost":"NO_GOLD","seed_source_timestamp":322255866993921,"circlet_count":0,"master_deck":["Strike_R+1","Strike_R+1","Strike_R+1","Strike_R+1","Defend_R+1","Defend_R+1","Defend_R+1","Defend_R+1","Bash","Armaments","Shrug It Off","Cleave","Warcry","Battle Trance","Pommel Strike","Shrug It Off+1","Seeing Red+1","Shrug It Off","Impervious","Immolate","Clothesline+1","Flame Barrier","Immolate+1","Iron Wave+1","Corruption","Ghostly Armor","Clothesline+1","Impervious","Feel No Pain","Metallicize","Warcry+1","Wild Strike+1","Body Slam","Evolve","Fiend Fire"],"relics":["Burning Blood","Mango","Bag of Preparation","Pen Nib","Vajra","Centennial Puzzle","Snecko Eye","War Paint","Omamori","Tiny Chest","Ginger","Fusion Hammer","Brimstone","Gambling Chip","Gremlin Horn","Potion Belt","Sundial","Lantern","Red Skull"],"potions_floor_usage":[8,12,16,33,50,54,55,55],"damage_taken":[{"damage":1,"enemies":"Small Slimes","floor":1,"turns":4},{"damage":3,"enemies":"2 Louse","floor":2,"turns":4},{"damage":2,"enemies":"Jaw Worm","floor":3,"turns":5},{"damage":7,"enemies":"Gremlin Gang","floor":5,"turns":5},{"damage":32,"enemies":"3 Sentries","floor":6,"turns":10},{"damage":3,"enemies":"2 Fungi Beasts","floor":7,"turns":5},{"damage":34,"enemies":"Gremlin Nob","floor":8,"turns":4},{"damage":9,"enemies":"3 Louse","floor":10,"turns":3},{"damage":10,"enemies":"Lots of Slimes","floor":11,"turns":4},{"damage":37,"enemies":"Lagavulin","floor":12,"turns":8},{"damage":4,"enemies":"Large Slime","floor":13,"turns":4},{"damage":39,"enemies":"The Guardian","floor":16,"turns":22},{"damage":1,"enemies":"2 Thieves","floor":18,"turns":2},{"damage":44,"enemies":"Slavers","floor":23,"turns":6},{"damage":0,"enemies":"Shell Parasite","floor":25,"turns":3},{"damage":6,"enemies":"Gremlin Leader","floor":27,"turns":3},{"damage":8,"enemies":"Shelled Parasite and Fungi","floor":29,"turns":2},{"damage":0,"enemies":"Snake Plant","floor":31,"turns":3},{"damage":53,"enemies":"Champ","floor":33,"turns":9},{"damage":0,"enemies":"3 Darklings","floor":35,"turns":2},{"damage":22,"enemies":"Mind Bloom Boss Battle","floor":37,"turns":5},{"damage":0,"enemies":"Giant Head","floor":40,"turns":6},{"damage":0,"enemies":"3 Shapes","floor":42,"turns":1},{"damage":2,"enemies":"Nemesis","floor":47,"turns":5},{"damage":11,"enemies":"Time Eater","floor":50,"turns":7},{"damage":22,"enemies":"Shield and Spear","floor":54,"turns":4},{"damage":102,"enemies":"The Heart","floor":55,"turns":5}],"seed_played":"1513988362025712415","potions_obtained":[{"floor":5,"key":"BloodPotion"},{"floor":6,"key":"SkillPotion"},{"floor":7,"key":"LiquidBronze"},{"floor":10,"key":"Regen Potion"},{"floor":11,"key":"SkillPotion"},{"floor":13,"key":"Weak Potion"},{"floor":23,"key":"SneckoOil"},{"floor":25,"key":"Energy Potion"},{"floor":37,"key":"Dexterity Potion"},{"floor":54,"key":"SteroidPotion"}],"is_trial":false,"path_per_floor":["M","M","M","$","M","E","M","E","T","M","M","E","M","$","R","B",null,"M","$","?","?","$","E","R","M","T","E","R","M","?","M","R","B",null,"M","$","?","?","$","E","R","M","T","R","?","$","E","T","R","B",null,"R","$","E","B"],"character_chosen":"IRONCLAD","items_purchased":["Warcry","Impervious","War Paint","Brimstone","Feel No Pain","Metallicize","PowerPotion","Evolve"],"campfire_rested":5,"item_purchase_floors":[4,14,19,36,36,39,46,53],"current_hp_per_floor":[91,94,94,94,93,67,70,42,42,39,35,19,21,21,49,16,75,80,80,80,80,80,42,70,76,76,76,76,74,74,80,80,33,79,85,85,69,69,69,75,75,81,81,94,94,94,94,94,94,89,93,94,94,87,0],"gold":69,"neow_bonus":"ONE_RARE_RELIC","is_prod":false,"is_daily":false,"chose_seed":false,"campfire_upgraded":2,"win_rate":0,"timestamp":1552105196,"path_taken":["M","M","M","$","M","E","M","E","T","M","M","E","M","$","R","BOSS","M","$","?","?","?","E","R","?","T","E","R","M","?","M","R","BOSS","M","$","?","?","$","E","R","?","T","R","?","?","E","?","R","BOSS","R","$","E","BOSS"],"build_version":"2019-01-23","purchased_purges":1,"victory":false,"max_hp_per_floor":[94,94,94,94,94,94,94,94,94,94,94,94,94,94,94,94,94,94,94,94,94,94,94,94,94,94,94,94,94,94,94,94,94,94,94,94,94,94,94,94,94,94,94,94,94,94,94,94,94,94,94,94,94,94,94],"card_choices":[{"not_picked":["Flex","Heavy Blade"],"picked":"Armaments","floor":1},{"not_picked":["Armaments","Pommel Strike"],"picked":"Shrug It Off","floor":2},{"not_picked":["Pummel","Fire Breathing"],"picked":"Cleave","floor":3},{"not_picked":["Dropkick","Bloodletting"],"picked":"Battle Trance","floor":5},{"not_picked":["Brutality","Heavy Blade"],"picked":"Pommel Strike","floor":6},{"not_picked":["Warcry","Sword Boomerang","True Grit"],"picked":"SKIP","floor":7},{"not_picked":["Warcry","Sword Boomerang","True Grit"],"picked":"SKIP","floor":7},{"not_picked":["Bludgeon","Havoc"],"picked":"Shrug It Off","floor":8},{"not_picked":["Rupture","Sword Boomerang","Battle Trance"],"picked":"SKIP","floor":10},{"not_picked":["Rupture","Pommel Strike","Sentinel"],"picked":"SKIP","floor":11},{"not_picked":["Disarm","Sword Boomerang"],"picked":"Seeing Red","floor":12},{"not_picked":["Sentinel","Clash"],"picked":"Shrug It Off","floor":13},{"not_picked":["Reaper","Feed"],"picked":"Immolate","floor":16},{"not_picked":["Feel No Pain","Shrug It Off"],"picked":"Clothesline+1","floor":18},{"not_picked":["Entrench","Inflame"],"picked":"Immolate","floor":23},{"not_picked":["Pommel Strike+1","Anger"],"picked":"Iron Wave+1","floor":25},{"not_picked":["Clothesline","Heavy Blade"],"picked":"Corruption","floor":27},{"not_picked":["Burning Pact+1","Perfected Strike+1"],"picked":"Ghostly Armor","floor":29},{"not_picked":["Body Slam","Rage"],"picked":"Clothesline+1","floor":31},{"not_picked":["Reaper","Limit Break"],"picked":"Impervious","floor":33},{"not_picked":["Fire Breathing","Anger","Warcry"],"picked":"SKIP","floor":35},{"not_picked":["Brutality","Berserk"],"picked":"Warcry+1","floor":40},{"not_picked":["Feel No Pain+1","Pommel Strike+1"],"picked":"Wild Strike+1","floor":42},{"not_picked":["Clash","Armaments+1"],"picked":"Body Slam","floor":47},{"not_picked":["Corruption+1","Dropkick+1"],"picked":"Fiend Fire","floor":54}],"player_experience":429068,"relics_obtained":[{"floor":6,"key":"Bag of Preparation"},{"floor":8,"key":"Pen Nib"},{"floor":9,"key":"Vajra"},{"floor":12,"key":"Centennial Puzzle"},{"floor":23,"key":"Omamori"},{"floor":26,"key":"Tiny Chest"},{"floor":27,"key":"Ginger"},{"floor":37,"key":"Gambling Chip"},{"floor":40,"key":"Potion Belt"},{"floor":47,"key":"Sundial"},{"floor":48,"key":"Lantern"},{"floor":54,"key":"Red Skull"}],"event_choices":[{"damage_healed":0,"gold_gain":0,"player_choice":"Read","damage_taken":0,"max_hp_gain":0,"max_hp_loss":0,"event_name":"The Library","floor":20,"gold_loss":0,"cards_obtained":["Flame Barrier"]},{"damage_healed":0,"gold_gain":0,"player_choice":"Ignored","damage_taken":0,"max_hp_gain":0,"max_hp_loss":0,"event_name":"Ghosts","floor":21,"gold_loss":0},{"damage_healed":0,"gold_gain":0,"player_choice":"Simplicity","damage_taken":0,"max_hp_gain":0,"max_hp_loss":0,"event_name":"Back to Basics","floor":30,"gold_loss":0,"cards_upgraded":["Strike_R","Strike_R","Strike_R","Strike_R","Strike_R","Defend_R","Defend_R","Defend_R"]},{"damage_healed":0,"gold_gain":0,"player_choice":"Fight","damage_taken":0,"max_hp_gain":0,"max_hp_loss":0,"event_name":"MindBloom","floor":37,"gold_loss":0},{"damage_healed":0,"gold_gain":0,"player_choice":"Gave Potion","damage_taken":0,"relics_obtained":["Gremlin Horn"],"max_hp_gain":0,"max_hp_loss":0,"event_name":"WeMeetAgain","floor":38,"gold_loss":0},{"damage_healed":0,"gold_gain":0,"player_choice":"Ignored","damage_taken":0,"max_hp_gain":0,"max_hp_loss":0,"event_name":"Mysterious Sphere","floor":45,"gold_loss":0}],"is_beta":false,"boss_relics":[{"not_picked":["Eternal Feather","Lizard Tail"],"picked":"Snecko Eye"},{"not_picked":["Runic Dome","Tiny House"],"picked":"Fusion Hammer"}],"items_purged_floors":[39],"is_endless":false,"potions_floor_spawned":[5,6,7,10,11,13,23,25,27,29,37,54],"killed_by":"The Heart","ascension_level":6}