{"gold_per_floor":[118,130,57,70,81,111,111,138,138,138,138,157,170,95,95,198,198,214,227,227,227,31,31],"floor_reached":23,"playtime":1879,"items_purged":["Strike_B","Defend_B"],"score":246,"play_id":"8de475d4-8559-4616-8e3c-be93323b1958","local_time":"20180819152701","is_ascension_mode":true,"campfire_choices":[{"floor":7,"key":"REST"},{"floor":10,"key":"REST"},{"floor":15,"key":"REST"}],"neow_cost":"","seed_source_timestamp":68674654407124,"circlet_count":0,"master_deck":["Strike_B","Strike_B","Strike_B","Defend_B","Defend_B","Defend_B","Zap","Dualcast","Consume","Static Discharge","Defragment","Static Discharge","Storm","Genetic Algorithm","Ball Lightning","Genetic Algorithm","Conserve Battery","Buffer","Defragment","Ghostly","Ghostly","Ghostly","Ghostly","Ghostly","Bandage Up","Conserve Battery"],"relics":["Cracked Core","Ancient Tea Set","Art of War","Boot","Smiling Mask","Black Star","Molten Egg 2"],"potions_floor_usage":[5,5],"damage_taken":[{"damage":6,"enemies":"Cultist","floor":1,"turns":3},{"damage":3,"enemies":"Jaw Worm","floor":2,"turns":4},{"damage":1,"enemies":"2 Louse","floor":4,"turns":3},{"damage":5,"enemies":"Lots of Slimes","floor":5,"turns":4},{"damage":28,"enemies":"3 Sentries","floor":6,"turns":5},{"damage":30,"enemies":"Lagavulin","floor":8,"turns":4},{"damage":17,"enemies":"3 Louse","floor":12,"turns":3},{"damage":10,"enemies":"Looter","floor":13,"turns":4},{"damage":18,"enemies":"The Guardian","floor":16,"turns":8},{"damage":12,"enemies":"Chosen","floor":18,"turns":6},{"damage":46,"enemies":"2 Thieves","floor":19,"turns":4},{"damage":24,"enemies":"Gremlin Leader","floor":23,"turns":2}],"seed_played":"-2285819172781947440","potions_obtained":[{"floor":1,"key":"Poison Potion"},{"floor":4,"key":"Poison Potion"},{"floor":6,"key":"SteroidPotion"},{"floor":16,"key":"SteroidPotion"},{"floor":18,"key":"Strength Potion"}],"is_trial":false,"path_per_floor":["M","M","$","M","M","E","R","E","T","R","T","M","M","$","R","B",null,"M","M","?","?","$"],"character_chosen":"DEFECT","items_purchased":["Defragment","Conserve Battery","Bandage Up","Conserve Battery"],"campfire_rested":3,"item_purchase_floors":[3,14,22,22],"current_hp_per_floor":[69,66,66,65,60,32,54,24,24,46,46,29,19,19,41,23,75,63,17,17,17,17,0],"gold":31,"neow_bonus":"","is_prod":false,"is_daily":false,"chose_seed":false,"campfire_upgraded":0,"win_rate":0,"timestamp":1534688821,"path_taken":["M","M","$","M","M","E","R","E","T","R","?","?","M","$","R","BOSS","M","?","?","?","$","E"],"build_version":"2018-08-16","purchased_purges":2,"victory":false,"max_hp_per_floor":[75,75,75,75,75,75,75,75,75,75,75,75,75,75,75,75,75,75,75,37,37,37,37],"card_choices":[{"not_picked":["Lockon","Reprogram"],"picked":"Consume","floor":1},{"not_picked":["Stack","Beam Cell"],"picked":"Static Discharge","floor":2},{"not_picked":["Tempest","Recycle"],"picked":"Static Discharge","floor":4},{"not_picked":["Beam Cell","Turbo"],"picked":"Storm","floor":5},{"not_picked":["Rebound","Barrage"],"picked":"Genetic Algorithm","floor":6},{"not_picked":["Tempest","Barrage"],"picked":"Ball Lightning","floor":8},{"not_picked":["Coolheaded","Beam Cell"],"picked":"Genetic Algorithm","floor":12},{"not_picked":["Ball Lightning","Rebound","Sweeping Beam"],"picked":"SKIP","floor":13},{"not_picked":["Core Surge","Machine Learning"],"picked":"Buffer","floor":16},{"not_picked":["Steam","Rebound"],"picked":"Defragment","floor":18},{"not_picked":["Barrage","Stack+1","Melter"],"picked":"SKIP","floor":19}],"player_experience":442366,"relics_obtained":[{"floor":6,"key":"Ancient Tea Set"},{"floor":8,"key":"Art of War"},{"floor":9,"key":"Boot"},{"floor":11,"key":"Smiling Mask"}],"event_choices":[{"event_name":"Ghosts","player_choice":"Became a Ghost","floor":20,"damage_taken":0},{"event_name":"WeMeetAgain","player_choice":"Potion","floor":21,"damage_taken":0}],"is_beta":false,"boss_relics":[{"not_picked":["Lizard Tail","Nuclear Battery"],"picked":"Black Star"}],"items_purged_floors":[14,22],"is_endless":false,"potions_floor_spawned":[1,4,6,16,18],"killed_by":"Gremlin Leader","ascension_level":2}