{"gold_per_floor":[118,129,146,71,91,125,125,125,172,184,204,204,234,251,251,356,356,356,356,356,256,256,256,256,256,256,256,256,256,181,7,7,7,7,7,0,0,0,0,0,0,0,0,0,0,0,0,0,0,0],"floor_reached":51,"playtime":3202,"items_purged":["Strike_B","Writhe","Strike_B"],"score":875,"play_id":"28c2167b-ed96-436c-b132-2061bccfcdee","local_time":"20180628001728","is_ascension_mode":true,"campfire_choices":[{"data":"Defragment","floor":7,"key":"SMITH"},{"data":"Dualcast","floor":12,"key":"SMITH"},{"floor":15,"key":"REST"},{"floor":23,"key":"REST"},{"data":"Streamline","floor":25,"key":"SMITH"},{"data":"Rainbow","floor":29,"key":"SMITH"},{"data":"Defend_B","floor":32,"key":"SMITH"},{"data":"Glacier","floor":40,"key":"SMITH"},{"data":"White Noise","floor":47,"key":"SMITH"},{"floor":49,"key":"REST"}],"neow_cost":"NONE","seed_source_timestamp":108010054650285,"circlet_count":0,"master_deck":["Defend_B+1","Defend_B","Defend_B","Defend_B","Zap+1","Dualcast+1","Streamline+1","Coolheaded+1","Core Surge","Defragment+1","White Noise+1","Seek","Rainbow+1","Fission","Coolheaded+1","BootSequence+1","Glacier+1","Madness","Madness","White Noise+1","Conserve Battery+1"],"relics":["Cracked Core","Centennial Puzzle","Boot","Juzu Bracelet","Ectoplasm","Bag of Marbles","Mercury Hourglass","Potion Belt","Strawberry","Nuclear Battery","Red Mask","Anchor","Blood Vial"],"potions_floor_usage":[6,10,16,20,35,46,50,50,50],"damage_taken":[{"damage":1,"enemies":"Cultist","floor":1,"turns":3},{"damage":0,"enemies":"Small Slimes","floor":2,"turns":2},{"damage":0,"enemies":"Jaw Worm","floor":3,"turns":4},{"damage":1,"enemies":"2 Fungi Beasts","floor":5,"turns":2},{"damage":8,"enemies":"Gremlin Nob","floor":6,"turns":3},{"damage":0,"enemies":"Exordium Wildlife","floor":10,"turns":3},{"damage":24,"enemies":"Exordium Thugs","floor":11,"turns":3},{"damage":18,"enemies":"3 Sentries","floor":13,"turns":5},{"damage":6,"enemies":"2 Fungi Beasts","floor":14,"turns":2},{"damage":7,"enemies":"The Guardian","floor":16,"turns":8},{"damage":7,"enemies":"Chosen","floor":18,"turns":3},{"damage":11,"enemies":"3 Byrds","floor":20,"turns":4},{"damage":22,"enemies":"Book of Stabbing","floor":27,"turns":5},{"damage":47,"enemies":"Champ","floor":33,"turns":8},{"damage":1,"enemies":"3 Darklings","floor":35,"turns":5},{"damage":0,"enemies":"Orb Walker","floor":38,"turns":3},{"damage":26,"enemies":"3 Darklings","floor":39,"turns":5},{"damage":0,"enemies":"4 Shapes","floor":42,"turns":5},{"damage":0,"enemies":"Giant Head","floor":45,"turns":11},{"damage":3,"enemies":"Maw","floor":46,"turns":8},{"damage":13,"enemies":"3 Darklings","floor":48,"turns":5},{"damage":26,"enemies":"Awakened One","floor":50,"turns":25}],"seed_played":"-4744223824330099048","potions_obtained":[{"floor":1,"key":"FearPotion"},{"floor":5,"key":"SpeedPotion"},{"floor":13,"key":"Block Potion"},{"floor":16,"key":"EssenceOfSteel"},{"floor":20,"key":"FairyPotion"},{"floor":33,"key":"FearPotion"},{"floor":39,"key":"Fire Potion"},{"floor":45,"key":"Swift Potion"},{"floor":48,"key":"Energy Potion"}],"is_trial":false,"path_per_floor":["M","M","M","$","M","E","R","?","T","M","M","R","E","M","R","B",null,"M","?","M","$","?","R","T","R","T","E","?","R","?","$","R","B",null,"M","?","?","M","M","R","?","M","T","?","E","M","R","M","R","B"],"character_chosen":"DEFECT","items_purchased":["Block Potion"],"campfire_rested":3,"item_purchase_floors":[31],"current_hp_per_floor":[74,74,74,74,73,65,65,65,65,65,41,41,23,17,39,32,64,57,57,46,46,32,56,56,56,56,41,41,41,41,41,41,8,67,66,66,66,66,40,40,29,29,29,29,36,42,42,31,57,33],"gold":0,"neow_bonus":"UPGRADE_CARD","is_prod":false,"is_daily":false,"chose_seed":false,"campfire_upgraded":7,"win_rate":0,"timestamp":1530159448,"path_taken":["M","M","M","$","?","E","R","?","T","M","M","R","E","M","R","BOSS","M","?","M","$","?","R","?","R","T","E","?","R","?","$","R","BOSS","M","?","?","M","M","R","?","M","T","?","E","M","R","M","R","BOSS"],"build_version":"2018-06-21v2","purchased_purges":3,"victory":true,"max_hp_per_floor":[75,75,75,75,75,75,75,75,75,75,75,75,75,75,75,75,75,75,75,75,75,80,80,80,80,80,87,87,87,87,87,87,87,87,87,87,87,87,87,87,87,87,87,87,87,87,87,87,87,87],"card_choices":[{"not_picked":["Double Energy","Sunder"],"picked":"Streamline","floor":1},{"not_picked":["Double Energy","Redo"],"picked":"Coolheaded","floor":2},{"not_picked":["Reprogram","Barrage"],"picked":"Core Surge","floor":3},{"not_picked":["Capacitor","Turbo"],"picked":"Ball Lightning","floor":5},{"not_picked":["Conserve Battery","Undo"],"picked":"Defragment","floor":6},{"not_picked":["Steam","Steam Power","Barrage"],"picked":"SKIP","floor":10},{"not_picked":["Beam Cell","Compile Driver","Gash"],"picked":"SKIP","floor":11},{"not_picked":["Thunder Strike","Compile Driver"],"picked":"White Noise","floor":13},{"not_picked":["Steam","Cold Snap","Stack"],"picked":"SKIP","floor":14},{"not_picked":["Buffer","Hyperbeam"],"picked":"Seek","floor":16},{"not_picked":["Rebound","Storm","Sweeping Beam"],"picked":"SKIP","floor":18},{"not_picked":["Scrape","Sunder","Doom and Gloom"],"picked":"SKIP","floor":20},{"not_picked":["Cold Snap","Core Surge","Rebound"],"picked":"SKIP","floor":27},{"not_picked":["All For One","Reboot"],"picked":"Fission","floor":33},{"not_picked":["Rebound","Cold Snap"],"picked":"Coolheaded+1","floor":35},{"not_picked":["Go for the Eyes","Streamline+1"],"picked":"BootSequence+1","floor":38},{"not_picked":["Hologram","Conserve Battery"],"picked":"Glacier","floor":39},{"not_picked":["Lockon","Consume+1"],"picked":"White Noise+1","floor":42},{"not_picked":["Beam Cell+1","Rip and Tear","Chaos"],"picked":"SKIP","floor":45},{"not_picked":["Cold Snap+1","BootSequence"],"picked":"Conserve Battery+1","floor":46},{"not_picked":["Streamline+1","Redo+1","Force Field+1"],"picked":"SKIP","floor":48}],"player_experience":334345,"relics_obtained":[{"floor":6,"key":"Centennial Puzzle"},{"floor":9,"key":"Boot"},{"floor":13,"key":"Juzu Bracelet"},{"floor":24,"key":"Mercury Hourglass"},{"floor":26,"key":"Potion Belt"},{"floor":27,"key":"Strawberry"},{"floor":43,"key":"Anchor"},{"floor":45,"key":"Blood Vial"}],"event_choices":[{"event_name":"Accursed Blacksmith","player_choice":"Forge","floor":8,"damage_taken":0},{"event_name":"The Mausoleum","player_choice":"Yes","floor":19,"damage_taken":0},{"event_name":"Forgotten Altar","player_choice":"Shed Blood","floor":22,"damage_taken":0},{"event_name":"Transmorgrifier","player_choice":"Transform","floor":28,"damage_taken":0},{"event_name":"Beggar","player_choice":"Gave Gold","floor":30,"damage_taken":0},{"event_name":"Tomb of Lord Red Mask","player_choice":"Paid","floor":36,"damage_taken":0},{"event_name":"Falling","player_choice":"Removed Attack","floor":37,"damage_taken":0},{"event_name":"Winding Halls","player_choice":"Embrace Madness","floor":41,"damage_taken":0},{"event_name":"SensoryStone","player_choice":"Memory 1","floor":44,"damage_taken":0}],"boss_relics":[{"not_picked":["Astrolabe","Fusion Hammer"],"picked":"Ectoplasm"},{"not_picked":["Tiny House","Runic Pyramid"],"picked":"Nuclear Battery"}],"items_purged_floors":[4,21,31],"is_endless":false,"potions_floor_spawned":[1,5,13,16,20,33,39,45,48],"ascension_level":5}