{"path_per_floor":["M","?","M","?","$","E","R","?","T","$","M","R","M","M","R","B",null,"M","M","?","?"],"character_chosen":"THE_SILENT","items_purchased":["Footwork"],"gold_per_floor":[114,114,131,131,97,132,132,132,132,132,150,150,162,132,132,235,265,277,260,260,260],"floor_reached":22,"campfire_rested":2,"playtime":1767,"current_hp_per_floor":[70,70,69,69,69,4,25,42,42,42,42,63,63,63,63,36,75,73,54,40,40],"items_purged":[],"gold":260,"score":182,"play_id":"adeefc1d-6051-4aa2-be97-46093d79016b","is_prod":false,"is_daily":false,"is_ascension_mode":false,"campfire_upgraded":1,"path_taken":["M","?","M","?","?","E","R","?","T","$","?","R","?","M","R","BOSS","M","M","?","?","M"],"build_version":"2018-02-22-PROD2","purchased_purges":0,"victory":false,"master_deck":["Defend_G","Defend_G","Defend_G","Defend_G","Defend_G","Strike_G","Strike_G","Strike_G","Strike_G","Survivor","Neutralize","Terror+1","Blur","Footwork","Quick Slash","Parasite","Flying Knee","Backflip","Slice","Venomology+1","Noxious Fumes","Backflip+1","Prepared","After Image"],"max_hp_per_floor":[70,70,70,70,70,70,70,70,70,70,70,70,70,70,70,70,75,75,75,80,80],"relics":["Black Star","Art of War","Oddly Smooth Stone","Gambling Chip","Tiny House"],"card_choices":[{"not_picked":["Outmaneuver","Dagger Throw"],"picked":"Terror"},{"not_picked":["Outmaneuver","Slice"],"picked":"Blur"},{"not_picked":["PiercingWail","Concentrate"],"picked":"Quick Slash"},{"not_picked":["PiercingWail","Choke"],"picked":"Flying Knee"},{"not_picked":["Outmaneuver","Malaise"],"picked":"Backflip"},{"not_picked":["Unload","Sucker Punch"],"picked":"Slice"},{"not_picked":["Doppelganger","A Thousand Cuts"],"picked":"Venomology"},{"not_picked":["Sucker Punch","Finisher"],"picked":"Noxious Fumes"},{"not_picked":["Cloak And Dagger","Quick Slash"],"picked":"Backflip"},{"not_picked":["Heel Hook","Calculated Gamble"],"picked":"Prepared"}],"player_experience":187160,"potions_floor_usage":[6,6,16,16,16,18,18,19],"damage_taken":[{"damage":0,"enemies":"2 Louse","floor":1,"turns":3},{"damage":1,"enemies":"Jaw Worm","floor":3,"turns":4},{"damage":65,"enemies":"Gremlin Nob","floor":6,"turns":7},{"damage":0,"enemies":"Small Slimes","floor":11,"turns":6},{"damage":0,"enemies":"Blue Slaver","floor":13,"turns":4},{"damage":0,"enemies":"Looter","floor":14,"turns":4},{"damage":27,"enemies":"Hexaghost","floor":16,"turns":12},{"damage":2,"enemies":"3 Byrds","floor":18,"turns":6},{"damage":19,"enemies":"2 Thieves","floor":19,"turns":4},{"damage":42,"enemies":"3 Cultists","floor":22,"turns":4}],"event_choices":[{"event_name":"The Cleric","player_choice":"Leave","floor":2,"damage_taken":0},{"event_name":"The Lab","player_choice":"Got Potions","floor":4,"damage_taken":0},{"event_name":"Mushrooms","player_choice":"Healed and dodged fight","floor":8,"damage_taken":0},{"event_name":"Forgotten Altar","player_choice":"Shed Blood","floor":20,"damage_taken":0},{"event_name":"Transmorgrifier","player_choice":"Transform","floor":21,"damage_taken":0}],"boss_relics":[{"not_picked":["Cursed Key","Orrery"],"picked":"Tiny House"}],"potions_floor_spawned":[11,13],"seed_played":"2400597220269963417","killed_by":"3 Cultists","ascension_level":0,"is_trial":false}