{"gold_per_floor":[115,190,190,75,100,129,144,144,144,174,174,229,260,271,271,345,345,355,355,355,5,35,35,70,87,137,43,43,43,59,69,69,141,141,154,174,396,408,463,463,496,511,511,511,511,540,156,256,256,256],"floor_reached":51,"playtime":1763,"items_purged":["Regret"],"score":1360,"play_id":"ea8921e3-b6fc-432d-a78a-fd92631dff90","local_time":"20190523225453","is_ascension_mode":true,"campfire_choices":[{"floor":8,"key":"REST"},{"floor":11,"key":"REST"},{"floor":15,"key":"REST"},{"data":"Loop","floor":23,"key":"SMITH"},{"data":"Storm","floor":32,"key":"SMITH"},{"data":"Biased Cognition","floor":40,"key":"SMITH"},{"floor":44,"key":"REST"},{"data":"Loop","floor":49,"key":"SMITH"}],"neow_cost":"NONE","seed_source_timestamp":375210137415043,"circlet_count":0,"master_deck":["AscendersBane","Strike_B+1","Strike_B+1","Strike_B+1","Defend_B+1","Defend_B+1","Defend_B+1","Defend_B+1","Zap+1","Dualcast","Rebound+1","Loop+1","Loop+1","Melter","Biased Cognition+1","Auto Shields","Loop","Core Surge+1","Undo+1","Consume+1","BootSequence","Static Discharge+1","Self Repair","Leap","Cold Snap","Storm+1","Amplify","Conserve Battery","Defragment","Static Discharge","Chill+1","Go for the Eyes","Defragment"],"relics":["Cracked Core","Matryoshka","Bronze Scales","Regal Pillow","Bottled Tornado","Juzu Bracelet","Cables","Bag of Marbles","Dodecahedron","Smiling Mask","Inserter","Enchiridion","Lee\u0027s Waffle","Whetstone","Red Mask","Oddly Smooth Stone","Anchor","Busted Crown","Turnip","Bag of Preparation","PreservedInsect","Ornamental Fan","Runic Capacitor","Blood Vial","Nunchaku"],"potions_floor_usage":[12,16,22,22,33,39,39],"damage_taken":[{"damage":2,"enemies":"Jaw Worm","floor":1,"turns":3},{"damage":30,"enemies":"Lagavulin","floor":6,"turns":5},{"damage":6,"enemies":"2 Louse","floor":7,"turns":1},{"damage":30,"enemies":"3 Sentries","floor":10,"turns":6},{"damage":16,"enemies":"Gremlin Nob","floor":12,"turns":3},{"damage":16,"enemies":"Gremlin Nob","floor":13,"turns":3},{"damage":0,"enemies":"Small Slimes","floor":14,"turns":2},{"damage":16,"enemies":"The Guardian","floor":16,"turns":6},{"damage":31,"enemies":"Shell Parasite","floor":18,"turns":5},{"damage":38,"enemies":"Masked Bandits","floor":22,"turns":3},{"damage":34,"enemies":"Gremlin Leader","floor":24,"turns":5},{"damage":0,"enemies":"3 Byrds","floor":25,"turns":2},{"damage":10,"enemies":"Sentry and Sphere","floor":30,"turns":3},{"damage":9,"enemies":"Snecko","floor":31,"turns":3},{"damage":30,"enemies":"Collector","floor":33,"turns":6},{"damage":0,"enemies":"Orb Walker","floor":35,"turns":3},{"damage":0,"enemies":"3 Shapes","floor":36,"turns":3},{"damage":3,"enemies":"Sphere and 2 Shapes","floor":38,"turns":3},{"damage":33,"enemies":"2 Orb Walkers","floor":39,"turns":3},{"damage":13,"enemies":"Giant Head","floor":41,"turns":5},{"damage":0,"enemies":"Spire Growth","floor":42,"turns":3},{"damage":0,"enemies":"Nemesis","floor":46,"turns":3},{"damage":0,"enemies":"Mind Bloom Boss Battle","floor":48,"turns":3},{"damage":4,"enemies":"Time Eater","floor":50,"turns":4}],"seed_played":"-7723329839343921640","potions_obtained":[{"floor":6,"key":"Poison Potion"},{"floor":12,"key":"GamblersBrew"},{"floor":13,"key":"Dexterity Potion"},{"floor":14,"key":"FocusPotion"},{"floor":18,"key":"Strength Potion"},{"floor":25,"key":"LiquidBronze"},{"floor":31,"key":"SneckoOil"},{"floor":33,"key":"Weak Potion"},{"floor":35,"key":"AttackPotion"},{"floor":42,"key":"Fire Potion"},{"floor":48,"key":"Explosive Potion"}],"is_trial":false,"path_per_floor":["M","?","?","$","T","E","M","R","T","E","R","?","E","M","R","B",null,"M","?","?","$","?","R","E","M","T","$","?","?","M","M","R","B",null,"M","M","?","M","?","R","E","M","T","R","?","E","$","?","R","B",null],"character_chosen":"DEFECT","items_purchased":["Loop","Lee\u0027s Waffle","Whetstone","Self Repair","Leap","Runic Capacitor","Blood Vial","Defragment"],"campfire_rested":4,"item_purchase_floors":[4,21,21,27,27,47,47,47],"current_hp_per_floor":[62,51,51,51,51,21,15,51,51,21,57,41,25,25,61,45,65,34,18,18,78,40,40,6,6,6,6,88,88,85,83,83,60,81,88,88,88,85,59,59,46,46,46,87,87,87,87,88,88,84],"gold":256,"neow_bonus":"UPGRADE_CARD","is_prod":false,"is_daily":false,"chose_seed":false,"campfire_upgraded":4,"win_rate":0,"timestamp":1558677293,"path_taken":["M","?","?","?","?","E","M","R","T","E","R","?","E","M","R","BOSS","M","?","?","$","?","R","E","M","T","$","?","?","M","M","R","BOSS","M","M","?","M","?","R","E","M","T","R","?","E","?","?","R","BOSS"],"build_version":"2019-01-23","purchased_purges":1,"victory":true,"max_hp_per_floor":[71,71,71,71,71,71,71,71,71,71,71,71,71,71,71,71,71,71,71,71,78,78,78,78,78,78,78,88,88,88,88,88,88,88,88,88,88,88,88,88,88,88,88,88,88,88,88,88,88,88],"card_choices":[{"not_picked":["Aggregate","Compile Driver"],"picked":"Rebound","floor":1},{"not_picked":["Chaos","Steam"],"picked":"Loop","floor":6},{"not_picked":["Hello World","Beam Cell"],"picked":"Melter","floor":7},{"not_picked":["Gash","Barrage"],"picked":"Biased Cognition","floor":10},{"not_picked":["Conserve Battery","Undo"],"picked":"Auto Shields","floor":12},{"not_picked":["Stack","Chill"],"picked":"Amplify","floor":13},{"not_picked":["Stack","Rebound"],"picked":"Loop","floor":14},{"not_picked":["Reboot","Thunder Strike"],"picked":"Core Surge","floor":16},{"not_picked":["Gash","Cold Snap"],"picked":"Undo+1","floor":18},{"not_picked":["Barrage","Defragment"],"picked":"Consume+1","floor":22},{"not_picked":["Hologram","Sweeping Beam"],"picked":"BootSequence","floor":24},{"not_picked":["Capacitor","Genetic Algorithm"],"picked":"Static Discharge+1","floor":25},{"not_picked":["Doom and Gloom","Rebound"],"picked":"Cold Snap","floor":30},{"not_picked":["Go for the Eyes","Chill+1"],"picked":"Storm","floor":31},{"not_picked":["Hyperbeam","Multi-Cast"],"picked":"Amplify","floor":33},{"not_picked":[],"picked":"Conserve Battery","floor":35},{"not_picked":[],"picked":"Defragment","floor":36},{"not_picked":[],"picked":"Static Discharge","floor":38},{"not_picked":[],"picked":"Chill+1","floor":39},{"not_picked":[],"picked":"Go for the Eyes","floor":41},{"not_picked":["Hologram"],"picked":"SKIP","floor":42},{"not_picked":["Beam Cell"],"picked":"SKIP","floor":46}],"player_experience":690214,"relics_obtained":[{"floor":5,"key":"Bronze Scales"},{"floor":5,"key":"Regal Pillow"},{"floor":6,"key":"Bottled Tornado"},{"floor":9,"key":"Juzu Bracelet"},{"floor":9,"key":"Cables"},{"floor":10,"key":"Bag of Marbles"},{"floor":12,"key":"Dodecahedron"},{"floor":13,"key":"Smiling Mask"},{"floor":19,"key":"Enchiridion"},{"floor":22,"key":"Red Mask"},{"floor":24,"key":"Oddly Smooth Stone"},{"floor":26,"key":"Anchor"},{"floor":39,"key":"Turnip"},{"floor":41,"key":"Bag of Preparation"},{"floor":43,"key":"PreservedInsect"},{"floor":46,"key":"Ornamental Fan"},{"floor":48,"key":"Nunchaku"}],"event_choices":[{"damage_healed":0,"gold_gain":75,"player_choice":"Gather Gold","damage_taken":11,"max_hp_gain":0,"max_hp_loss":0,"event_name":"World of Goop","floor":2,"gold_loss":0},{"damage_healed":0,"gold_gain":0,"player_choice":"Box","damage_taken":0,"relics_obtained":["Matryoshka"],"max_hp_gain":0,"max_hp_loss":0,"event_name":"Big Fish","floor":3,"gold_loss":0,"cards_obtained":["Regret"]},{"damage_healed":0,"gold_gain":30,"player_choice":"Searched \u00272\u0027 times","damage_taken":0,"max_hp_gain":0,"max_hp_loss":0,"event_name":"Dead Adventurer","floor":12,"gold_loss":0},{"damage_healed":0,"gold_gain":0,"player_choice":"Obtained Book","damage_taken":16,"max_hp_gain":0,"max_hp_loss":0,"event_name":"Cursed Tome","floor":19,"gold_loss":0},{"damage_healed":0,"gold_gain":0,"player_choice":"Simplicity","damage_taken":0,"max_hp_gain":0,"max_hp_loss":0,"event_name":"Back to Basics","floor":20,"gold_loss":0,"cards_upgraded":["Strike_B","Strike_B","Strike_B","Strike_B","Defend_B","Defend_B","Defend_B","Defend_B"]},{"damage_healed":0,"gold_gain":0,"player_choice":"Fought Bandits","damage_taken":0,"max_hp_gain":0,"max_hp_loss":0,"event_name":"Masked Bandits","floor":22,"gold_loss":0},{"cards_removed":["Amplify"],"damage_healed":72,"gold_gain":0,"player_choice":"Offered Rare","damage_taken":0,"max_hp_gain":10,"max_hp_loss":0,"event_name":"Bonfire Elementals","floor":28,"gold_loss":0},{"damage_healed":0,"gold_gain":0,"player_choice":"Ignored","damage_taken":0,"max_hp_gain":0,"max_hp_loss":0,"event_name":"Beggar","floor":29,"gold_loss":0},{"damage_healed":0,"gold_gain":222,"player_choice":"Wore Mask","damage_taken":0,"max_hp_gain":0,"max_hp_loss":0,"event_name":"Tomb of Lord Red Mask","floor":37,"gold_loss":0},{"damage_healed":0,"gold_gain":0,"player_choice":"Fight","damage_taken":0,"max_hp_gain":0,"max_hp_loss":0,"event_name":"Mysterious Sphere","floor":39,"gold_loss":0},{"cards_removed":["Strike_B"],"damage_healed":0,"gold_gain":0,"player_choice":"Removed Attack","damage_taken":0,"max_hp_gain":0,"max_hp_loss":0,"event_name":"Falling","floor":45,"gold_loss":0},{"damage_healed":0,"gold_gain":0,"player_choice":"Fight","damage_taken":0,"max_hp_gain":0,"max_hp_loss":0,"event_name":"MindBloom","floor":48,"gold_loss":0}],"is_beta":false,"boss_relics":[{"not_picked":["Astrolabe","Coffee Dripper"],"picked":"Inserter"},{"not_picked":["Velvet Choker","Runic Pyramid"],"picked":"Busted Crown"}],"items_purged_floors":[4],"is_endless":false,"potions_floor_spawned":[6,12,13,14,18,25,31,33,35,42,48],"ascension_level":14}