{"gold_per_floor":[109,259,275,275,350,377,8,45,45,105,105,138,38,73,73,145,145,159,203,128,18,85,85,130,255,255,255,255,271,354,354,354,425,425,490,28,153,68,68,68,11,31,82,82,100,113,113,129,129,129,129],"floor_reached":51,"playtime":2580,"items_purged":["Strike_G","Strike_G"],"score":1349,"play_id":"7b079a38-a80f-4cfd-bece-f1953c541ebb","local_time":"20181027145908","is_ascension_mode":true,"campfire_choices":[{"data":"Caltrops","floor":11.0,"key":"SMITH"},{"data":"Survivor","floor":15.0,"key":"SMITH"},{"floor":23.0,"key":"REST"},{"floor":27.0,"key":"REST"},{"floor":32.0,"key":"REST"},{"floor":40.0,"key":"REST"},{"floor":44.0,"key":"REST"},{"floor":49.0,"key":"REST"}],"neow_cost":"NONE","seed_source_timestamp":1533914127037884,"circlet_count":0,"master_deck":["Defend_G","Defend_G","Defend_G","Defend_G","Strike_G+1","Strike_G+1","Strike_G","Survivor+1","Neutralize","AscendersBane","Dagger Throw","Backstab+1","HandOfGreed+1","Caltrops+1","Escape Plan","Dagger Spray+1","Footwork","Malaise","Dash+1","Slice+1","Heel Hook+1","Burst","Cloak And Dagger","Sucker Punch+1","Tools of the Trade","PiercingWail+1","The Bomb+1","Dodge and Roll+1","Madness+1","Madness+1","Dodge and Roll+1","Reflex+1","Quick Slash+1","Panacea+1","Blur+1"],"special_seed":0,"relics":["Ring of the Snake","NeowsBlessing","Spirit Poop","Molten Egg 2","Whetstone","Gremlin Horn","Fusion Hammer","Torii","Paper Crane","Shuriken","Tough Bandages","Velvet Choker","Toxic Egg 2","The Specimen","Art of War","Ancient Tea Set"],"potions_floor_usage":[50,50],"damage_taken":[{"damage":0.0,"enemies":"2 Louse","floor":1.0,"turns":1.0},{"damage":0.0,"enemies":"Small Slimes","floor":3.0,"turns":1.0},{"damage":0.0,"enemies":"Lagavulin","floor":6.0,"turns":1.0},{"damage":0.0,"enemies":"Cultist","floor":8.0,"turns":2.0},{"damage":0.0,"enemies":"Gremlin Gang","floor":10.0,"turns":4.0},{"damage":23.0,"enemies":"Gremlin Nob","floor":12.0,"turns":4.0},{"damage":0.0,"enemies":"2 Fungi Beasts","floor":14.0,"turns":2.0},{"damage":6.0,"enemies":"The Guardian","floor":16.0,"turns":12.0},{"damage":6.0,"enemies":"3 Byrds","floor":18.0,"turns":4.0},{"damage":1.0,"enemies":"2 Thieves","floor":19.0,"turns":5.0},{"damage":6.0,"enemies":"Sentry and Sphere","floor":22.0,"turns":5.0},{"damage":1.0,"enemies":"Chosen and Byrds","floor":24.0,"turns":6.0},{"damage":11.0,"enemies":"Colosseum Slavers","floor":25.0,"turns":5.0},{"damage":1.0,"enemies":"Colosseum Nobs","floor":25.0,"turns":4.0},{"damage":1.0,"enemies":"3 Cultists","floor":29.0,"turns":4.0},{"damage":10.0,"enemies":"Slavers","floor":30.0,"turns":5.0},{"damage":52.0,"enemies":"Collector","floor":33.0,"turns":13.0},{"damage":1.0,"enemies":"3 Shapes","floor":35.0,"turns":9.0},{"damage":1.0,"enemies":"Mind Bloom Boss Battle","floor":37.0,"turns":8.0},{"damage":1.0,"enemies":"Orb Walker","floor":42.0,"turns":4.0},{"damage":13.0,"enemies":"Writhing Mass","floor":45.0,"turns":7.0},{"damage":36.0,"enemies":"Spire Growth","floor":46.0,"turns":7.0},{"damage":0.0,"enemies":"4 Shapes","floor":48.0,"turns":6.0},{"damage":32,"enemies":"Awakened One","floor":50,"turns":20},{"damage":1,"enemies":"Donu and Deca","floor":51,"turns":2}],"seed_played":"5604577364721128645","potions_obtained":[{"floor":1.0,"key":"EssenceOfSteel"},{"floor":12.0,"key":"Swift Potion"},{"floor":14.0,"key":"SpeedPotion"},{"floor":16.0,"key":"AttackPotion"},{"floor":18.0,"key":"Block Potion"},{"floor":29.0,"key":"Energy Potion"},{"floor":37.0,"key":"FearPotion"},{"floor":42.0,"key":"Strength Potion"}],"is_trial":false,"path_per_floor":["M","?","M","?","?","E","$","M","T","M","R","E","$","M","R","B",null,"M","M","?","$","M","R","M","?","T","R","?","M","E","?","R","B",null,"M","$","?","?","?","R","$","M","T","R","M","M","?","M","R","B"],"character_chosen":"THE_SILENT","items_purchased":["HandOfGreed+1","Caltrops","Weak Potion","AttackPotion","Toxic Egg 2","The Bomb+1","Dodge and Roll+1"],"campfire_rested":6,"item_purchase_floors":[7,7,21,21,36,36,41],"current_hp_per_floor":[59,59,59,59,48,48,48,48,48,48,48,25,25,25,25,19,54,48,47,47,47,41,60,59,47,47,66,66,65,55,55,66,14,53,52,52,51,51,39,58,58,57,57,66,53,17,17,17,36,4,3],"gold":129,"neow_bonus":"THREE_ENEMY_KILL","is_prod":false,"is_daily":false,"chose_seed":false,"campfire_upgraded":2,"win_rate":0,"timestamp":1540666748,"path_taken":["M","?","M","?","?","E","$","M","T","?","R","E","$","M","R","BOSS","M","M","?","$","M","R","M","?","T","R","?","M","E","?","R","BOSS","M","$","?","?","?","R","?","M","T","R","M","M","?","?","R","BOSS","BOSS"],"build_version":"2018-10-25v2","purchased_purges":2,"victory":false,"max_hp_per_floor":[66,66,66,66,66,66,66,66,66,66,66,66,66,66,66,66,66,66,66,66,66,66,66,66,66,66,66,66,66,66,66,66,66,66,66,66,66,66,66,66,66,66,66,66,66,66,66,66,66,66,66],"card_choices":[{"not_picked":["PiercingWail","Eviscerate"],"picked":"Dagger Throw","floor":1.0},{"not_picked":["Prepared","Acrobatics","Blade Dance"],"picked":"SKIP","floor":3.0},{"not_picked":["Noxious Fumes","Finisher"],"picked":"Backstab","floor":6.0},{"not_picked":["Flechettes+1","Quick Slash+1"],"picked":"Escape Plan","floor":8.0},{"not_picked":["Blade Dance","Outmaneuver"],"picked":"Dagger Spray+1","floor":10.0},{"not_picked":["Glass Knife+1","Bane+1"],"picked":"Footwork","floor":12.0},{"not_picked":["Blade Dance","Flying Knee+1","Masterful Stab+1"],"picked":"SKIP","floor":14.0},{"not_picked":["Burst","Glass Knife+1"],"picked":"Malaise","floor":16.0},{"not_picked":["Slice+1","PiercingWail"],"picked":"Dash+1","floor":18.0},{"not_picked":["Deflect","Leg Sweep"],"picked":"Slice+1","floor":19.0},{"not_picked":["Predator+1","Endless Agony+1","Deadly Poison"],"picked":"SKIP","floor":22.0},{"not_picked":["Bane+1","Acrobatics"],"picked":"Heel Hook+1","floor":24.0},{"not_picked":["Crippling Poison","Setup"],"picked":"Burst","floor":25.0},{"not_picked":["PiercingWail","Dodge and Roll"],"picked":"Cloak And Dagger","floor":29.0},{"not_picked":["Quick Slash+1","Deadly Poison"],"picked":"Sucker Punch+1","floor":30.0},{"not_picked":["Venomology","Doppelganger"],"picked":"Tools of the Trade","floor":33.0},{"not_picked":["Blade Dance","Setup"],"picked":"PiercingWail+1","floor":35.0},{"not_picked":["Endless Agony+1","Underhanded Strike+1"],"picked":"Dodge and Roll+1","floor":37.0},{"not_picked":["Backflip+1","Predator+1"],"picked":"Reflex+1","floor":42.0},{"not_picked":["Deadly Poison+1","Sucker Punch+1","Outmaneuver+1"],"picked":"SKIP","floor":45.0},{"not_picked":["Bane+1","Well Laid Plans+1"],"picked":"Quick Slash+1","floor":46.0},{"not_picked":["Good Instincts+1","Magnetism"],"picked":"Panacea+1","floor":47.0},{"not_picked":["Blade Dance+1","Cloak And Dagger+1"],"picked":"Blur+1","floor":48.0}],"player_experience":844448,"relics_obtained":[{"floor":6.0,"key":"Molten Egg 2"},{"floor":9.0,"key":"Whetstone"},{"floor":12.0,"key":"Gremlin Horn"},{"floor":25.0,"key":"Torii"},{"floor":25.0,"key":"Paper Crane"},{"floor":26.0,"key":"Shuriken"},{"floor":30.0,"key":"Tough Bandages"},{"floor":37.0,"key":"The Specimen"},{"floor":43.0,"key":"Ancient Tea Set"}],"event_choices":[{"damage_healed":0.0,"max_hp_gain":0.0,"max_hp_loss":0.0,"gold_gain":150.0,"event_name":"Liars Game","player_choice":"AGREE","floor":2.0,"gold_loss":0.0,"damage_taken":0.0,"cards_obtained":["Doubt"]},{"cards_removed":["Doubt"],"damage_healed":0.0,"max_hp_gain":0.0,"max_hp_loss":0.0,"gold_gain":0.0,"event_name":"Bonfire Elementals","player_choice":"Offered Curse","floor":4.0,"gold_loss":0.0,"damage_taken":0.0,"relics_obtained":["Spirit Poop"]},{"damage_healed":0.0,"max_hp_gain":0.0,"max_hp_loss":0.0,"gold_gain":75.0,"event_name":"World of Goop","player_choice":"Gather Gold","floor":5.0,"gold_loss":0.0,"damage_taken":11.0},{"cards_removed":["Defend_G"],"damage_healed":0.0,"max_hp_gain":0.0,"max_hp_loss":0.0,"gold_gain":0.0,"event_name":"Beggar","player_choice":"Gave Gold","floor":20.0,"gold_loss":75.0,"damage_taken":0.0},{"damage_healed":0.0,"max_hp_gain":0.0,"max_hp_loss":0.0,"gold_gain":0.0,"event_name":"Colosseum","player_choice":"Fight","floor":25.0,"gold_loss":0.0,"damage_taken":0.0},{"damage_healed":0.0,"max_hp_gain":0.0,"max_hp_loss":0.0,"gold_gain":0.0,"event_name":"Colosseum","player_choice":"Fought Nobs","floor":25.0,"gold_loss":0.0,"damage_taken":0.0},{"damage_healed":0.0,"max_hp_gain":0.0,"max_hp_loss":0.0,"gold_gain":0.0,"event_name":"Vampires","player_choice":"Ignored","floor":28.0,"gold_loss":0.0,"damage_taken":0.0},{"damage_healed":0.0,"max_hp_gain":0.0,"max_hp_loss":0.0,"gold_gain":0.0,"event_name":"Ghosts","player_choice":"Ignored","floor":31.0,"gold_loss":0.0,"damage_taken":0.0},{"damage_healed":0.0,"max_hp_gain":0.0,"max_hp_loss":0.0,"gold_gain":0.0,"event_name":"MindBloom","player_choice":"Fight","floor":37.0,"gold_loss":0.0,"damage_taken":0.0},{"damage_healed":0.0,"max_hp_gain":0.0,"max_hp_loss":0.0,"gold_gain":0.0,"event_name":"WeMeetAgain","player_choice":"Paid Gold","floor":38.0,"gold_loss":85.0,"damage_taken":0.0,"relics_obtained":["Art of War"]},{"damage_healed":0.0,"max_hp_gain":0.0,"max_hp_loss":0.0,"gold_gain":0.0,"event_name":"Winding Halls","player_choice":"Embrace Madness","floor":39.0,"gold_loss":0.0,"damage_taken":12.0,"cards_obtained":["Madness","Madness"]},{"damage_healed":0.0,"max_hp_gain":0.0,"max_hp_loss":0.0,"gold_gain":0.0,"event_name":"SensoryStone","player_choice":"Memory 1","floor":47.0,"gold_loss":0.0,"damage_taken":0.0}],"is_beta":false,"boss_relics":[{"not_picked":["Cursed Key","Black Star"],"picked":"Fusion Hammer"},{"not_picked":["Eternal Feather","Runic Pyramid"],"picked":"Velvet Choker"}],"items_purged_floors":[7,13],"is_endless":false,"potions_floor_spawned":[1,12,14,16,18,22,25,29,37,42,46],"killed_by":"Donu and Deca","ascension_level":20}