{"gold_per_floor":[116,116,129,129,129,167,167,167,194,235,45,70,70,84,84,215,215,240,240,38,63,76,76,76],"floor_reached":24,"playtime":1336,"items_purged":["Injury"],"score":278,"play_id":"29b81571-10d8-47e9-af5a-bcf3b71e2b6e","local_time":"20190120215504","is_ascension_mode":true,"campfire_choices":[{"data":"Zap","floor":7.0,"key":"SMITH"},{"floor":15,"key":"REST"},{"data":"Chill","floor":23,"key":"SMITH"}],"neow_cost":"NONE","seed_source_timestamp":0,"circlet_count":0,"master_deck":["Strike_B","Strike_B","Strike_B","Defend_B","Defend_B","Defend_B","Defend_B","Zap+1","Dualcast","Blizzard","Cold Snap","Doom and Gloom","Ball Lightning","Ball Lightning","Chill+1","Hyperbeam","All For One","Auto Shields","All For One","Go for the Eyes","Seek","Leap+1"],"special_seed":0,"relics":["Cracked Core","Golden Idol","Regal Pillow","Anchor","Oddly Smooth Stone","Runic Capacitor","Cursed Key"],"potions_floor_usage":[10,12,21],"damage_taken":[{"damage":2.0,"enemies":"Jaw Worm","floor":1.0,"turns":4.0},{"damage":1.0,"enemies":"Cultist","floor":3.0,"turns":4.0},{"damage":26.0,"enemies":"3 Sentries","floor":6.0,"turns":5.0},{"damage":0.0,"enemies":"2 Louse","floor":8.0,"turns":2.0},{"damage":28,"enemies":"Lagavulin","floor":10,"turns":4},{"damage":6,"enemies":"Blue Slaver","floor":12,"turns":3},{"damage":0,"enemies":"Red Slaver","floor":14,"turns":3},{"damage":31,"enemies":"The Guardian","floor":16,"turns":9},{"damage":12,"enemies":"Shell Parasite","floor":18,"turns":7},{"damage":4,"enemies":"2 Thieves","floor":21,"turns":3},{"damage":18,"enemies":"Snake Plant","floor":22,"turns":3},{"damage":49,"enemies":"Slavers","floor":24,"turns":4}],"seed_played":"-4014740457754290562","potions_obtained":[{"floor":1.0,"key":"FearPotion"},{"floor":10,"key":"Fruit Juice"},{"floor":12,"key":"Block Potion"}],"is_trial":false,"path_per_floor":["M","?","M","?","?","E","R","M","T","E","$","M","$","M","R","B",null,"M","?","$","M","M","R","E"],"character_chosen":"DEFECT","items_purchased":["Runic Capacitor","Go for the Eyes","Seek"],"campfire_rested":1,"item_purchase_floors":[11,20,20],"current_hp_per_floor":[66,66,65,65,70,44,44,44,44,16,16,15,15,15,55,24,70,58,58,58,54,36,36,0],"gold":76,"neow_bonus":"THREE_CARDS","is_prod":false,"is_daily":false,"chose_seed":false,"campfire_upgraded":2,"win_rate":0,"timestamp":1548039304,"path_taken":["M","?","?","?","?","E","R","M","T","E","$","M","$","M","R","BOSS","M","?","$","M","?","R","E"],"build_version":"2019-01-17v2","purchased_purges":1,"victory":false,"max_hp_per_floor":[75,75,75,75,80,80,80,80,80,80,80,85,85,85,85,85,85,85,85,85,85,85,85,85],"card_choices":[{"not_picked":["Lockon","Gash"],"picked":"Blizzard","floor":0.0},{"not_picked":["Steam","Go for the Eyes"],"picked":"Cold Snap","floor":1.0},{"not_picked":["Aggregate","Undo"],"picked":"Ball Lightning","floor":3.0},{"not_picked":["Force Field","Skim"],"picked":"Ball Lightning","floor":6.0},{"not_picked":["Beam Cell","Turbo","Steam"],"picked":"SKIP","floor":8.0},{"not_picked":["Sweeping Beam","Steam"],"picked":"Chill","floor":10},{"not_picked":["Sweeping Beam","Lockon","Recycle"],"picked":"SKIP","floor":12},{"not_picked":["Beam Cell","Redo"],"picked":"Hyperbeam","floor":14},{"not_picked":["Multi-Cast","Seek"],"picked":"All For One","floor":16},{"not_picked":["Redo","Glacier"],"picked":"Auto Shields","floor":18},{"not_picked":["Force Field","Rebound","Capacitor"],"picked":"SKIP","floor":21},{"not_picked":["Coolheaded","Rebound"],"picked":"Leap+1","floor":22}],"player_experience":203321,"relics_obtained":[{"floor":6.0,"key":"Regal Pillow"},{"floor":9,"key":"Anchor"},{"floor":10,"key":"Oddly Smooth Stone"}],"event_choices":[{"damage_healed":0.0,"max_hp_gain":0.0,"max_hp_loss":0.0,"gold_gain":0.0,"cards_transformed":["Strike_B"],"event_name":"Transmorgrifier","player_choice":"Transformed","floor":2.0,"gold_loss":0.0,"damage_taken":0.0,"cards_obtained":["Doom and Gloom"]},{"damage_healed":0.0,"max_hp_gain":0.0,"max_hp_loss":0.0,"gold_gain":0.0,"event_name":"Golden Idol","player_choice":"Take Wound","floor":4.0,"gold_loss":0.0,"damage_taken":0.0,"relics_obtained":["Golden Idol"],"cards_obtained":["Injury"]},{"damage_healed":0.0,"max_hp_gain":5.0,"max_hp_loss":0.0,"gold_gain":0.0,"event_name":"Big Fish","player_choice":"Donut","floor":5.0,"gold_loss":0.0,"damage_taken":0.0},{"damage_healed":0,"gold_gain":0,"player_choice":"Copied","damage_taken":0,"max_hp_gain":0,"max_hp_loss":0,"event_name":"Duplicator","floor":19,"gold_loss":0,"cards_obtained":["All For One"]}],"is_beta":false,"boss_relics":[{"not_picked":["Busted Crown","Lizard Tail"],"picked":"Cursed Key"}],"items_purged_floors":[20],"is_endless":false,"potions_floor_spawned":[1,8,10,12],"killed_by":"Slavers","ascension_level":7}