{"path_per_floor":["M","M","M","M","?","$","E","?","T","M","M","M","R","M","R","B",null,"M","?","$","?","M","R","M"],"character_chosen":"THE_SILENT","items_purchased":["Skewer","Paper Crane"],"gold_per_floor":[114,133,152,164,164,130,158,158,182,195,206,218,218,236,236,337,337,355,355,93,93,103,103,115],"floor_reached":25,"campfire_rested":3,"playtime":1982,"current_hp_per_floor":[70,69,66,61,61,61,33,38,38,35,33,29,51,51,73,54,75,55,55,55,41,20,44,32],"items_purged":[],"gold":115,"score":207,"play_id":"32eb94d4-ab85-49ba-bcf6-903c8d2cd463","is_prod":false,"is_daily":false,"is_ascension_mode":false,"campfire_upgraded":0,"path_taken":["M","?","M","?","?","$","E","?","T","?","M","M","R","M","R","BOSS","M","?","$","?","?","R","M","M"],"build_version":"2018-02-15-PROD1","purchased_purges":1,"victory":false,"master_deck":["Defend_G","Defend_G","Defend_G","Defend_G","Strike_G","Strike_G","Strike_G+1","Survivor","Neutralize+1","Venomology+1","Dodge and Roll+1","All Out Attack+1","Crippling Poison","Backstab+1","Dash","Tactician","Skewer","Noxious Fumes","Accuracy","Accuracy","Cloak And Dagger","Endless Agony","Storm of Steel","Decay","Parasite","Doubt","Terror","Blade Dance","Quick Slash+1"],"max_hp_per_floor":[70,70,70,70,70,70,70,75,75,75,75,75,75,75,75,75,75,75,75,75,80,80,80,80],"relics":["Astrolabe","Shuriken","Whetstone","Calling Bell","Dodecahedron","Anchor","Lantern","Blood Vial","Paper Crane"],"card_choices":[{"not_picked":["Acrobatics","Deadly Poison"],"picked":"Crippling Poison"},{"not_picked":["Quick Slash","Backflip"],"picked":"Backstab"},{"not_picked":["Quick Slash","Dagger Throw"],"picked":"Dash"},{"not_picked":["Predator","Choke"],"picked":"Tactician"},{"not_picked":["Underhanded Strike","A Thousand Cuts"],"picked":"Noxious Fumes"},{"not_picked":["Slice","Bouncing Flask"],"picked":"Accuracy"},{"not_picked":["Riddle With Holes","Bane"],"picked":"Accuracy"},{"not_picked":["Slice","Terror"],"picked":"Cloak And Dagger"},{"not_picked":["Deadly Poison","Terror"],"picked":"Endless Agony"},{"not_picked":["Doppelganger","Burst"],"picked":"Storm of Steel"},{"not_picked":["Quick Slash","Dodge and Roll"],"picked":"Terror"},{"not_picked":["Crippling Poison","Deadly Poison"],"picked":"Blade Dance"},{"not_picked":["Expertise","Catalyst"],"picked":"Quick Slash"}],"player_experience":109989,"potions_floor_usage":[1,4,7,7,7,10,10,16,16,16,16,18,22,22,25,25],"damage_taken":[{"damage":0,"enemies":"Cultist","floor":1,"turns":4},{"damage":1,"enemies":"Small Slimes","floor":2,"turns":4},{"damage":3,"enemies":"2 Louse","floor":3,"turns":3},{"damage":5,"enemies":"2 Fungi Beasts","floor":4,"turns":3},{"damage":28,"enemies":"Gremlin Nob","floor":7,"turns":5},{"damage":3,"enemies":"Blue Slaver","floor":10,"turns":3},{"damage":2,"enemies":"3 Louse","floor":11,"turns":4},{"damage":4,"enemies":"2 Fungi Beasts","floor":12,"turns":3},{"damage":0,"enemies":"Exordium Wildlife","floor":14,"turns":4},{"damage":19,"enemies":"Hexaghost","floor":16,"turns":10},{"damage":20,"enemies":"2 Thieves","floor":18,"turns":3},{"damage":23,"enemies":"Spheric Guardian","floor":22,"turns":6},{"damage":14,"enemies":"Cultist and Chosen","floor":24,"turns":4},{"damage":39,"enemies":"Slaver and Parasite","floor":25,"turns":6}],"event_choices":[{"event_name":"Living Wall","player_choice":"Grow","floor":5,"damage_taken":0},{"event_name":"Big Fish","player_choice":"Donut","floor":8,"damage_taken":0},{"event_name":"The Mausoleum","player_choice":"Yes","floor":19,"damage_taken":0},{"event_name":"Forgotten Altar","player_choice":"Shed Blood","floor":21,"damage_taken":0}],"boss_relics":[{"not_picked":["Snecko Eye","Runic Dome"],"picked":"Calling Bell"}],"potions_floor_spawned":[4,11,12,14,16,24],"seed_played":"8829618859710817580","killed_by":"Slaver and Parasite","ascension_level":0,"is_trial":false}