{"gold_per_floor":[113,127,141,153,172,206,206,266,266,284,284,304,304,322,322,322],"floor_reached":16,"playtime":799,"items_purged":[],"score":232,"play_id":"b86fe986-d24d-4c67-b839-115a496dedfe","local_time":"20181026001646","is_ascension_mode":true,"campfire_choices":[{"floor":7.0,"key":"REST"},{"floor":11.0,"key":"REST"},{"data":"Dagger Spray","floor":13.0,"key":"SMITH"},{"data":"Deadly Poison","floor":15.0,"key":"SMITH"}],"neow_cost":"NONE","seed_source_timestamp":1396493723325058,"circlet_count":0,"master_deck":["Defend_G","Defend_G","Defend_G","Defend_G","Defend_G","Strike_G","Strike_G","Strike_G","Strike_G","Strike_G","Survivor","Neutralize","AscendersBane","Panacea","Endless Agony","Backstab","Dagger Throw","Deadly Poison+1","Dagger Spray+1","Deflect","Flying Knee","Dodge and Roll","Quick Slash"],"special_seed":0,"relics":["Ring of the Snake","Ancient Tea Set","Tiny Chest","Regal Pillow"],"potions_floor_usage":[16],"damage_taken":[{"damage":10.0,"enemies":"Cultist","floor":1.0,"turns":5.0},{"damage":0.0,"enemies":"Jaw Worm","floor":2.0,"turns":5.0},{"damage":0.0,"enemies":"Small Slimes","floor":3.0,"turns":3.0},{"damage":11.0,"enemies":"Exordium Thugs","floor":4.0,"turns":8.0},{"damage":0.0,"enemies":"2 Fungi Beasts","floor":5.0,"turns":3.0},{"damage":29.0,"enemies":"Lagavulin","floor":6.0,"turns":6.0},{"damage":20.0,"enemies":"3 Sentries","floor":8.0,"turns":10.0},{"damage":4.0,"enemies":"3 Louse","floor":10.0,"turns":3.0},{"damage":6.0,"enemies":"Large Slime","floor":12.0,"turns":7.0},{"damage":1.0,"enemies":"Lots of Slimes","floor":14.0,"turns":3.0},{"damage":32,"enemies":"Slime Boss","floor":16,"turns":7}],"seed_played":"6501650053482914727","potions_obtained":[{"floor":2.0,"key":"Ancient Potion"},{"floor":4.0,"key":"AttackPotion"},{"floor":5.0,"key":"Fire Potion"},{"floor":14.0,"key":"FearPotion"}],"is_trial":false,"path_per_floor":["M","M","M","M","M","E","R","E","T","M","R","M","R","M","R"],"character_chosen":"THE_SILENT","items_purchased":[],"campfire_rested":2,"item_purchase_floors":[],"current_hp_per_floor":[49,49,49,38,38,9,28,8,8,4,38,32,32,31,31,0],"gold":322,"neow_bonus":"RANDOM_COLORLESS","is_prod":false,"is_daily":false,"chose_seed":false,"campfire_upgraded":2,"win_rate":0,"timestamp":1540527406,"path_taken":["M","M","M","M","M","E","R","E","T","?","R","M","R","M","R","BOSS"],"build_version":"2018-10-25","purchased_purges":0,"victory":false,"max_hp_per_floor":[66,66,66,66,66,66,66,66,66,66,66,66,66,66,66,66],"card_choices":[{"not_picked":["Calculated Gamble","Prepared"],"picked":"Endless Agony","floor":1.0},{"not_picked":["Skewer","Bane"],"picked":"Backstab","floor":2.0},{"not_picked":["Bane","Flying Knee"],"picked":"Dagger Throw","floor":3.0},{"not_picked":["Outmaneuver","Blade Dance"],"picked":"Deadly Poison","floor":4.0},{"not_picked":["Outmaneuver","Calculated Gamble","Prepared"],"picked":"SKIP","floor":5.0},{"not_picked":["Underhanded Strike","Bane"],"picked":"Dagger Spray","floor":6.0},{"not_picked":["Dagger Throw","Reflex"],"picked":"Deflect","floor":8.0},{"not_picked":["Outmaneuver","Setup"],"picked":"Flying Knee","floor":10.0},{"not_picked":["Bane","Acrobatics"],"picked":"Dodge and Roll","floor":12.0},{"not_picked":["Flying Knee","Slice"],"picked":"Quick Slash","floor":14.0}],"player_experience":825005,"relics_obtained":[{"floor":6.0,"key":"Ancient Tea Set"},{"floor":8.0,"key":"Tiny Chest"},{"floor":9.0,"key":"Regal Pillow"}],"event_choices":[],"is_beta":false,"boss_relics":[],"items_purged_floors":[],"is_endless":false,"potions_floor_spawned":[2,4,5,14],"killed_by":"Slime Boss","ascension_level":20}