{"gold_per_floor":[118,118,118,137,37,66,66,97,97,422,37,37,48,48,48,146,146,165,176,176,29,40,67,67,94,119,119,129,154,69,168,168,273,273,286,304,320,340,310,310,344,360,360,360,320,320,351,371,371,371,371,371,5,35,35],"floor_reached":56,"playtime":3089,"items_purged":["Regret"],"score":2142,"play_id":"d53d1090-c538-420f-b67a-94eb265a38b7","local_time":"20190219124642","is_ascension_mode":true,"campfire_choices":[{"floor":12,"key":"REST"},{"data":"Zap","floor":15,"key":"SMITH"},{"data":"Echo Form","floor":24,"key":"SMITH"},{"data":"Buffer","floor":32,"key":"SMITH"},{"data":"Buffer","floor":40,"key":"SMITH"},{"data":"Defragment","floor":44,"key":"SMITH"},{"data":"Rainbow","floor":46,"key":"SMITH"},{"floor":49,"key":"RECALL"},{"data":"Redo","floor":52,"key":"SMITH"}],"neow_cost":"TEN_PERCENT_HP_LOSS","seed_source_timestamp":560461791769710,"circlet_count":0,"master_deck":["AscendersBane","Zap+1","Dualcast","Compile Driver","Machine Learning","Steam","Seek","Go for the Eyes","Steam","Conserve Battery","Turbo","All For One","Darkness+1","Storm","Hologram","Buffer+1","Rainbow+1","Redo+1","Conserve Battery","Glacier","Conserve Battery","Hologram","Hello World","Echo Form+1","Biased Cognition","Static Discharge","Buffer+1","Self Repair+1","Capacitor+1","Conserve Battery","Go for the Eyes","Doom and Gloom","White Noise+1","Defragment+1","Chill","Redo+1","Core Surge","Storm","Defragment","White Noise+1"],"relics":["Cracked Core","Shuriken","DataDisk","Bottled Lightning","FossilizedHelix","The Courier","Old Coin","Singing Bowl","Cables","Pandora\u0027s Box","PreservedInsect","Mummified Hand","Mercury Hourglass","Potion Belt","Enchiridion","Letter Opener","Bag of Preparation","White Beast Statue","Oddly Smooth Stone","Sundial","Dodecahedron","Blue Candle"],"potions_floor_usage":[6,10,10,16,28,38,41,50,50,50,55,55],"damage_taken":[{"damage":0,"enemies":"2 Louse","floor":1,"turns":2},{"damage":12,"enemies":"Small Slimes","floor":4,"turns":4},{"damage":16,"enemies":"Lagavulin","floor":6,"turns":8},{"damage":26,"enemies":"3 Sentries","floor":8,"turns":9},{"damage":0,"enemies":"Lagavulin","floor":10,"turns":5},{"damage":0,"enemies":"Jaw Worm","floor":13,"turns":4},{"damage":8,"enemies":"The Guardian","floor":16,"turns":9},{"damage":0,"enemies":"3 Byrds","floor":18,"turns":5},{"damage":0,"enemies":"Shell Parasite","floor":19,"turns":4},{"damage":0,"enemies":"Snecko","floor":22,"turns":5},{"damage":0,"enemies":"Gremlin Leader","floor":23,"turns":7},{"damage":1,"enemies":"Book of Stabbing","floor":25,"turns":4},{"damage":0,"enemies":"Shelled Parasite and Fungi","floor":28,"turns":4},{"damage":0,"enemies":"Slavers","floor":29,"turns":3},{"damage":15,"enemies":"Collector","floor":33,"turns":8},{"damage":0,"enemies":"3 Darklings","floor":35,"turns":4},{"damage":0,"enemies":"Orb Walker","floor":36,"turns":3},{"damage":0,"enemies":"4 Shapes","floor":37,"turns":4},{"damage":0,"enemies":"Spire Growth","floor":38,"turns":3},{"damage":6,"enemies":"Nemesis","floor":41,"turns":5},{"damage":0,"enemies":"Sphere and 2 Shapes","floor":42,"turns":3},{"damage":0,"enemies":"Giant Head","floor":47,"turns":7},{"damage":0,"enemies":"4 Shapes","floor":48,"turns":4},{"damage":0,"enemies":"Awakened One","floor":50,"turns":8},{"damage":32,"enemies":"Shield and Spear","floor":54,"turns":6},{"damage":62,"enemies":"The Heart","floor":55,"turns":6}],"seed_played":"-8024962859693725015","potions_obtained":[{"floor":4,"key":"Fire Potion"},{"floor":6,"key":"FocusPotion"},{"floor":8,"key":"Strength Potion"},{"floor":13,"key":"Weak Potion"},{"floor":16,"key":"Ancient Potion"},{"floor":18,"key":"Fire Potion"},{"floor":35,"key":"Energy Potion"},{"floor":36,"key":"Fruit Juice"},{"floor":37,"key":"PowerPotion"},{"floor":38,"key":"FocusPotion"},{"floor":41,"key":"Weak Potion"},{"floor":47,"key":"FocusPotion"},{"floor":48,"key":"FocusPotion"},{"floor":54,"key":"Dexterity Potion"}],"is_trial":false,"path_per_floor":["M","?","?","M","$","E","T","E","T","E","$","R","M","T","R","B",null,"M","M","?","$","M","E","R","E","T","?","M","E","?","?","R","B",null,"M","M","M","M","$","R","E","M","T","R","?","R","E","M","R","B",null,"R","$","E","B",null],"character_chosen":"DEFECT","items_purchased":["Steam","Singing Bowl","Regen Potion","Darkness","Storm","PreservedInsect","Hello World","Doom and Gloom","Dodecahedron","Core Surge","Storm","Defragment"],"campfire_rested":1,"item_purchase_floors":[5,11,11,11,11,21,21,39,53,53,53,53],"current_hp_per_floor":[68,68,68,56,56,40,40,14,14,14,14,34,34,34,34,26,58,58,58,58,58,60,60,60,61,61,45,54,54,54,54,54,39,64,64,72,72,77,77,77,77,77,77,77,77,77,77,77,77,77,77,77,77,65,3],"gold":35,"neow_bonus":"TRANSFORM_TWO_CARDS","is_prod":false,"is_daily":false,"chose_seed":false,"campfire_upgraded":7,"win_rate":0,"timestamp":1550598402,"path_taken":["M","?","?","M","$","E","?","E","T","E","$","R","M","?","R","BOSS","M","M","?","$","M","E","R","E","T","?","M","E","?","?","R","BOSS","M","M","M","M","$","R","E","M","T","R","?","R","E","?","R","BOSS","R","$","E","BOSS"],"build_version":"2019-01-23","purchased_purges":1,"victory":true,"max_hp_per_floor":[68,68,68,68,68,68,68,68,68,68,68,68,68,68,68,68,68,68,68,68,68,70,70,70,72,72,72,72,72,72,72,72,72,72,72,72,72,77,77,77,77,77,77,77,77,77,77,77,77,77,77,77,77,77,77],"card_choices":[{"not_picked":["Rebound","Hologram"],"picked":"Steam","floor":1},{"not_picked":["Barrage","Steam Power"],"picked":"Go for the Eyes","floor":4},{"not_picked":["Leap","Tempest"],"picked":"Conserve Battery","floor":6},{"not_picked":["Coolheaded","Tempest"],"picked":"Turbo","floor":8},{"not_picked":["Genetic Algorithm","Hologram"],"picked":"All For One","floor":10},{"not_picked":["Go for the Eyes","Sweeping Beam"],"picked":"Hologram","floor":13},{"not_picked":["Fission","Machine Learning"],"picked":"Buffer","floor":16},{"not_picked":["Gash","Leap+1"],"picked":"Conserve Battery","floor":18},{"not_picked":["Barrage+1","Tempest"],"picked":"Hologram","floor":19},{"not_picked":["Stack","Redo","Hologram"],"picked":"Singing Bowl","floor":22},{"not_picked":["Conserve Battery","Ball Lightning+1"],"picked":"Echo Form","floor":23},{"not_picked":["Beam Cell","Aggregate","Recycle"],"picked":"Singing Bowl","floor":25},{"not_picked":["Cold Snap","Auto Shields"],"picked":"Biased Cognition","floor":28},{"not_picked":["Gash","Stack"],"picked":"Static Discharge","floor":29},{"not_picked":["All For One","Biased Cognition"],"picked":"Buffer","floor":33},{"not_picked":["Gash+1","Stack+1"],"picked":"Self Repair+1","floor":35},{"not_picked":["Sunder+1","Turbo"],"picked":"Capacitor+1","floor":36},{"not_picked":["Barrage+1","Undo"],"picked":"Conserve Battery","floor":37},{"not_picked":["Recycle","Tempest"],"picked":"Go for the Eyes","floor":38},{"not_picked":["Fusion+1","Undo+1"],"picked":"White Noise+1","floor":41},{"not_picked":["Hologram+1","Barrage+1"],"picked":"Defragment","floor":42},{"not_picked":["Self Repair","Rebound"],"picked":"Chill","floor":47},{"not_picked":["Cold Snap","Streamline"],"picked":"Redo+1","floor":48},{"not_picked":["Genetic Algorithm+1","Glacier+1"],"picked":"White Noise+1","floor":54}],"player_experience":313491,"relics_obtained":[{"floor":6,"key":"DataDisk"},{"floor":7,"key":"Bottled Lightning"},{"floor":8,"key":"FossilizedHelix"},{"floor":9,"key":"The Courier"},{"floor":10,"key":"Old Coin"},{"floor":14,"key":"Cables"},{"floor":23,"key":"Mummified Hand"},{"floor":25,"key":"Mercury Hourglass"},{"floor":26,"key":"Potion Belt"},{"floor":27,"key":"Enchiridion"},{"floor":29,"key":"Letter Opener"},{"floor":41,"key":"Oddly Smooth Stone"},{"floor":47,"key":"Sundial"},{"floor":54,"key":"Blue Candle"}],"event_choices":[{"damage_healed":0,"gold_gain":0,"player_choice":"Box","damage_taken":0,"relics_obtained":["Shuriken"],"max_hp_gain":0,"max_hp_loss":0,"event_name":"Big Fish","floor":2,"gold_loss":0,"cards_obtained":["Regret"]},{"damage_healed":0,"gold_gain":0,"cards_transformed":["Strike_B"],"player_choice":"Change","damage_taken":0,"max_hp_gain":0,"max_hp_loss":0,"event_name":"Living Wall","floor":3,"gold_loss":0,"cards_obtained":["Seek"]},{"cards_removed":["Tempest"],"damage_healed":0,"gold_gain":0,"player_choice":"Elegance","damage_taken":0,"max_hp_gain":0,"max_hp_loss":0,"event_name":"Back to Basics","floor":20,"gold_loss":0},{"damage_healed":0,"gold_gain":0,"player_choice":"Obtained Book","damage_taken":16,"max_hp_gain":0,"max_hp_loss":0,"event_name":"Cursed Tome","floor":27,"gold_loss":0},{"damage_healed":0,"gold_gain":0,"player_choice":"Obtained Relic","damage_taken":0,"relics_obtained":["Bag of Preparation"],"max_hp_gain":0,"max_hp_loss":0,"event_name":"Addict","floor":30,"gold_loss":85},{"damage_healed":0,"gold_gain":99,"player_choice":"Stole From Cult","damage_taken":0,"max_hp_gain":0,"max_hp_loss":0,"event_name":"Nest","floor":31,"gold_loss":0},{"damage_healed":0,"gold_gain":0,"player_choice":"Upgrade","damage_taken":0,"max_hp_gain":0,"max_hp_loss":0,"event_name":"Designer","floor":45,"gold_loss":40,"cards_upgraded":["Darkness"]}],"is_beta":false,"boss_relics":[{"not_picked":["Ectoplasm","Snecko Eye"],"picked":"Pandora\u0027s Box"},{"not_picked":["Sozu","Inserter"],"picked":"White Beast Statue"}],"items_purged_floors":[5],"is_endless":false,"potions_floor_spawned":[4,6,8,13,16,18,19,35,36,37,38,41,42,47,48,54],"ascension_level":11}