{"gold_per_floor":[112,131,147,158,158,183,198,198,198,224,224,241,71,90,90,185,185,199,42,42,0,12,12,24,24,24,35,64,64],"floor_reached":29,"playtime":1288,"items_purged":["Strike_B"],"score":436,"play_id":"dd5fb1a5-1f2b-41aa-be62-bd0c5e27ae70","local_time":"20180707132203","is_ascension_mode":true,"campfire_choices":[{"floor":8.0,"key":"REST"},{"data":"Recycle","floor":11.0,"key":"SMITH"},{"data":"Rip and Tear","floor":15.0,"key":"SMITH"},{"data":"Buffer","floor":23,"key":"SMITH"},{"data":"Defragment","floor":25,"key":"SMITH"}],"neow_cost":"NONE","seed_source_timestamp":0,"circlet_count":0,"master_deck":["Defend_B","Defend_B","Defend_B","Defend_B","Zap","Dualcast","AscendersBane","Sweeping Beam","Rip and Tear+1","FTL","Go for the Eyes","Seek","Defragment+1","Recycle+1","Ball Lightning","Bandage Up","Force Field","Buffer+1","Static Discharge+1","Bite","Bite","Bite","Bite","Bite","Conserve Battery","Coolheaded","Leap+1"],"special_seed":0,"relics":["Black Star","Oddly Smooth Stone","Bottled Flame","Pantograph","Question Card","Coffee Dripper","Orichalcum","Shovel","Toxic Egg 2","Pear"],"potions_floor_usage":[18,28,28],"damage_taken":[{"damage":3.0,"enemies":"2 Louse","floor":1.0,"turns":3.0},{"damage":4.0,"enemies":"Jaw Worm","floor":2.0,"turns":4.0},{"damage":0.0,"enemies":"Small Slimes","floor":3.0,"turns":2.0},{"damage":11.0,"enemies":"Blue Slaver","floor":4.0,"turns":3.0},{"damage":17.0,"enemies":"Lagavulin","floor":6.0,"turns":6.0},{"damage":7.0,"enemies":"Looter","floor":7.0,"turns":3.0},{"damage":21.0,"enemies":"Gremlin Nob","floor":10.0,"turns":4.0},{"damage":10.0,"enemies":"Exordium Wildlife","floor":12.0,"turns":3.0},{"damage":16.0,"enemies":"Exordium Thugs","floor":14.0,"turns":4.0},{"damage":38.0,"enemies":"Hexaghost","floor":16.0,"turns":9.0},{"damage":18,"enemies":"Chosen","floor":18,"turns":5},{"damage":18,"enemies":"Spheric Guardian","floor":22,"turns":4},{"damage":18,"enemies":"Cultist and Chosen","floor":24,"turns":7},{"damage":12,"enemies":"Snake Plant","floor":27,"turns":4},{"damage":46,"enemies":"Gremlin Leader","floor":28,"turns":7},{"damage":37,"enemies":"Slaver and Parasite","floor":29,"turns":5}],"seed_played":"-8857998782582340034","potions_obtained":[{"floor":3.0,"key":"Fruit Juice"},{"floor":4.0,"key":"Dexterity Potion"},{"floor":7.0,"key":"Dexterity Potion"},{"floor":14.0,"key":"Fire Potion"},{"floor":16.0,"key":"SkillPotion"},{"floor":18,"key":"Weak Potion"},{"floor":22,"key":"SteroidPotion"}],"is_trial":false,"path_per_floor":["M","M","M","M","?","E","M","R","T","E","R","M","$","M","R","B",null,"M","$","?","?","M","R","M","R","T","M","E"],"character_chosen":"DEFECT","items_purchased":["Bandage Up","Orichalcum"],"campfire_rested":1,"item_purchase_floors":[13,19],"current_hp_per_floor":[65,61,61,55,48,31,26,50,50,31,31,23,23,13,13,6,62,50,50,50,50,44,44,40,40,40,40,20,0],"gold":64,"neow_bonus":"BOSS_RELIC","is_prod":false,"is_daily":false,"chose_seed":false,"campfire_upgraded":4,"win_rate":0,"timestamp":1530984123,"path_taken":["M","M","M","M","?","E","M","R","T","E","R","M","$","M","R","BOSS","M","$","?","?","?","R","M","R","T","M","E","?"],"build_version":"2018-07-05","purchased_purges":1,"victory":false,"max_hp_per_floor":[75,75,75,80,80,80,80,80,80,80,80,80,80,80,80,80,80,80,80,80,80,80,80,80,80,80,80,90,90],"card_choices":[{"not_picked":["Turbo","Compile Driver"],"picked":"Sweeping Beam","floor":1.0},{"not_picked":["Streamline","Turbo"],"picked":"Rip and Tear","floor":2.0},{"not_picked":["Double Energy","Hologram"],"picked":"FTL","floor":3.0},{"not_picked":["Genetic Algorithm","Consume"],"picked":"Go for the Eyes","floor":4.0},{"not_picked":["Redo","Sweeping Beam"],"picked":"Seek","floor":6.0},{"not_picked":["Recycle","Blizzard"],"picked":"Defragment","floor":7.0},{"not_picked":["Static Discharge","Capacitor"],"picked":"Recycle","floor":10.0},{"not_picked":["Gash","Static Discharge","Recycle"],"picked":"Ball Lightning","floor":12.0},{"not_picked":["Rebound","Fusion","Compile Driver"],"picked":"Force Field","floor":14.0},{"not_picked":["Meteor Strike","Thunder Strike","Rainbow"],"picked":"Buffer","floor":16.0},{"not_picked":["Go for the Eyes","Barrage","Hologram"],"picked":"Static Discharge+1","floor":18},{"not_picked":["Chaos","Turbo+1","Beam Cell+1"],"picked":"Conserve Battery","floor":22},{"not_picked":["Gash","FTL","Redo+1","Reprogram+1"],"picked":"SKIP","floor":24},{"not_picked":["Conserve Battery","Reinforced Body","Stack"],"picked":"Coolheaded","floor":27},{"not_picked":["Beam Cell","BootSequence","Conserve Battery"],"picked":"Leap","floor":28}],"player_experience":394230,"relics_obtained":[{"floor":6.0,"key":"Oddly Smooth Stone"},{"floor":6.0,"key":"Blood Vial"},{"floor":9.0,"key":"Bottled Flame"},{"floor":10.0,"key":"Pantograph"},{"floor":10.0,"key":"Question Card"},{"floor":26,"key":"Shovel"},{"floor":28,"key":"Toxic Egg 2"},{"floor":28,"key":"Pear"}],"event_choices":[{"event_name":"Golden Wing","player_choice":"Card Removal","floor":5.0,"damage_taken":0.0},{"event_name":"Vampires","player_choice":"Became a vampire (Vial)","floor":20,"damage_taken":0},{"event_name":"Masked Bandits","player_choice":"Paid Bandits 42 gold","floor":21,"damage_taken":0}],"boss_relics":[{"not_picked":["Snecko Eye","Astrolabe"],"picked":"Coffee Dripper"}],"items_purged_floors":[13],"is_endless":false,"potions_floor_spawned":[3,4,7,14,16,18,22],"killed_by":"Slaver and Parasite","ascension_level":10}