{"path_per_floor":["M","M","$","M","M","R","M","E","T","M","M","?","R","M","R"],"character_chosen":"THE_SILENT","items_purchased":["Noxious Fumes"],"gold_per_floor":[113,127,56,72,91,91,107,138,138,158,169,169,169,188,188],"floor_reached":16,"campfire_rested":2,"playtime":603,"current_hp_per_floor":[56,56,56,56,55,55,52,7,7,9,11,11,32,24,45],"items_purged":[],"gold":188,"score":154,"play_id":"42c2709c-d888-48f0-9146-c8bb3f772874","is_prod":false,"is_daily":false,"is_ascension_mode":true,"campfire_upgraded":1,"path_taken":["M","M","$","M","M","R","M","E","T","M","M","?","R","M","R","BOSS"],"build_version":"2018-02-22-PROD2","purchased_purges":0,"victory":false,"master_deck":["Defend_G","Defend_G","Defend_G","Defend_G","Defend_G","Strike_G","Strike_G","Strike_G","Strike_G","Survivor","Neutralize","Cloak And Dagger","Dodge and Roll","Noxious Fumes+1","Cloak And Dagger","Quick Slash","Skewer","Bouncing Flask","PiercingWail","Deflect"],"max_hp_per_floor":[70,70,70,70,70,70,70,70,70,70,70,70,70,70,70],"relics":["Sozu","Blood Vial","Calipers"],"card_choices":[{"not_picked":["Riddle With Holes","Slice"],"picked":"Cloak And Dagger"},{"not_picked":["Deflect","PiercingWail"],"picked":"Dodge and Roll"},{"not_picked":["Sucker Punch","Quick Slash"],"picked":"Cloak And Dagger"},{"not_picked":["Infinite Blades","Deflect"],"picked":"Quick Slash"},{"not_picked":["Quick Slash","Endless Agony"],"picked":"Skewer"},{"not_picked":["Flying Knee","Endless Agony"],"picked":"Bouncing Flask"},{"not_picked":["Endless Agony","Choke"],"picked":"PiercingWail"},{"not_picked":["Skewer","Heel Hook"],"picked":"Deflect"}],"player_experience":241692,"potions_floor_usage":[],"damage_taken":[{"damage":7,"enemies":"Small Slimes","floor":1,"turns":5},{"damage":0,"enemies":"Cultist","floor":2,"turns":4},{"damage":0,"enemies":"Jaw Worm","floor":4,"turns":5},{"damage":1,"enemies":"Exordium Wildlife","floor":5,"turns":4},{"damage":3,"enemies":"Exordium Thugs","floor":7,"turns":6},{"damage":45,"enemies":"Gremlin Nob","floor":8,"turns":6},{"damage":0,"enemies":"Red Slaver","floor":10,"turns":4},{"damage":0,"enemies":"2 Fungi Beasts","floor":11,"turns":4},{"damage":10,"enemies":"Lots of Slimes","floor":14,"turns":4},{"damage":54,"enemies":"Slime Boss","floor":16,"turns":9}],"event_choices":[{"event_name":"Living Wall","player_choice":"Forget","floor":12,"damage_taken":0}],"boss_relics":[],"potions_floor_spawned":[1,5,11],"seed_played":"-5565642244817748882","killed_by":"Slime Boss","ascension_level":9,"is_trial":false}