{"gold_per_floor":[117,192,35,35,35,35,74,74,145,23,198,198,213,232,232,232],"floor_reached":16,"playtime":656,"items_purged":[],"score":96,"play_id":"ab6300d9-5bae-46ec-9533-79046d692a18","local_time":"20190523032918","is_ascension_mode":false,"campfire_choices":[{"floor":8,"key":"REST"},{"floor":15,"key":"REST"}],"neow_cost":"NONE","seed_source_timestamp":556357533126600,"circlet_count":0,"master_deck":["Defend_G","Defend_G","Defend_G","Defend_G","Strike_G","Strike_G","Strike_G","Strike_G","Strike_G","Survivor","Neutralize","Forethought","Distraction+1","Crippling Poison","Distraction","Caltrops","Doubt","Infinite Blades","Distraction"],"relics":["Ring of the Snake","Juzu Bracelet","Golden Idol","Strawberry","Kunai","Sundial"],"potions_floor_usage":[16,16],"damage_taken":[{"damage":2,"enemies":"Jaw Worm","floor":1,"turns":5},{"damage":55,"enemies":"3 Sentries","floor":7,"turns":14},{"damage":0,"enemies":"Cultist","floor":13,"turns":4},{"damage":2,"enemies":"Small Slimes","floor":14,"turns":5},{"damage":51,"enemies":"Slime Boss","floor":16,"turns":10}],"seed_played":"1440661474777126307","potions_obtained":[{"floor":7,"key":"Weak Potion"},{"floor":13,"key":"LiquidBronze"}],"is_trial":false,"path_per_floor":["M","?","$","?","?","?","E","R","T","$","?","T","M","M","R","B"],"character_chosen":"THE_SILENT","items_purchased":["Juzu Bracelet","Distraction","Caltrops"],"campfire_rested":2,"item_purchase_floors":[3,10,10],"current_hp_per_floor":[68,57,57,57,57,57,9,30,30,30,30,30,30,28,49,0],"gold":232,"neow_bonus":"RANDOM_COLORLESS","is_prod":false,"is_daily":false,"chose_seed":false,"campfire_upgraded":0,"win_rate":0,"timestamp":1558610958,"path_taken":["M","?","$","?","?","?","E","R","T","?","?","?","M","M","R","BOSS"],"build_version":"2019-01-23","purchased_purges":0,"victory":false,"max_hp_per_floor":[70,70,70,65,65,65,72,72,72,72,72,72,72,72,72,72],"card_choices":[{"not_picked":["Expertise","Choke"],"picked":"Distraction","floor":1},{"not_picked":["Infinite Blades","Blur"],"picked":"Crippling Poison","floor":7},{"not_picked":["Blade Dance","Acrobatics"],"picked":"Infinite Blades","floor":13},{"not_picked":["Dagger Spray","Escape Plan"],"picked":"Distraction","floor":14}],"player_experience":411089,"relics_obtained":[{"floor":7,"key":"Strawberry"},{"floor":9,"key":"Kunai"},{"floor":12,"key":"Sundial"}],"event_choices":[{"damage_healed":0,"gold_gain":75,"player_choice":"Gather Gold","damage_taken":11,"max_hp_gain":0,"max_hp_loss":0,"event_name":"World of Goop","floor":2,"gold_loss":0},{"damage_healed":0,"gold_gain":0,"player_choice":"Lose Max HP","damage_taken":0,"relics_obtained":["Golden Idol"],"max_hp_gain":0,"max_hp_loss":5,"event_name":"Golden Idol","floor":4,"gold_loss":0},{"damage_healed":0,"gold_gain":0,"player_choice":"Forge","damage_taken":0,"max_hp_gain":0,"max_hp_loss":0,"event_name":"Accursed Blacksmith","floor":5,"gold_loss":0,"cards_upgraded":["Distraction"]},{"cards_removed":["Defend_G"],"damage_healed":0,"gold_gain":0,"player_choice":"Offered Basic","damage_taken":0,"max_hp_gain":0,"max_hp_loss":0,"event_name":"Bonfire Elementals","floor":6,"gold_loss":0},{"damage_healed":0,"gold_gain":175,"player_choice":"AGREE","damage_taken":0,"max_hp_gain":0,"max_hp_loss":0,"event_name":"Liars Game","floor":11,"gold_loss":0,"cards_obtained":["Doubt"]}],"is_beta":false,"boss_relics":[],"items_purged_floors":[],"is_endless":false,"potions_floor_spawned":[7,13],"killed_by":"Slime Boss","ascension_level":0}