{"gold_per_floor":[111,111,261,275,275,275,307,322,346,380,380,392,392,405,405,480,480,492,502,68,68,86,86,86,86,135,135,6,16,16,42,42,118,118,138,138,153,153,169,169,202,202,202,202],"floor_reached":44,"playtime":2784,"items_purged":["Doubt","Shame"],"score":930,"play_id":"e097853f-ee8f-4cc7-a544-286f16339fa0","local_time":"20190522215638","is_ascension_mode":true,"campfire_choices":[{"floor":6.0,"key":"REST"},{"floor":11.0,"key":"REST"},{"floor":15.0,"key":"REST"},{"data":"Noxious Fumes","floor":23.0,"key":"SMITH"},{"floor":25,"key":"REST"},{"data":"Sucker Punch","floor":27,"key":"SMITH"},{"floor":32,"key":"REST"},{"floor":40,"key":"REST"},{"data":"Blade Dance","floor":42,"key":"SMITH"}],"neow_cost":"NONE","seed_source_timestamp":284297670584932,"circlet_count":0,"master_deck":["AscendersBane","Defend_G","Defend_G","Defend_G+1","Strike_G","Strike_G","Survivor","Neutralize+1","Sucker Punch+1","Flying Knee","Blur","Choke","Dagger Spray","Noxious Fumes+1","Adrenaline","Poisoned Stab","Envenom","Burst+1","Corpse Explosion+1","Cloak And Dagger","Infinite Blades","Heel Hook+1","Tactician","Blade Dance+1","Sucker Punch+1","Prepared","Die Die Die+1","Accuracy+1","Leg Sweep+1","Heel Hook+1","Reflex+1"],"special_seed":0,"relics":["Ring of the Snake","Blood Vial","Lantern","Centennial Puzzle","Regal Pillow","Blue Candle","Astrolabe","Molten Egg 2","Dodecahedron","Bag of Preparation","Pear","Philosopher\u0027s Stone","Toxic Egg 2","Strawberry"],"potions_floor_usage":[31,33,41],"damage_taken":[{"damage":7.0,"enemies":"Small Slimes","floor":1.0,"turns":5.0},{"damage":0.0,"enemies":"2 Louse","floor":4.0,"turns":3.0},{"damage":39.0,"enemies":"Lagavulin","floor":7.0,"turns":11.0},{"damage":0.0,"enemies":"Cultist","floor":8.0,"turns":3.0},{"damage":19.0,"enemies":"3 Sentries","floor":10.0,"turns":13.0},{"damage":8.0,"enemies":"Exordium Wildlife","floor":12.0,"turns":3.0},{"damage":12.0,"enemies":"Gremlin Gang","floor":14.0,"turns":3.0},{"damage":37.0,"enemies":"The Guardian","floor":16.0,"turns":11.0},{"damage":6.0,"enemies":"Spheric Guardian","floor":18.0,"turns":5.0},{"damage":1.0,"enemies":"3 Byrds","floor":19.0,"turns":2.0},{"damage":18.0,"enemies":"Centurion and Healer","floor":22.0,"turns":3.0},{"damage":28,"enemies":"Colosseum Slavers","floor":24,"turns":3},{"damage":7,"enemies":"3 Cultists","floor":29,"turns":3},{"damage":4,"enemies":"Book of Stabbing","floor":31,"turns":7},{"damage":62,"enemies":"Champ","floor":33,"turns":9},{"damage":0,"enemies":"Orb Walker","floor":35,"turns":2},{"damage":9,"enemies":"3 Shapes","floor":37,"turns":3},{"damage":33,"enemies":"Writhing Mass","floor":39,"turns":7},{"damage":38,"enemies":"Reptomancer","floor":41,"turns":5},{"damage":66,"enemies":"Maw","floor":44,"turns":7}],"seed_played":"-5604490662786689847","potions_obtained":[{"floor":4.0,"key":"SpeedPotion"},{"floor":8.0,"key":"GhostInAJar"},{"floor":22.0,"key":"EssenceOfSteel"},{"floor":29,"key":"PowerPotion"},{"floor":39,"key":"Swift Potion"}],"is_trial":false,"path_per_floor":["M","?","?","M","?","R","E","M","T","E","R","M","T","M","R","B",null,"M","M","$","?","M","R","?","R","T","R","$","M","$","E","R","B",null,"M","?","M","?","M","R","E","R","T","M"],"character_chosen":"THE_SILENT","items_purchased":["Molten Egg 2","Heel Hook+1","Blade Dance"],"campfire_rested":6,"item_purchase_floors":[20,20,28],"current_hp_per_floor":[54,34,34,36,36,55,18,20,20,3,37,31,31,21,55,20,55,51,52,52,52,36,36,10,44,44,44,44,39,39,47,76,14,61,63,86,77,77,46,86,48,48,55,0],"gold":202,"neow_bonus":"RANDOM_COMMON_RELIC","is_prod":false,"is_daily":false,"chose_seed":false,"campfire_upgraded":3,"win_rate":0,"timestamp":1558587398,"path_taken":["M","?","?","M","?","R","E","M","T","E","R","?","?","M","R","BOSS","M","?","$","?","M","R","?","R","T","R","$","M","?","E","R","BOSS","M","?","?","?","?","R","E","R","T","M"],"build_version":"2019-01-23","purchased_purges":2,"victory":false,"max_hp_per_floor":[66,66,66,66,66,66,66,66,66,66,66,66,66,66,66,66,66,66,66,66,66,66,66,66,66,66,66,66,66,66,76,76,76,76,76,86,86,86,86,86,86,86,93,93],"card_choices":[{"not_picked":["Dodge and Roll","Quick Slash"],"picked":"Sucker Punch","floor":1.0},{"not_picked":["Bane","Quick Slash"],"picked":"Flying Knee","floor":4.0},{"not_picked":["Leg Sweep","Setup"],"picked":"Choke","floor":7.0},{"not_picked":["Concentrate","Terror"],"picked":"Dagger Spray","floor":8.0},{"not_picked":["Deflect","Flechettes"],"picked":"Noxious Fumes","floor":10.0},{"not_picked":["Noxious Fumes","Skewer"],"picked":"Adrenaline","floor":12.0},{"not_picked":["Blade Dance","Predator"],"picked":"Poisoned Stab","floor":14.0},{"not_picked":["Unload","Venomology"],"picked":"Envenom","floor":16.0},{"not_picked":["Slice","Quick Slash"],"picked":"Cloak And Dagger","floor":18.0},{"not_picked":["Sucker Punch","Dodge and Roll"],"picked":"Infinite Blades","floor":19.0},{"not_picked":["Burst","Slice+1"],"picked":"Tactician","floor":22.0},{"not_picked":["Slice+1","Blade Dance"],"picked":"Sucker Punch+1","floor":29},{"not_picked":["Sucker Punch+1","Dagger Spray+1"],"picked":"Prepared","floor":31},{"not_picked":["Night Terror","Doppelganger"],"picked":"Die Die Die+1","floor":33},{"not_picked":["Poisoned Stab+1","Dagger Throw+1"],"picked":"Accuracy+1","floor":35},{"not_picked":["Deflect","Skewer+1"],"picked":"Leg Sweep+1","floor":37},{"not_picked":["Blade Dance","Dagger Spray+1"],"picked":"Heel Hook+1","floor":39},{"not_picked":["Dodge and Roll","Heel Hook+1"],"picked":"Reflex","floor":41}],"player_experience":671388,"relics_obtained":[{"floor":7.0,"key":"Lantern"},{"floor":9.0,"key":"Centennial Puzzle"},{"floor":10.0,"key":"Regal Pillow"},{"floor":13.0,"key":"Blue Candle"},{"floor":26,"key":"Bag of Preparation"},{"floor":31,"key":"Pear"},{"floor":41,"key":"Toxic Egg 2"},{"floor":43,"key":"Strawberry"}],"event_choices":[{"damage_healed":0.0,"max_hp_gain":0.0,"max_hp_loss":0.0,"gold_gain":0.0,"event_name":"Shining Light","player_choice":"Entered Light","floor":2.0,"gold_loss":0.0,"damage_taken":20.0,"cards_upgraded":["Neutralize","Defend_G"]},{"damage_healed":0.0,"max_hp_gain":0.0,"max_hp_loss":0.0,"gold_gain":150.0,"event_name":"Liars Game","player_choice":"AGREE","floor":3.0,"gold_loss":0.0,"damage_taken":0.0,"cards_obtained":["Doubt"]},{"damage_healed":0.0,"max_hp_gain":0.0,"max_hp_loss":0.0,"gold_gain":0.0,"cards_transformed":["Defend_G"],"event_name":"Transmorgrifier","player_choice":"Transformed","floor":5.0,"gold_loss":0.0,"damage_taken":0.0,"cards_obtained":["Blur"]},{"damage_healed":0.0,"max_hp_gain":0.0,"max_hp_loss":0.0,"gold_gain":0.0,"event_name":"Addict","player_choice":"Stole Relic","floor":21.0,"gold_loss":0.0,"damage_taken":0.0,"relics_obtained":["Dodecahedron"],"cards_obtained":["Shame"]},{"damage_healed":0,"gold_gain":0,"player_choice":"Fight","damage_taken":0,"max_hp_gain":0,"max_hp_loss":0,"event_name":"Colosseum","floor":24,"gold_loss":0},{"damage_healed":0,"gold_gain":0,"player_choice":"Fled From Nobs","damage_taken":0,"max_hp_gain":0,"max_hp_loss":0,"event_name":"Colosseum","floor":24,"gold_loss":0},{"cards_removed":["Wraith Form v2"],"damage_healed":13,"gold_gain":0,"player_choice":"Offered Rare","damage_taken":0,"max_hp_gain":10,"max_hp_loss":0,"event_name":"Bonfire Elementals","floor":36,"gold_loss":0},{"cards_removed":["Strike_G"],"damage_healed":0,"gold_gain":0,"player_choice":"Purged","damage_taken":0,"max_hp_gain":0,"max_hp_loss":0,"event_name":"Purifier","floor":38,"gold_loss":0}],"is_beta":false,"boss_relics":[{"not_picked":["Empty Cage","Lizard Tail"],"picked":"Astrolabe"},{"not_picked":["HoveringKite","Runic Pyramid"],"picked":"Philosopher\u0027s Stone"}],"items_purged_floors":[20,28],"is_endless":false,"potions_floor_spawned":[4,8,22,24,29,39],"killed_by":"Maw","ascension_level":17}