{"gold_per_floor":[109,17,17,31,31,66,86,113,113,142,155,174,174,191,191,292,292,308,320,320,23,23,23],"floor_reached":23,"playtime":1452,"items_purged":["Regret"],"score":317,"play_id":"fefeb390-1a6c-466d-81b0-5b185b0c3530","local_time":"20190226164012","is_ascension_mode":true,"campfire_choices":[{"floor":15,"key":"REST"}],"neow_cost":"NONE","seed_source_timestamp":1180944635898697,"circlet_count":0,"master_deck":["AscendersBane","Defend_G","Defend_G","Defend_G","Defend_G","Defend_G","Strike_G","Strike_G","Strike_G","Strike_G","Strike_G","Survivor","Neutralize","Poisoned Stab","Dagger Spray","PiercingWail+1","Well Laid Plans","Adrenaline+1","Cloak And Dagger+1","Footwork+1","PiercingWail+1","Dagger Spray+1","Noxious Fumes","Escape Plan+1","Corpse Explosion+1","Regret","Parasite","Distraction+1","Cloak And Dagger+1","Dash+1"],"relics":["Ring of the Snake","Toxic Egg 2","Molten Egg 2","Dream Catcher","The Courier","Blue Candle","Calling Bell","Bag of Preparation","Singing Bowl","Nunchaku","Gremlin Horn","Kunai"],"potions_floor_usage":[6,8,10,16,18,22,22],"damage_taken":[{"damage":0,"enemies":"Cultist","floor":1,"turns":5},{"damage":0,"enemies":"Small Slimes","floor":4,"turns":2},{"damage":34,"enemies":"3 Sentries","floor":6,"turns":9},{"damage":0,"enemies":"Jaw Worm","floor":7,"turns":4},{"damage":16,"enemies":"Lagavulin","floor":8,"turns":10},{"damage":10,"enemies":"3 Sentries","floor":10,"turns":6},{"damage":2,"enemies":"Exordium Wildlife","floor":11,"turns":5},{"damage":0,"enemies":"2 Fungi Beasts","floor":12,"turns":4},{"damage":0,"enemies":"Exordium Thugs","floor":14,"turns":4},{"damage":5,"enemies":"The Guardian","floor":16,"turns":13},{"damage":13,"enemies":"Spheric Guardian","floor":18,"turns":5},{"damage":20,"enemies":"Shell Parasite","floor":19,"turns":7},{"damage":1,"enemies":"Colosseum Slavers","floor":22,"turns":4},{"damage":35,"enemies":"Gremlin Leader","floor":23,"turns":7}],"seed_played":"-1613221555172225986","potions_obtained":[{"floor":0,"key":"SkillPotion"},{"floor":0,"key":"SneckoOil"},{"floor":0,"key":"Explosive Potion"},{"floor":4,"key":"Dexterity Potion"},{"floor":6,"key":"Ancient Potion"},{"floor":8,"key":"Dexterity Potion"},{"floor":10,"key":"Weak Potion"},{"floor":18,"key":"Energy Potion"}],"is_trial":false,"path_per_floor":["M","$","?","M","$","E","M","E","T","E","M","M","?","M","R","B",null,"M","M","?","$","?","E"],"character_chosen":"THE_SILENT","items_purchased":["Poisoned Stab","Dagger Spray","Kunai","Dash+1"],"campfire_rested":1,"item_purchase_floors":[2,2,21,21],"current_hp_per_floor":[63,63,63,63,63,29,29,13,13,3,1,1,1,1,22,17,57,44,24,24,24,23,0],"gold":23,"neow_bonus":"THREE_SMALL_POTIONS","is_prod":false,"is_daily":false,"chose_seed":false,"campfire_upgraded":0,"win_rate":0,"timestamp":1551217212,"path_taken":["M","$","?","?","$","E","M","E","T","E","?","M","?","?","R","BOSS","M","?","?","?","?","E"],"build_version":"2019-01-23","purchased_purges":1,"victory":false,"max_hp_per_floor":[70,70,70,70,70,70,70,70,70,70,70,70,70,70,70,70,70,70,70,70,70,70,70],"card_choices":[{"not_picked":["Outmaneuver","Blade Dance","Dodge and Roll"],"picked":"SKIP","floor":1},{"not_picked":["Dodge and Roll+1","Skewer"],"picked":"PiercingWail+1","floor":4},{"not_picked":["Caltrops","Deflect+1"],"picked":"Well Laid Plans","floor":6},{"not_picked":["PiercingWail+1","Dagger Throw+1"],"picked":"Adrenaline+1","floor":7},{"not_picked":["Footwork","Distraction+1"],"picked":"Cloak And Dagger+1","floor":8},{"not_picked":["Blade Dance+1","Bane+1"],"picked":"Footwork","floor":10},{"not_picked":["Quick Slash+1","Bane+1"],"picked":"PiercingWail+1","floor":11},{"not_picked":["Outmaneuver+1","Bane+1"],"picked":"Dagger Spray+1","floor":12},{"not_picked":["Flying Knee+1","Glass Knife+1"],"picked":"Noxious Fumes","floor":14},{"not_picked":["Dodge and Roll+1","Acrobatics+1"],"picked":"Escape Plan+1","floor":15},{"not_picked":["Die Die Die+1","Burst+1"],"picked":"Corpse Explosion+1","floor":16},{"not_picked":["Dodge and Roll+1","Poisoned Stab+1"],"picked":"Distraction+1","floor":18},{"not_picked":["Sucker Punch+1","Heel Hook+1"],"picked":"Cloak And Dagger+1","floor":19}],"player_experience":389429,"relics_obtained":[{"floor":6,"key":"Molten Egg 2"},{"floor":8,"key":"Dream Catcher"},{"floor":9,"key":"The Courier"},{"floor":10,"key":"Blue Candle"},{"floor":17,"key":"Bag of Preparation"},{"floor":17,"key":"Singing Bowl"},{"floor":17,"key":"Nunchaku"}],"event_choices":[{"damage_healed":0,"gold_gain":0,"player_choice":"Gave Potion","damage_taken":0,"relics_obtained":["Toxic Egg 2"],"max_hp_gain":0,"max_hp_loss":0,"event_name":"WeMeetAgain","floor":3,"gold_loss":0},{"damage_healed":0,"gold_gain":0,"player_choice":"Upgraded","damage_taken":0,"max_hp_gain":0,"max_hp_loss":0,"event_name":"Upgrade Shrine","floor":13,"gold_loss":0,"cards_upgraded":["Footwork"]},{"damage_healed":0,"gold_gain":0,"player_choice":"Opened","damage_taken":0,"relics_obtained":["Gremlin Horn"],"max_hp_gain":0,"max_hp_loss":0,"event_name":"The Mausoleum","floor":20,"gold_loss":0},{"damage_healed":0,"gold_gain":0,"player_choice":"Fight","damage_taken":0,"max_hp_gain":0,"max_hp_loss":0,"event_name":"Colosseum","floor":22,"gold_loss":0},{"damage_healed":0,"gold_gain":0,"player_choice":"Fled From Nobs","damage_taken":0,"max_hp_gain":0,"max_hp_loss":0,"event_name":"Colosseum","floor":22,"gold_loss":0}],"is_beta":false,"boss_relics":[{"not_picked":["Snecko Eye","White Beast Statue"],"picked":"Calling Bell"}],"items_purged_floors":[21],"is_endless":false,"potions_floor_spawned":[4,6,8,10,18,22],"killed_by":"Gremlin Leader","ascension_level":10}