{"gold_per_floor":[118,143,161,336,336,336,405,15,15,15,38,81,96,119,119,240,240,259,37,37,52,68,68],"floor_reached":23,"playtime":1082,"items_purged":[],"score":201,"play_id":"948dc621-1a54-49bd-8cc6-95a16ed25394","local_time":"20190523025456","is_ascension_mode":false,"campfire_choices":[{"data":"Masterful Stab","floor":6,"key":"SMITH"},{"data":"Distraction","floor":10,"key":"SMITH"},{"floor":15,"key":"REST"}],"neow_cost":"NONE","seed_source_timestamp":553869811992300,"circlet_count":0,"master_deck":["Defend_G","Defend_G","Defend_G","Defend_G+1","Defend_G","Strike_G","Strike_G","Strike_G","Strike_G","Strike_G","Survivor+1","Neutralize","Deadly Poison","Bane","Masterful Stab+1","Doubt","Injury","Distraction+1","Poisoned Stab","Distraction+1","Blade Dance+1","Bouncing Flask+1","Storm of Steel+1","Cloak And Dagger+1","Deadly Poison+1","Accuracy","Catalyst+1","Poisoned Stab"],"relics":["Ring of the Snake","War Paint","Golden Idol","Tiny Chest","Toxic Egg 2","PreservedInsect","Bottled Lightning","Paper Crane","Orrery","Orichalcum"],"potions_floor_usage":[11,16,16,23],"damage_taken":[{"damage":0,"enemies":"Cultist","floor":1,"turns":3},{"damage":0,"enemies":"Small Slimes","floor":3,"turns":3},{"damage":14,"enemies":"Gremlin Nob","floor":7,"turns":4},{"damage":9,"enemies":"Jaw Worm","floor":11,"turns":5},{"damage":23,"enemies":"Lagavulin","floor":12,"turns":7},{"damage":8,"enemies":"Red Slaver","floor":13,"turns":4},{"damage":1,"enemies":"Looter","floor":14,"turns":3},{"damage":33,"enemies":"Slime Boss","floor":16,"turns":12},{"damage":0,"enemies":"3 Byrds","floor":18,"turns":6},{"damage":4,"enemies":"Spheric Guardian","floor":21,"turns":3},{"damage":20,"enemies":"Shelled Parasite and Fungi","floor":22,"turns":5},{"damage":49,"enemies":"Slavers","floor":23,"turns":3}],"seed_played":"-7317357911979565611","potions_obtained":[{"floor":1,"key":"Energy Potion"},{"floor":13,"key":"Ancient Potion"},{"floor":14,"key":"AttackPotion"},{"floor":18,"key":"FearPotion"},{"floor":22,"key":"Ancient Potion"}],"is_trial":false,"path_per_floor":["M","T","M","?","?","R","E","$","T","R","M","E","M","M","R","B",null,"M","$","?","M","M","E"],"character_chosen":"THE_SILENT","items_purchased":["Toxic Egg 2","PreservedInsect","Orichalcum","Accuracy"],"campfire_rested":1,"item_purchase_floors":[8,8,19,19],"current_hp_per_floor":[70,70,70,70,70,70,56,56,56,56,47,24,16,15,36,3,70,70,70,70,66,46,0],"gold":68,"neow_bonus":"THREE_CARDS","is_prod":false,"is_daily":false,"chose_seed":false,"campfire_upgraded":2,"win_rate":0,"timestamp":1558608896,"path_taken":["M","?","M","?","?","R","E","?","T","R","M","E","?","M","R","BOSS","M","$","?","M","M","E"],"build_version":"2019-01-23","purchased_purges":0,"victory":false,"max_hp_per_floor":[70,70,70,70,70,70,70,70,70,70,70,70,70,70,70,70,70,70,70,70,70,70,70],"card_choices":[{"not_picked":["Blade Dance","Underhanded Strike"],"picked":"Deadly Poison","floor":0},{"not_picked":["Infinite Blades","Deadly Poison"],"picked":"Bane","floor":1},{"not_picked":["Escape Plan","Acrobatics"],"picked":"Masterful Stab","floor":3},{"not_picked":["Sucker Punch","Slice"],"picked":"Distraction","floor":7},{"not_picked":["PiercingWail+1","Blade Dance+1"],"picked":"Poisoned Stab","floor":11},{"not_picked":["Tactician+1","Escape Plan+1"],"picked":"Distraction+1","floor":12},{"not_picked":["Glass Knife","Dodge and Roll+1"],"picked":"Blade Dance+1","floor":13},{"not_picked":["Backflip+1","Acrobatics+1"],"picked":"Bouncing Flask+1","floor":14},{"not_picked":["Unload","Doppelganger+1"],"picked":"Storm of Steel+1","floor":16},{"not_picked":["Quick Slash","PiercingWail+1"],"picked":"Cloak And Dagger+1","floor":17},{"not_picked":["Prepared+1","Escape Plan+1"],"picked":"Deadly Poison+1","floor":18},{"not_picked":["Quick Slash","Underhanded Strike"],"picked":"Catalyst+1","floor":21},{"not_picked":["Sucker Punch","Predator"],"picked":"Poisoned Stab","floor":22}],"player_experience":408626,"relics_obtained":[{"floor":2,"key":"War Paint"},{"floor":7,"key":"Tiny Chest"},{"floor":9,"key":"Bottled Lightning"},{"floor":12,"key":"Paper Crane"}],"event_choices":[{"damage_healed":0,"gold_gain":175,"player_choice":"AGREE","damage_taken":0,"max_hp_gain":0,"max_hp_loss":0,"event_name":"Liars Game","floor":4,"gold_loss":0,"cards_obtained":["Doubt"]},{"damage_healed":0,"gold_gain":0,"player_choice":"Take Wound","damage_taken":0,"relics_obtained":["Golden Idol"],"max_hp_gain":0,"max_hp_loss":0,"event_name":"Golden Idol","floor":5,"gold_loss":0,"cards_obtained":["Injury"]},{"damage_healed":0,"gold_gain":0,"player_choice":"Ignored","damage_taken":0,"max_hp_gain":0,"max_hp_loss":0,"event_name":"Beggar","floor":20,"gold_loss":0}],"is_beta":false,"boss_relics":[{"not_picked":["Coffee Dripper","Fusion Hammer"],"picked":"Orrery"}],"items_purged_floors":[],"is_endless":false,"potions_floor_spawned":[1,13,14,18,22],"killed_by":"Slavers","ascension_level":0}