{"gold_per_floor":[114,129,23,38,53,53,83,83,83,98,98,128,128,158,158,258,258,273,273,174,189,219,249,264,294,294,309,339,354,277,27,27,127,127,142,142,142,157,202,232,232,247,272,287,287,302,317,347,347,347],"floor_reached":51,"playtime":2526,"items_purged":["Strike_R"],"score":1162,"play_id":"edfaecd6-1129-4d49-861f-46042c45246f","local_time":"20180815221755","daily_mods":["Heirloom","Night Terrors","Terminal"],"is_ascension_mode":false,"campfire_choices":[{"data":"Corruption","floor":6.0,"key":"SMITH"},{"data":"Seeing Red","floor":8.0,"key":"SMITH"},{"data":"Panacea","floor":11.0,"key":"SMITH"},{"data":"Feel No Pain","floor":15.0,"key":"SMITH"},{"data":"Body Slam","floor":32.0,"key":"SMITH"},{"data":"Barricade","floor":41.0,"key":"SMITH"},{"data":"Madness","floor":49.0,"key":"SMITH"}],"neow_cost":"","seed_source_timestamp":0,"circlet_count":0,"master_deck":["Strike_R","Strike_R","Strike_R","Strike_R","Defend_R","Defend_R","Defend_R","Defend_R","Bash","Seeing Red+1","Feel No Pain+1","Panacea+1","Corruption+1","Infernal Blade","Shrug It Off","Seeing Red","Fiend Fire","Exhume","Ghostly Armor","Ghostly","Ghostly","Ghostly","Ghostly","Ghostly","Havoc","Intimidate+1","Shrug It Off","Impervious","Whirlwind","Barricade+1","Body Slam+1","J.A.X.","Impervious","Madness+1","Havoc+1","Entrench+1","Entrench+1","Shrug It Off+1"],"special_seed":17759,"relics":["Burning Blood","Dead Branch","Orichalcum","Smiling Mask","Bottled Tornado","Unceasing Top","Mark of Pain","Red Mask","Meat on the Bone","Oddly Smooth Stone","Bottled Lightning","Art of War","Paper Frog","Coffee Dripper","Du-Vu Doll","Calipers","Ancient Tea Set","Lantern"],"potions_floor_usage":[50,50,50],"damage_taken":[{"damage":6.0,"enemies":"Jaw Worm","floor":1.0,"turns":2.0},{"damage":6.0,"enemies":"Cultist","floor":2.0,"turns":4.0},{"damage":0.0,"enemies":"2 Louse","floor":4.0,"turns":3.0},{"damage":3.0,"enemies":"Exordium Wildlife","floor":5.0,"turns":4.0},{"damage":5.0,"enemies":"3 Sentries","floor":7.0,"turns":6.0},{"damage":0.0,"enemies":"2 Fungi Beasts","floor":10.0,"turns":3.0},{"damage":0.0,"enemies":"Gremlin Nob","floor":12.0,"turns":4.0},{"damage":0.0,"enemies":"Lagavulin","floor":14.0,"turns":1.0},{"damage":4.0,"enemies":"Slime Boss","floor":16.0,"turns":5.0},{"damage":0.0,"enemies":"Spheric Guardian","floor":18.0,"turns":3.0},{"damage":1.0,"enemies":"Shell Parasite","floor":21.0,"turns":2.0},{"damage":3.0,"floor":22.0,"turns":3.0},{"damage":0.0,"enemies":"Slavers","floor":23.0,"turns":3.0},{"damage":1.0,"enemies":"Snake Plant","floor":24.0,"turns":2.0},{"damage":1.0,"enemies":"Book of Stabbing","floor":25.0,"turns":2.0},{"damage":1.0,"enemies":"Centurion and Healer","floor":27.0,"turns":3.0},{"damage":1.0,"enemies":"Gremlin Leader","floor":28.0,"turns":1.0},{"damage":0.0,"enemies":"Cultist and Chosen","floor":29.0,"turns":2.0},{"damage":0.0,"enemies":"Collector","floor":33.0,"turns":4.0},{"damage":3.0,"enemies":"3 Darklings","floor":35.0,"turns":3.0},{"damage":0.0,"enemies":"Orb Walker","floor":38.0,"turns":2.0},{"damage":7.0,"floor":39.0,"turns":2.0},{"damage":0.0,"enemies":"Giant Head","floor":40.0,"turns":3.0},{"damage":0.0,"enemies":"3 Darklings","floor":42.0,"turns":2.0},{"damage":0.0,"enemies":"Sphere and 2 Shapes","floor":44.0,"turns":2.0},{"damage":3.0,"enemies":"Transient","floor":46.0,"turns":4.0},{"damage":0.0,"enemies":"Spire Growth","floor":47.0,"turns":1.0},{"damage":0.0,"enemies":"Nemesis","floor":48.0,"turns":1.0},{"damage":1,"enemies":"Donu and Deca","floor":50,"turns":2}],"seed_played":"-170879409254016175","potions_obtained":[{"floor":2.0,"key":"GamblersBrew"},{"floor":7.0,"key":"Weak Potion"},{"floor":12.0,"key":"SkillPotion"},{"floor":13.0,"key":"FearPotion"},{"floor":13.0,"key":"AttackPotion"},{"floor":13.0,"key":"EssenceOfSteel"},{"floor":14.0,"key":"Block Potion"},{"floor":16.0,"key":"Swift Potion"},{"floor":18.0,"key":"SteroidPotion"},{"floor":23.0,"key":"SteroidPotion"},{"floor":28.0,"key":"Energy Potion"},{"floor":33.0,"key":"Block Potion"},{"floor":38.0,"key":"Dexterity Potion"},{"floor":42.0,"key":"SteroidPotion"},{"floor":48.0,"key":"Poison Potion"}],"is_trial":false,"path_per_floor":["M","M","$","M","M","R","E","R","T","M","R","E","?","E","R","B",null,"M","?","$","M","?","E","M","E","T","M","E","M","?","$","R","B",null,"M","?","?","M","?","E","R","M","T","M","?","M","M","E","R","B"],"character_chosen":"IRONCLAD","items_purchased":["Panacea","Havoc","Paper Frog"],"campfire_rested":0,"item_purchase_floors":[3,20,31],"current_hp_per_floor":[78,77,76,75,74,73,75,74,73,72,71,70,69,68,67,66,65,67,32,31,30,29,28,27,26,25,24,23,22,21,20,19,18,17,16,15,14,13,12,11,10,9,8,7,6,5,4,3,2,1],"gold":347,"neow_bonus":"","is_prod":false,"is_daily":true,"chose_seed":false,"campfire_upgraded":7,"win_rate":0,"timestamp":1534385875,"path_taken":["M","M","$","M","M","R","E","R","T","M","R","E","?","E","R","BOSS","M","?","?","M","?","E","M","E","T","M","E","?","?","$","R","BOSS","M","?","?","M","?","E","R","M","T","?","?","M","?","E","R","BOSS"],"build_version":"2018-08-09","purchased_purges":1,"victory":true,"max_hp_per_floor":[78,77,76,75,74,73,75,74,73,72,71,70,69,68,67,66,65,67,32,31,30,29,28,27,26,25,24,23,22,21,20,19,18,17,16,15,14,13,12,11,10,9,8,7,6,5,4,3,2,1],"card_choices":[{"not_picked":["Clash","Shrug It Off"],"picked":"Seeing Red","floor":1.0},{"not_picked":["Clash","Iron Wave"],"picked":"Feel No Pain","floor":2.0},{"not_picked":["Metallicize","Flex"],"picked":"Corruption","floor":4.0},{"not_picked":["Rage","Shockwave"],"picked":"Infernal Blade","floor":5.0},{"not_picked":["Thunderclap","Combust"],"picked":"Shrug It Off","floor":7.0},{"not_picked":["Bloodletting","Flex"],"picked":"Seeing Red","floor":10.0},{"not_picked":["Perfected Strike","Blood for Blood"],"picked":"Fiend Fire","floor":12.0},{"not_picked":["Rupture","Hemokinesis"],"picked":"Pommel Strike","floor":14.0},{"not_picked":["Berserk","Limit Break"],"picked":"Exhume","floor":16.0},{"not_picked":["Twin Strike+1","Dual Wield"],"picked":"Ghostly Armor","floor":18.0},{"not_picked":["Armaments+1","Heavy Blade"],"picked":"Intimidate+1","floor":21.0},{"not_picked":["Clash","Clothesline"],"picked":"Shrug It Off","floor":22.0},{"not_picked":["Searing Blow","Power Through+1","Thunderclap"],"picked":"SKIP","floor":23.0},{"not_picked":["Heavy Blade","Inflame"],"picked":"Impervious","floor":24.0},{"not_picked":["Combust","Rage","Anger"],"picked":"SKIP","floor":25.0},{"not_picked":["Reckless Charge","Clash"],"picked":"Whirlwind","floor":27.0},{"not_picked":["Flex","Headbutt"],"picked":"Barricade","floor":28.0},{"not_picked":["Havoc","Rupture"],"picked":"Body Slam","floor":29.0},{"not_picked":["Fiend Fire","Offering"],"picked":"Impervious","floor":33.0},{"not_picked":["Cleave","Hemokinesis","Blood for Blood"],"picked":"SKIP","floor":35.0},{"not_picked":["Bandage Up","Flash of Steel"],"picked":"Madness","floor":37.0},{"not_picked":["Heavy Blade","Ghostly Armor"],"picked":"Havoc+1","floor":38.0},{"not_picked":["Inflame+1","Whirlwind"],"picked":"Entrench+1","floor":39.0},{"not_picked":["Anger+1","Sword Boomerang+1","Warcry+1"],"picked":"SKIP","floor":40.0},{"not_picked":["True Grit+1","Body Slam+1","Brutality"],"picked":"SKIP","floor":42.0},{"not_picked":["Carnage","Rupture","Pommel Strike+1"],"picked":"SKIP","floor":44.0},{"not_picked":["Flame Barrier+1","Perfected Strike"],"picked":"Entrench+1","floor":46.0},{"not_picked":["Intimidate+1","Body Slam","Bloodletting"],"picked":"SKIP","floor":47.0},{"not_picked":["True Grit+1","Pommel Strike"],"picked":"Shrug It Off+1","floor":48.0}],"player_experience":582031,"relics_obtained":[{"floor":7.0,"key":"Orichalcum"},{"floor":9.0,"key":"Smiling Mask"},{"floor":12.0,"key":"Bottled Tornado"},{"floor":14.0,"key":"Unceasing Top"},{"floor":22.0,"key":"Red Mask"},{"floor":23.0,"key":"Meat on the Bone"},{"floor":25.0,"key":"Oddly Smooth Stone"},{"floor":26.0,"key":"Bottled Lightning"},{"floor":28.0,"key":"Art of War"},{"floor":39.0,"key":"Du-Vu Doll"},{"floor":40.0,"key":"Calipers"},{"floor":43.0,"key":"Ancient Tea Set"},{"floor":48.0,"key":"Lantern"}],"event_choices":[{"event_name":"The Lab","player_choice":"Got Potions","floor":13.0,"damage_taken":0.0},{"event_name":"Ghosts","player_choice":"Became a Ghost","floor":19.0,"damage_taken":0.0},{"event_name":"Masked Bandits","player_choice":"Fought Bandits","floor":22.0,"damage_taken":0.0},{"event_name":"Drug Dealer","player_choice":"Got JAXXED","floor":30.0,"damage_taken":0.0},{"event_name":"Match and Keep!","player_choice":"0 cards matched","floor":36.0,"damage_taken":0.0},{"event_name":"SensoryStone","player_choice":"Memory 1","floor":37.0,"damage_taken":0.0},{"event_name":"Mysterious Sphere","player_choice":"Fight","floor":39.0,"damage_taken":0.0},{"event_name":"Falling","player_choice":"Removed Attack","floor":45.0,"damage_taken":0.0}],"is_beta":false,"boss_relics":[{"not_picked":["Orrery","Black Blood"],"picked":"Mark of Pain"},{"not_picked":["White Beast Statue","Velvet Choker"],"picked":"Coffee Dripper"}],"items_purged_floors":[20],"is_endless":false,"potions_floor_spawned":[2,7,12,14,16,18,23,25,28,33,38,42,48],"ascension_level":0}