{"gold_per_floor":[112,43,60,60,60,93,93,16,68,19,36,49,74,74,74,151,151,167,157,170,190,46,46,72,72,72,72,90,90,105,125,125,125],"floor_reached":33,"playtime":1436,"items_purged":[],"score":529,"play_id":"d67513a4-3af2-4e68-99c2-b16a98a82562","local_time":"20181124084848","is_ascension_mode":true,"campfire_choices":[{"data":"Metallicize","floor":7,"key":"SMITH"},{"data":"Uppercut","floor":15,"key":"SMITH"},{"data":"Whirlwind","floor":23,"key":"SMITH"},{"floor":25,"key":"REST"},{"data":"RitualDagger","floor":32,"key":"SMITH"}],"neow_cost":"NONE","seed_source_timestamp":297984725832713,"circlet_count":0,"master_deck":["AscendersBane","Strike_R","Strike_R","Strike_R+1","Defend_R+1","Defend_R+1","Defend_R+1","Defend_R+1","Bash","Headbutt","Metallicize+1","Anger+1","Iron Wave","Uppercut+1","Cleave","Double Tap","Metallicize","Impervious","Shrug It Off","Whirlwind+1","Shockwave","Feed","RitualDagger+1","Shrug It Off"],"relics":["Burning Blood","NeowsBlessing","War Paint","Whetstone","Snecko Eye","Bronze Scales","Torii","Nloth\u0027s Gift"],"potions_floor_usage":[13,16,20],"damage_taken":[{"damage":0,"enemies":"Jaw Worm","floor":1,"turns":1},{"damage":0,"enemies":"2 Louse","floor":3,"turns":1},{"damage":0,"enemies":"Lagavulin","floor":6,"turns":1},{"damage":0,"enemies":"Cultist","floor":11,"turns":2},{"damage":8,"enemies":"Large Slime","floor":12,"turns":5},{"damage":9,"enemies":"Gremlin Nob","floor":13,"turns":4},{"damage":29,"enemies":"Slime Boss","floor":16,"turns":12},{"damage":3,"enemies":"Spheric Guardian","floor":18,"turns":3},{"damage":0,"enemies":"2 Thieves","floor":19,"turns":4},{"damage":45,"enemies":"Cultist and Chosen","floor":20,"turns":8},{"damage":0,"enemies":"Snecko","floor":21,"turns":4},{"damage":38,"enemies":"Slavers","floor":24,"turns":6},{"damage":15,"enemies":"Snake Plant","floor":28,"turns":3},{"damage":0,"enemies":"3 Cultists","floor":30,"turns":5},{"damage":1,"enemies":"Cultist and Chosen","floor":31,"turns":9},{"damage":25,"enemies":"Champ","floor":33,"turns":10}],"seed_played":"3333948911566429989","potions_obtained":[{"floor":6,"key":"GamblersBrew"},{"floor":13,"key":"Regen Potion"},{"floor":16,"key":"Swift Potion"},{"floor":19,"key":"FairyPotion"},{"floor":24,"key":"SteroidPotion"}],"is_trial":false,"path_per_floor":["M","$","M","?","?","E","R","$","T","$","M","M","E","?","R","B",null,"M","M","M","M","$","R","E","R","T","?","M","?","M","M","R","B"],"character_chosen":"IRONCLAD","items_purchased":["Metallicize","Uppercut","Cleave","Shockwave","Feed"],"campfire_rested":1,"item_purchase_floors":[2,8,10,22,22],"current_hp_per_floor":[74,74,75,68,45,51,51,51,51,51,57,55,52,52,52,44,67,70,75,36,42,42,42,13,36,36,30,21,21,30,35,35,10],"gold":125,"neow_bonus":"THREE_ENEMY_KILL","is_prod":false,"is_daily":false,"chose_seed":false,"campfire_upgraded":4,"win_rate":0,"timestamp":1543067328,"path_taken":["M","$","M","?","?","E","R","$","T","?","M","M","E","?","R","BOSS","M","M","M","M","?","R","E","R","T","?","M","?","?","M","R","BOSS"],"build_version":"2018-11-15","purchased_purges":0,"victory":false,"max_hp_per_floor":[75,75,75,75,75,75,75,75,75,75,75,75,75,75,75,75,75,75,75,75,75,75,75,78,78,78,78,78,78,81,81,81,81],"card_choices":[{"not_picked":["Wild Strike","Searing Blow"],"picked":"Headbutt","floor":1},{"not_picked":["Headbutt","Havoc"],"picked":"Anger","floor":3},{"not_picked":["Shrug It Off","Feel No Pain"],"picked":"Iron Wave","floor":6},{"not_picked":["Anger","Uppercut"],"picked":"Double Tap","floor":11},{"not_picked":["Burning Pact","Blood for Blood","Rupture"],"picked":"SKIP","floor":12},{"not_picked":["Heavy Blade","Sword Boomerang","Bloodletting"],"picked":"SKIP","floor":13},{"not_picked":["Offering","Fiend Fire"],"picked":"Impervious","floor":16},{"not_picked":["Flex","Havoc"],"picked":"Shrug It Off","floor":18},{"not_picked":["Power Through","Pummel","True Grit"],"picked":"SKIP","floor":19},{"not_picked":["Sword Boomerang+1","Flex"],"picked":"Whirlwind","floor":20},{"not_picked":["Anger","Cleave","Body Slam"],"picked":"SKIP","floor":21},{"not_picked":["Warcry","Fire Breathing","Double Tap"],"picked":"SKIP","floor":24},{"not_picked":["Body Slam","Sever Soul","Infernal Blade"],"picked":"SKIP","floor":28},{"not_picked":["Sword Boomerang","Iron Wave","Wild Strike"],"picked":"SKIP","floor":30},{"not_picked":["Twin Strike","Blood for Blood"],"picked":"Shrug It Off","floor":31}],"player_experience":937833,"relics_obtained":[{"floor":6,"key":"War Paint"},{"floor":9,"key":"Whetstone"},{"floor":13,"key":"Mercury Hourglass"},{"floor":24,"key":"Bronze Scales"},{"floor":26,"key":"Torii"}],"event_choices":[{"cards_removed":["Strike_R"],"damage_healed":0,"gold_gain":0,"player_choice":"Card Removal","damage_taken":7,"max_hp_gain":0,"max_hp_loss":0,"event_name":"Golden Wing","floor":4,"gold_loss":0},{"damage_healed":0,"gold_gain":0,"player_choice":"Entered Light","damage_taken":23,"max_hp_gain":0,"max_hp_loss":0,"event_name":"Shining Light","floor":5,"gold_loss":0,"cards_upgraded":["Defend_R","Defend_R"]},{"damage_healed":0,"gold_gain":0,"cards_transformed":["Strike_R"],"player_choice":"Transformed","damage_taken":0,"max_hp_gain":0,"max_hp_loss":0,"event_name":"Transmorgrifier","floor":14,"gold_loss":0,"cards_obtained":["Metallicize"]},{"damage_healed":0,"gold_gain":0,"player_choice":"Joined the Cult","damage_taken":6,"max_hp_gain":0,"max_hp_loss":0,"event_name":"Nest","floor":27,"gold_loss":0,"cards_obtained":["RitualDagger"]},{"damage_healed":0,"gold_gain":0,"player_choice":"Traded Relic","damage_taken":0,"relics_obtained":["Nloth\u0027s Gift"],"max_hp_gain":0,"max_hp_loss":0,"event_name":"N\u0027loth","floor":29,"relics_lost":["Mercury Hourglass"],"gold_loss":0}],"is_beta":false,"boss_relics":[{"not_picked":["Fusion Hammer","Empty Cage"],"picked":"Snecko Eye"}],"items_purged_floors":[],"is_endless":false,"potions_floor_spawned":[6,13,16,19,24,30],"killed_by":"Champ","ascension_level":15}