{"gold_per_floor":[119,119,119,10,10,10,48,72,72,95,131,131,149,168,168,261,261,261,23,0,0,0,0,0,0,0,0,0,0,0,0,0,0,0,0,0,0,0,0,0,0,0,0,0],"floor_reached":44,"playtime":2083,"items_purged":[],"score":926,"play_id":"df0979c1-d8ef-4e73-b07c-9ad80075afde","local_time":"20180822201242","is_ascension_mode":true,"campfire_choices":[{"data":"Flame Barrier","floor":6.0,"key":"SMITH"},{"data":"Metallicize","floor":12.0,"key":"SMITH"},{"data":"Body Slam","floor":15.0,"key":"SMITH"},{"data":"Barricade","floor":23.0,"key":"SMITH"},{"data":"Entrench","floor":27.0,"key":"SMITH"},{"floor":30.0,"key":"DIG"},{"floor":32.0,"key":"DIG"},{"floor":40.0,"key":"DIG"},{"floor":42.0,"key":"DIG"}],"neow_cost":"NONE","seed_source_timestamp":0,"circlet_count":0,"master_deck":["Strike_R","Strike_R","Strike_R","Strike_R","Strike_R","Defend_R","Defend_R","Defend_R","Defend_R","Bash","AscendersBane","Clothesline+1","Metallicize+1","Flame Barrier+1","Entrench+1","Immolate","Body Slam+1","Pommel Strike","Barricade+1","Shrug It Off+1","PanicButton","Second Wind+1","RitualDagger","Warcry+1","Berserk","Shrug It Off","Headbutt","Offering","True Grit+1","Madness","Madness"],"special_seed":0,"relics":["Black Blood","NeowsBlessing","Golden Idol","Torii","Strawberry","Nunchaku","Mercury Hourglass","Ectoplasm","Anchor","Dead Branch","Potion Belt","Shovel","Blue Candle","The Courier","Ornamental Fan","Molten Egg 2","Bird Faced Urn","MawBank"],"potions_floor_usage":[44,44],"damage_taken":[{"damage":0.0,"enemies":"Small Slimes","floor":1.0,"turns":1.0},{"damage":0.0,"enemies":"Lagavulin","floor":7.0,"turns":2.0},{"damage":0.0,"enemies":"Cultist","floor":10.0,"turns":1.0},{"damage":31.0,"enemies":"Gremlin Nob","floor":11.0,"turns":5.0},{"damage":8.0,"enemies":"2 Louse","floor":13.0,"turns":2.0},{"damage":1.0,"enemies":"Large Slime","floor":14.0,"turns":6.0},{"damage":7.0,"enemies":"Hexaghost","floor":16.0,"turns":11.0},{"damage":20.0,"enemies":"Spheric Guardian","floor":18.0,"turns":6.0},{"damage":6.0,"enemies":"2 Thieves","floor":20.0,"turns":4.0},{"damage":0.0,"enemies":"Snecko","floor":22.0,"turns":5.0},{"damage":0.0,"enemies":"Shelled Parasite and Fungi","floor":24.0,"turns":6.0},{"damage":0.0,"enemies":"Gremlin Leader","floor":25.0,"turns":7.0},{"damage":43.0,"enemies":"Book of Stabbing","floor":29.0,"turns":7.0},{"damage":4.0,"enemies":"Champ","floor":33.0,"turns":19.0},{"damage":0.0,"enemies":"3 Shapes","floor":35.0,"turns":3.0},{"damage":9.0,"enemies":"Flame Bruiser 1 Orb","floor":36.0,"turns":10.0},{"damage":20.0,"enemies":"3 Darklings","floor":37.0,"turns":6.0},{"damage":6.0,"enemies":"Spire Growth","floor":41.0,"turns":4.0},{"damage":72,"enemies":"Giant Head","floor":44,"turns":8}],"seed_played":"4625554619110026394","potions_obtained":[{"floor":10.0,"key":"Dexterity Potion"},{"floor":13.0,"key":"Weak Potion"},{"floor":16.0,"key":"LiquidBronze"},{"floor":18.0,"key":"Regen Potion"},{"floor":22.0,"key":"Weak Potion"},{"floor":24.0,"key":"Block Potion"},{"floor":35.0,"key":"Fire Potion"},{"floor":36.0,"key":"EssenceOfSteel"},{"floor":41.0,"key":"Weak Potion"}],"is_trial":false,"path_per_floor":["M","?","?","$","$","R","E","T","T","M","E","R","M","M","R","B",null,"M","$","M","?","M","R","M","E","T","R","?","E","R","T","R","B",null,"M","M","M","?","?","R","M","R","T"],"character_chosen":"IRONCLAD","items_purchased":["Metallicize","Flame Barrier","Anchor","PanicButton"],"campfire_rested":0,"item_purchase_floors":[4,4,19,19],"current_hp_per_floor":[74,74,68,68,68,68,68,75,75,75,50,50,48,53,53,52,69,55,55,55,49,69,69,75,75,75,75,75,38,38,38,38,40,66,75,75,65,51,51,51,55,55,55,0],"gold":0,"neow_bonus":"THREE_ENEMY_KILL","is_prod":false,"is_daily":false,"chose_seed":false,"campfire_upgraded":5,"win_rate":0,"timestamp":1534983162,"path_taken":["M","?","?","?","$","R","E","?","T","?","E","R","M","?","R","BOSS","M","$","M","?","M","R","M","E","T","R","?","E","R","?","R","BOSS","M","M","M","?","?","R","M","R","T","E"],"build_version":"2018-08-16","purchased_purges":0,"victory":false,"max_hp_per_floor":[75,75,68,68,68,68,68,75,75,75,75,75,75,75,75,75,75,75,75,75,75,75,75,75,75,75,75,75,75,75,75,75,75,75,75,75,75,75,75,75,75,75,75,75],"card_choices":[{"not_picked":["Perfected Strike","Wild Strike"],"picked":"Clothesline","floor":1.0},{"not_picked":["Intimidate","Rampage","Sword Boomerang"],"picked":"SKIP","floor":7.0},{"not_picked":["Combust","Entrench","Blood for Blood"],"picked":"SKIP","floor":10.0},{"not_picked":["Combust","Blood for Blood"],"picked":"Entrench","floor":10.0},{"not_picked":["Rupture","Perfected Strike"],"picked":"Immolate","floor":11.0},{"not_picked":["Heavy Blade","Twin Strike"],"picked":"Body Slam","floor":13.0},{"not_picked":["Sword Boomerang","Heavy Blade"],"picked":"Pommel Strike","floor":14.0},{"not_picked":["Demon Form","Brutality"],"picked":"Barricade","floor":16.0},{"not_picked":["Rampage","Headbutt"],"picked":"Shrug It Off+1","floor":18.0},{"not_picked":["Body Slam","Feel No Pain"],"picked":"Second Wind+1","floor":20.0},{"not_picked":["Heavy Blade","Carnage"],"picked":"Warcry+1","floor":22.0},{"not_picked":["Iron Wave","Evolve"],"picked":"Berserk","floor":24.0},{"not_picked":["Seeing Red","Whirlwind"],"picked":"Shrug It Off","floor":25.0},{"not_picked":["Body Slam","Blood for Blood"],"picked":"Headbutt","floor":29.0},{"not_picked":["Juggernaut","Demon Form"],"picked":"Offering","floor":33.0},{"not_picked":["Disarm","Wild Strike"],"picked":"True Grit","floor":35.0},{"not_picked":["Thunderclap","Twin Strike","Heavy Blade"],"picked":"SKIP","floor":36.0},{"not_picked":["Thunderclap+1","Power Through","Reckless Charge"],"picked":"SKIP","floor":37.0},{"not_picked":["Spot Weakness","Twin Strike+1","Pummel+1"],"picked":"SKIP","floor":41.0}],"player_experience":596487,"relics_obtained":[{"floor":7.0,"key":"Torii"},{"floor":8.0,"key":"Strawberry"},{"floor":9.0,"key":"Nunchaku"},{"floor":11.0,"key":"Mercury Hourglass"},{"floor":25.0,"key":"Dead Branch"},{"floor":26.0,"key":"Potion Belt"},{"floor":29.0,"key":"Shovel"},{"floor":30.0,"key":"Blue Candle"},{"floor":31.0,"key":"The Courier"},{"floor":32.0,"key":"Ornamental Fan"},{"floor":40.0,"key":"Molten Egg 2"},{"floor":42.0,"key":"Bird Faced Urn"},{"floor":43.0,"key":"MawBank"}],"event_choices":[{"event_name":"Upgrade Shrine","player_choice":"Upgraded","floor":2.0,"damage_taken":0.0},{"event_name":"Golden Idol","player_choice":"Lose Max HP","floor":3.0,"damage_taken":0.0},{"event_name":"Nest","player_choice":"Joined the Cult","floor":21.0,"damage_taken":0.0},{"event_name":"Masked Bandits","player_choice":"Paid Fearfully","floor":28.0,"damage_taken":0.0},{"event_name":"Winding Halls","player_choice":"Embrace Madness","floor":38.0,"damage_taken":0.0},{"event_name":"Upgrade Shrine","player_choice":"Upgraded","floor":39.0,"damage_taken":0.0}],"is_beta":false,"boss_relics":[{"not_picked":["Pandora\u0027s Box","Black Star"],"picked":"Ectoplasm"},{"not_picked":["White Beast Statue","Lizard Tail"],"picked":"Black Blood"}],"items_purged_floors":[],"is_endless":false,"potions_floor_spawned":[10,13,14,16,18,22,24,35,36,41],"killed_by":"Giant Head","ascension_level":15}