{"path_per_floor":["M","?","?","M","M","M","E","M","T","?","?","$","R","?","R","B",null,"M","?","?","?","M","R","E"],"character_chosen":"THE_SILENT","items_purchased":["Regal Pillow"],"gold_per_floor":[116,116,116,126,142,159,194,214,214,214,214,65,65,65,65,163,163,182,182,182,97,110,110,136],"floor_reached":25,"campfire_rested":2,"playtime":2353,"current_hp_per_floor":[70,56,56,56,56,56,29,27,27,27,20,20,56,56,56,24,70,59,43,43,50,36,74,30],"items_purged":[],"gold":136,"score":219,"play_id":"02e9c126-e692-443a-b0ab-1b39b4a07665","is_prod":false,"is_daily":false,"is_ascension_mode":false,"campfire_upgraded":1,"path_taken":["M","?","?","?","M","M","E","M","T","?","?","$","R","?","R","BOSS","M","?","?","?","?","R","E","M"],"build_version":"2018-02-22-PROD1","purchased_purges":0,"victory":false,"master_deck":["Defend_G","Defend_G","Defend_G+1","Defend_G","Defend_G","Strike_G","Strike_G","Strike_G","Strike_G+1","Strike_G","Survivor","Neutralize","Dodge and Roll","All Out Attack+1","Noxious Fumes","Infinite Blades+1","A Thousand Cuts","Distraction+1","Envenom","Predator","Acrobatics+1","Terror"],"max_hp_per_floor":[70,70,70,70,70,70,70,70,70,70,70,70,70,70,70,70,70,70,70,70,77,77,77,77],"relics":["Sozu","Mummified Hand","Bottled Lightning","Vajra","Regal Pillow","Runic Pyramid","Enchiridion","Pantograph","Strawberry","Art of War"],"card_choices":[{"not_picked":["Dagger Throw","Deflect"],"picked":"Dodge and Roll"},{"not_picked":["Dagger Spray","Bane"],"picked":"All Out Attack"},{"not_picked":["Acrobatics","Bane"],"picked":"Noxious Fumes"},{"not_picked":["Finisher","Prepared"],"picked":"Infinite Blades"},{"not_picked":["Dagger Throw","Predator"],"picked":"A Thousand Cuts"},{"not_picked":["Expertise","PiercingWail"],"picked":"Distraction"},{"not_picked":["Venomology","Night Terror"],"picked":"Envenom"},{"not_picked":["Malaise","Bouncing Flask"],"picked":"Predator"},{"not_picked":["Eviscerate","Sucker Punch"],"picked":"Acrobatics"},{"not_picked":["Dodge and Roll","Deflect"],"picked":"Terror"}],"player_experience":127862,"potions_floor_usage":[],"damage_taken":[{"damage":0,"enemies":"Small Slimes","floor":1,"turns":4},{"damage":0,"enemies":"2 Louse","floor":4,"turns":3},{"damage":0,"enemies":"Cultist","floor":5,"turns":5},{"damage":0,"enemies":"Exordium Wildlife","floor":6,"turns":3},{"damage":27,"enemies":"Lagavulin","floor":7,"turns":7},{"damage":2,"enemies":"Exordium Thugs","floor":8,"turns":4},{"damage":32,"enemies":"Hexaghost","floor":16,"turns":11},{"damage":11,"enemies":"3 Byrds","floor":18,"turns":5},{"damage":14,"enemies":"Shell Parasite","floor":22,"turns":5},{"damage":44,"enemies":"Book of Stabbing","floor":24,"turns":7},{"damage":30,"enemies":"Centurion and Healer","floor":25,"turns":5}],"event_choices":[{"event_name":"Shining Light","player_choice":"Entered Light","floor":2,"damage_taken":0},{"event_name":"Golden Wing","player_choice":"Ignored","floor":3,"damage_taken":0},{"event_name":"Living Wall","player_choice":"Grow","floor":10,"damage_taken":0},{"event_name":"Scrap Ooze","player_choice":"success","floor":11,"damage_taken":7},{"event_name":"Upgrade Shrine","player_choice":"Upgraded","floor":14,"damage_taken":0},{"event_name":"Cursed Tome","player_choice":"Obtained Book","floor":19,"damage_taken":0},{"event_name":"The Mausoleum","player_choice":"Yes","floor":20,"damage_taken":0},{"event_name":"Addict","player_choice":"Obtained Relic","floor":21,"damage_taken":0}],"boss_relics":[{"not_picked":["Philosopher\u0027s Stone","Tiny House"],"picked":"Runic Pyramid"}],"potions_floor_spawned":[4,8,16,22],"seed_played":"-121962894925795147","killed_by":"Centurion and Healer","ascension_level":0,"is_trial":false}