{"gold_per_floor":[211,211,229,247,3,3,34,34,61,77,110,126,76,107,107,107],"floor_reached":16,"playtime":606,"items_purged":[],"score":180,"play_id":"c98f66d0-b539-4e80-82a7-afc48d285f14","local_time":"20180706190634","is_ascension_mode":true,"campfire_choices":[{"data":"Bash","floor":6,"key":"SMITH"},{"data":"Metallicize","floor":8,"key":"SMITH"},{"data":"Body Slam","floor":15,"key":"SMITH"}],"neow_cost":"NONE","seed_source_timestamp":560663311822296,"circlet_count":0,"master_deck":["Strike_R","Strike_R","Strike_R","Strike_R","Defend_R+1","Defend_R+1","Defend_R","Defend_R","Bash+1","AscendersBane","Cleave","Metallicize+1","Shockwave","Shrug It Off","Flame Barrier","Body Slam+1"],"relics":["Burning Blood","TwistedFunnel","Potion Belt","Oddly Smooth Stone","Charon\u0027s Ashes","Kunai"],"potions_floor_usage":[7,11,14,14,14],"damage_taken":[{"damage":8,"enemies":"2 Louse","floor":1,"turns":5},{"damage":10,"enemies":"Small Slimes","floor":3,"turns":3},{"damage":2,"enemies":"Cultist","floor":4,"turns":4},{"damage":26,"enemies":"Lagavulin","floor":7,"turns":6},{"damage":7,"enemies":"Exordium Wildlife","floor":10,"turns":5},{"damage":6,"enemies":"3 Sentries","floor":11,"turns":8},{"damage":7,"enemies":"2 Fungi Beasts","floor":12,"turns":3},{"damage":17,"enemies":"Gremlin Nob","floor":14,"turns":4},{"damage":38,"enemies":"Slime Boss","floor":16,"turns":7}],"seed_played":"4904301291817418634","potions_obtained":[{"floor":1,"key":"SkillPotion"},{"floor":3,"key":"Poison Potion"},{"floor":7,"key":"LiquidBronze"},{"floor":10,"key":"EssenceOfSteel"},{"floor":12,"key":"Regen Potion"}],"is_trial":false,"path_per_floor":["M","?","M","M","$","R","E","R","T","M","E","M","?","E","R"],"character_chosen":"IRONCLAD","items_purchased":["TwistedFunnel","SteroidPotion"],"campfire_rested":0,"item_purchase_floors":[5,5],"current_hp_per_floor":[70,54,50,54,54,54,34,34,34,33,33,32,32,33,33,0],"gold":107,"neow_bonus":"HUNDRED_GOLD","is_prod":false,"is_daily":false,"chose_seed":false,"campfire_upgraded":3,"win_rate":0,"timestamp":1530918394,"path_taken":["M","?","M","M","$","R","E","R","T","M","E","M","?","E","R","BOSS"],"build_version":"2018-07-05","purchased_purges":0,"victory":false,"max_hp_per_floor":[80,80,80,80,80,80,80,80,80,80,80,80,80,80,80,80],"card_choices":[{"not_picked":["Rupture","Disarm"],"picked":"Cleave","floor":1},{"not_picked":["Evolve","Flex"],"picked":"Metallicize","floor":3},{"not_picked":["Headbutt","Thunderclap"],"picked":"Shockwave","floor":4},{"not_picked":["Perfected Strike","Burning Pact"],"picked":"Shrug It Off","floor":7},{"not_picked":["Wild Strike","Flex","Sword Boomerang"],"picked":"SKIP","floor":10},{"not_picked":["Dark Embrace","Dual Wield"],"picked":"Flame Barrier","floor":11},{"not_picked":["Bloodletting","Anger","Clash"],"picked":"SKIP","floor":12},{"not_picked":["Dual Wield","Sever Soul"],"picked":"Body Slam","floor":14}],"player_experience":389148,"relics_obtained":[{"floor":7,"key":"Potion Belt"},{"floor":9,"key":"Oddly Smooth Stone"},{"floor":11,"key":"Charon\u0027s Ashes"},{"floor":14,"key":"Kunai"}],"event_choices":[{"event_name":"Shining Light","player_choice":"Entered Light","floor":2,"damage_taken":0},{"event_name":"The Cleric","player_choice":"Card Removal","floor":13,"damage_taken":0}],"boss_relics":[],"items_purged_floors":[],"is_endless":false,"potions_floor_spawned":[1,3,7,10,12],"killed_by":"Slime Boss","ascension_level":10}