{"path_per_floor":["M","$","M","M","M","R","M","M","T","R","M","M","?","M","R","B",null,"M","$","M","?","M","R","M","R","T","?","E","$","M","M","R"],"character_chosen":"IRONCLAD","items_purchased":["Carnage","Infernal Blade","Molten Egg 2","Swift Strike","Armaments","Intimidate","Cleave"],"gold_per_floor":[144,28,40,54,72,72,84,104,185,185,200,213,275,292,292,389,389,403,29,41,41,59,59,78,78,78,78,111,26,44,61,61,61],"floor_reached":33,"campfire_rested":4,"playtime":3744,"current_hp_per_floor":[85,85,80,79,69,69,58,57,57,57,54,52,52,51,76,37,85,75,75,75,75,56,81,38,63,73,73,36,36,48,23,51,0],"items_purged":[],"gold":61,"score":315,"play_id":"78209bc3-cf01-4760-908f-8bb36b8eb8df","local_time":"20180513173837","is_prod":false,"is_daily":false,"chose_seed":false,"is_ascension_mode":false,"campfire_upgraded":2,"timestamp":1526229517,"path_taken":["M","$","M","M","M","R","M","M","T","R","M","M","?","M","R","BOSS","M","$","M","?","M","R","M","R","T","?","E","$","M","M","R","BOSS"],"build_version":"2018-05-10","seed_source_timestamp":151010219393821,"purchased_purges":0,"victory":false,"master_deck":["Strike_R","Strike_R","Strike_R","Strike_R","Strike_R+1","Defend_R","Defend_R","Defend_R","Defend_R","Bash","Armaments","Clash+1","Carnage","Infernal Blade+1","Thunderclap","Clash","Shrug It Off","Armaments","Pummel","Pommel Strike","Anger","Double Tap","Anger","Swift Strike+1","Armaments","Thunderclap+1","Thunderclap+1","Impervious","Rampage+1","Writhe","Rampage+1","Intimidate","Cleave+1","Rampage+1","Intimidate"],"max_hp_per_floor":[85,85,85,85,85,85,85,85,85,85,85,85,85,85,85,85,85,85,85,85,85,85,85,85,85,95,95,95,95,95,95,95,95],"relics":["Tiny House","Meat on the Bone","White Beast Statue","Molten Egg 2","Pear","Red Skull","Ginger"],"card_choices":[{"not_picked":["Shrug It Off","Perfected Strike"],"picked":"Armaments","floor":0},{"not_picked":["Rupture","Iron Wave"],"picked":"Clash","floor":1},{"not_picked":["Flex","Berserk"],"picked":"Thunderclap","floor":3},{"not_picked":["True Grit","Burning Pact"],"picked":"Clash","floor":4},{"not_picked":["Thunderclap","Body Slam"],"picked":"Cleave","floor":5},{"not_picked":["Burning Pact","Warcry"],"picked":"Shrug It Off","floor":7},{"not_picked":["True Grit","Warcry"],"picked":"Armaments","floor":8},{"not_picked":["Anger","Thunderclap"],"picked":"Pummel","floor":11},{"not_picked":["Twin Strike","Armaments"],"picked":"Pommel Strike","floor":12},{"not_picked":["True Grit","Berserk"],"picked":"Anger","floor":14},{"not_picked":["Juggernaut","Brutality"],"picked":"Double Tap","floor":16},{"not_picked":["Warcry","Twin Strike"],"picked":"Anger","floor":18},{"not_picked":["Body Slam","Flex"],"picked":"Thunderclap","floor":20},{"not_picked":["Twin Strike","Perfected Strike"],"picked":"Impervious","floor":22},{"not_picked":["Cleave","Cleave"],"picked":"Rampage","floor":24},{"not_picked":["Second Wind","Burning Pact"],"picked":"Rampage","floor":28},{"not_picked":["Warcry","Cleave"],"picked":"Rampage","floor":30},{"not_picked":["Cleave","Sever Soul"],"picked":"Intimidate","floor":31}],"player_experience":1569,"potions_floor_usage":[16,16,16,24,28,33,33,33],"damage_taken":[{"damage":0,"enemies":"Small Slimes","floor":1,"turns":3},{"damage":5,"enemies":"2 Louse","floor":3,"turns":2},{"damage":1,"enemies":"Cultist","floor":4,"turns":3},{"damage":10,"enemies":"Looter","floor":5,"turns":2},{"damage":11,"enemies":"Large Slime","floor":7,"turns":3},{"damage":1,"enemies":"2 Fungi Beasts","floor":8,"turns":2},{"damage":3,"enemies":"Exordium Wildlife","floor":11,"turns":4},{"damage":2,"enemies":"Blue Slaver","floor":12,"turns":3},{"damage":1,"enemies":"Lots of Slimes","floor":14,"turns":3},{"damage":67,"enemies":"Hexaghost","floor":16,"turns":9},{"damage":10,"enemies":"Spheric Guardian","floor":18,"turns":3},{"damage":0,"enemies":"Chosen","floor":20,"turns":5},{"damage":27,"enemies":"Centurion and Healer","floor":22,"turns":6},{"damage":55,"enemies":"Slaver and Parasite","floor":24,"turns":8},{"damage":49,"enemies":"Slavers","floor":28,"turns":7},{"damage":0,"enemies":"Snake Plant","floor":30,"turns":2},{"damage":37,"enemies":"3 Cultists","floor":31,"turns":5},{"damage":64,"enemies":"Champ","floor":33,"turns":8}],"event_choices":[{"event_name":"Golden Wing","player_choice":"Gained Gold","floor":13,"damage_taken":0},{"event_name":"Transmorgrifier","player_choice":"Transform","floor":21,"damage_taken":0},{"event_name":"The Mausoleum","player_choice":"Yes","floor":27,"damage_taken":0}],"boss_relics":[{"not_picked":["Runic Dome","Cursed Key"],"picked":"White Beast Statue"}],"potions_floor_spawned":[7,8,12,16,18,20,22,24,28,30,31],"seed_played":"-7309941342669909358","killed_by":"Champ","ascension_level":0,"is_trial":false}