{"gold_per_floor":[127,153,135,164,190,202,230,242,305,317,329,403,429,441],"floor_reached":14,"playtime":504,"items_purged":[],"score":152,"play_id":"e8afdd5c-819d-4023-a160-2ac9a7e0f23e","local_time":"20180923145442","is_ascension_mode":true,"campfire_choices":[{"data":"Defragment","floor":6.0,"key":"SMITH"},{"data":"Barrage","floor":8.0,"key":"SMITH"},{"data":"Coolheaded","floor":10.0,"key":"SMITH"}],"neow_cost":"NONE","seed_source_timestamp":687628986988077,"circlet_count":0,"master_deck":["Strike_B","Strike_B","Strike_B","Strike_B","Defend_B","Defend_B","Defend_B","Defend_B","Zap","Dualcast","AscendersBane","Coolheaded+1","Defragment+1","Sweeping Beam","Barrage+1","Conserve Battery","Darkness"],"special_seed":0,"relics":["Cracked Core","MawBank","Boot","Matryoshka"],"potions_floor_usage":[14,14],"damage_taken":[{"damage":1.0,"enemies":"Cultist","floor":1.0,"turns":3.0},{"damage":10.0,"enemies":"2 Louse","floor":2.0,"turns":4.0},{"damage":0.0,"enemies":"Small Slimes","floor":4.0,"turns":3.0},{"damage":7.0,"enemies":"Looter","floor":5.0,"turns":4.0},{"damage":4.0,"enemies":"Blue Slaver","floor":7.0,"turns":4.0},{"damage":28.0,"enemies":"Gremlin Nob","floor":12.0,"turns":4.0},{"damage":7.0,"enemies":"2 Fungi Beasts","floor":13.0,"turns":3.0},{"damage":4,"enemies":"Lots of Slimes","floor":14,"turns":2}],"seed_played":"-8729719572984673005","potions_obtained":[{"floor":3.0,"key":"Block Potion"},{"floor":3.0,"key":"SneckoOil"},{"floor":4.0,"key":"Dexterity Potion"},{"floor":12.0,"key":"PowerPotion"}],"is_trial":false,"path_per_floor":["M","M","?","M","M","R","M","R","T","R","?","?","M"],"character_chosen":"DEFECT","items_purchased":[],"campfire_rested":0,"item_purchase_floors":[],"current_hp_per_floor":[63,53,53,53,46,46,42,42,42,42,42,14,7,3],"gold":441,"neow_bonus":"RANDOM_COMMON_RELIC","is_prod":false,"is_daily":false,"chose_seed":false,"campfire_upgraded":3,"win_rate":0,"timestamp":1537728882,"path_taken":["M","M","?","M","M","R","?","R","T","R","?","?","M","M"],"build_version":"2018-09-20","purchased_purges":0,"victory":false,"max_hp_per_floor":[71,71,71,71,71,71,71,71,71,71,71,71,71,71],"card_choices":[{"not_picked":["Force Field","Blizzard"],"picked":"Coolheaded","floor":1.0},{"not_picked":["Fusion","Genetic Algorithm"],"picked":"Defragment","floor":2.0},{"not_picked":["Aggregate","Turbo","Blizzard"],"picked":"SKIP","floor":4.0},{"not_picked":["Leap","Force Field"],"picked":"Sweeping Beam","floor":5.0},{"not_picked":["Fusion","Go for the Eyes"],"picked":"Barrage","floor":7.0},{"not_picked":["Machine Learning","Streamline"],"picked":"Conserve Battery","floor":12.0},{"not_picked":["Gash","Skim"],"picked":"Darkness","floor":13.0}],"player_experience":696300,"relics_obtained":[{"floor":9.0,"key":"Boot"},{"floor":12.0,"key":"Matryoshka"}],"event_choices":[{"event_name":"The Woman in Blue","player_choice":"Bought 2 Potions","floor":3.0,"damage_taken":0.0},{"event_name":"Liars Game","player_choice":"disagreed","floor":11.0,"damage_taken":0.0},{"event_name":"Dead Adventurer","player_choice":"Searched \u00271\u0027 times","floor":12.0,"damage_taken":0.0}],"is_beta":false,"boss_relics":[],"items_purged_floors":[],"is_endless":false,"potions_floor_spawned":[4,7,12],"killed_by":"Lots of Slimes","ascension_level":17}