{"path_per_floor":["M","?","M","?","$","R","?","R","T","M","?","E","?","M","R"],"character_chosen":"IRONCLAD","items_purchased":["Oddly Smooth Stone"],"gold_per_floor":[119,119,131,306,82,82,82,82,82,96,96,124,124,140,140,140],"floor_reached":16,"campfire_rested":1,"playtime":1212,"current_hp_per_floor":[80,80,80,80,80,80,64,64,64,65,58,30,30,35,59,0],"items_purged":["Doubt"],"gold":140,"score":98,"play_id":"bcfc2d85-9886-432f-9852-9895d383aa54","local_time":"20180514155151","is_prod":false,"is_daily":false,"chose_seed":false,"is_ascension_mode":false,"campfire_upgraded":2,"timestamp":1526309511,"path_taken":["M","?","M","?","$","R","?","R","T","M","?","E","?","M","R","BOSS"],"build_version":"2018-05-10","seed_source_timestamp":192956459261920,"purchased_purges":1,"victory":false,"master_deck":["Strike_R","Strike_R","Strike_R+1","Defend_R","Defend_R","Defend_R","Defend_R","Bash+1","Cleave+1","Pommel Strike+1","Searing Blow+1","Pommel Strike","Anger"],"max_hp_per_floor":[80,80,80,80,80,80,80,80,80,80,80,80,80,80,80,80],"relics":["Burning Blood","Oddly Smooth Stone","Bottled Flame","Ancient Tea Set"],"card_choices":[{"not_picked":["Spot Weakness","Flex"],"picked":"Cleave","floor":1},{"not_picked":["Cleave","Sword Boomerang"],"picked":"Pommel Strike","floor":3},{"not_picked":["Twin Strike","Shockwave"],"picked":"Searing Blow","floor":10},{"not_picked":["Blood for Blood","Burning Pact"],"picked":"Pommel Strike","floor":12},{"not_picked":["Thunderclap","Flex"],"picked":"Anger","floor":14}],"player_experience":41441,"potions_floor_usage":[16,16,16],"damage_taken":[{"damage":0,"enemies":"Small Slimes","floor":1,"turns":3},{"damage":5,"enemies":"Cultist","floor":3,"turns":4},{"damage":5,"enemies":"Jaw Worm","floor":10,"turns":2},{"damage":34,"enemies":"Lagavulin","floor":12,"turns":7},{"damage":1,"enemies":"3 Louse","floor":14,"turns":2},{"damage":61,"enemies":"The Guardian","floor":16,"turns":12}],"event_choices":[{"event_name":"The Lab","player_choice":"Got Potions","floor":2,"damage_taken":0},{"event_name":"Liars Game","player_choice":"agreed","floor":4,"damage_taken":0},{"event_name":"Shining Light","player_choice":"Entered Light","floor":7,"damage_taken":0},{"event_name":"Golden Wing","player_choice":"Card Removal","floor":11,"damage_taken":0},{"event_name":"Accursed Blacksmith","player_choice":"Forge","floor":13,"damage_taken":0}],"boss_relics":[],"potions_floor_spawned":[1,3],"seed_played":"-6420756014406901859","killed_by":"The Guardian","ascension_level":0,"is_trial":false}