{"gold_per_floor":[359,370,340,360,137,162,162,162,188,203,203,221,240,240,240,314,314,326,326,326,326,342,342,360,360,439,439,144,162,37,57,57,57],"floor_reached":33,"playtime":1490,"items_purged":["Defend_G","Parasite","Defend_G"],"score":457,"play_id":"fa4f9a34-de23-4cfe-9db4-3821e45f6dcc","local_time":"20180720190001","is_ascension_mode":true,"campfire_choices":[{"data":"Riddle With Holes","floor":8.0,"key":"SMITH"},{"data":"Cloak And Dagger","floor":11.0,"key":"SMITH"},{"floor":15.0,"key":"REST"},{"data":"Reflex","floor":23.0,"key":"SMITH"},{"data":"Reflex","floor":25.0,"key":"SMITH"},{"floor":27.0,"key":"REST"},{"data":"Acrobatics","floor":32,"key":"SMITH"}],"neow_cost":"TEN_PERCENT_HP_LOSS","seed_source_timestamp":559456904321254,"circlet_count":0,"master_deck":["Defend_G","Defend_G","Defend_G","Survivor","Neutralize","AscendersBane","Cloak And Dagger+1","Flying Knee","Dodge and Roll","Riddle With Holes+1","Calculated Gamble","Dodge and Roll","Backstab","Die Die Die","Eviscerate","Reflex+1","Bite","Bite","Bite","Bite","Bite","Reflex+1","Acrobatics+1","Backflip"],"special_seed":0,"relics":["Ring of the Snake","Vajra","Bag of Preparation","Anchor","HoveringKite","Question Card","Juzu Bracelet"],"potions_floor_usage":[33],"damage_taken":[{"damage":1.0,"enemies":"Cultist","floor":1.0,"turns":4.0},{"damage":6.0,"enemies":"Jaw Worm","floor":2.0,"turns":5.0},{"damage":8.0,"enemies":"2 Louse","floor":4.0,"turns":3.0},{"damage":26.0,"enemies":"Lagavulin","floor":6.0,"turns":8.0},{"damage":6.0,"enemies":"Exordium Wildlife","floor":10.0,"turns":6.0},{"damage":0.0,"enemies":"2 Fungi Beasts","floor":12.0,"turns":3.0},{"damage":5.0,"enemies":"Large Slime","floor":13.0,"turns":5.0},{"damage":17.0,"enemies":"Slime Boss","floor":16.0,"turns":14.0},{"damage":13.0,"enemies":"3 Byrds","floor":18.0,"turns":7.0},{"damage":7.0,"enemies":"Spheric Guardian","floor":22.0,"turns":3.0},{"damage":31.0,"enemies":"Snake Plant","floor":24.0,"turns":5.0},{"damage":3,"enemies":"Chosen and Byrds","floor":29,"turns":4},{"damage":8,"enemies":"Centurion and Healer","floor":31,"turns":5},{"damage":21,"enemies":"Champ","floor":33,"turns":6}],"seed_played":"459108118996368564","potions_obtained":[{"floor":3.0,"key":"GhostInAJar"},{"floor":3.0,"key":"Swift Potion"},{"floor":10.0,"key":"Explosive Potion"},{"floor":13.0,"key":"EssenceOfSteel"},{"floor":24.0,"key":"Explosive Potion"},{"floor":29,"key":"GamblersBrew"}],"is_trial":false,"path_per_floor":["M","M","?","M","$","E","?","R","T","M","R","M","M","?","R","B",null,"M","?","?","?","M","R","M","R","T","R","$","M","$","M","R"],"character_chosen":"THE_SILENT","items_purchased":["Vajra","Acrobatics","Juzu Bracelet"],"campfire_rested":2,"item_purchase_floors":[5,28,28],"current_hp_per_floor":[58,52,52,44,44,18,33,33,33,27,27,27,22,22,40,23,51,38,38,38,38,35,35,17,17,17,29,29,38,38,35,35,25],"gold":57,"neow_bonus":"TWO_FIFTY_GOLD","is_prod":false,"is_daily":false,"chose_seed":false,"campfire_upgraded":5,"win_rate":0,"timestamp":1532127601,"path_taken":["M","M","?","M","$","E","?","R","T","M","R","M","M","?","R","BOSS","M","?","?","?","M","R","M","R","T","R","$","M","?","M","R","BOSS"],"build_version":"2018-07-19v2","purchased_purges":3,"victory":false,"max_hp_per_floor":[60,60,60,60,60,60,60,60,60,60,60,60,60,60,60,60,60,60,60,60,42,42,42,42,42,42,42,39,39,39,39,39,39],"card_choices":[{"not_picked":["Reflex","Choke"],"picked":"Cloak And Dagger","floor":1.0},{"not_picked":["Poisoned Stab","PiercingWail"],"picked":"Flying Knee","floor":2.0},{"not_picked":["Blade Dance","Quick Slash"],"picked":"Dodge and Roll","floor":4.0},{"not_picked":["Endless Agony","Sucker Punch"],"picked":"Riddle With Holes","floor":6.0},{"not_picked":["Acrobatics","Skewer"],"picked":"Calculated Gamble","floor":10.0},{"not_picked":["Blade Dance","Skewer"],"picked":"Dodge and Roll","floor":12.0},{"not_picked":["Heel Hook","Crippling Poison"],"picked":"Backstab","floor":13.0},{"not_picked":["Glass Knife","Storm of Steel"],"picked":"Die Die Die","floor":16.0},{"not_picked":["Slice","Flechettes"],"picked":"Eviscerate","floor":18.0},{"not_picked":["PiercingWail","Infinite Blades"],"picked":"Reflex","floor":22.0},{"not_picked":["Bouncing Flask","Slice","Escape Plan"],"picked":"SKIP","floor":24.0},{"not_picked":["Sucker Punch","PiercingWail","Outmaneuver"],"picked":"Backflip","floor":29},{"not_picked":["All Out Attack","PiercingWail","Infinite Blades","Sucker Punch"],"picked":"SKIP","floor":31}],"player_experience":499278,"relics_obtained":[{"floor":6.0,"key":"Bag of Preparation"},{"floor":9.0,"key":"Anchor"},{"floor":26.0,"key":"Question Card"}],"event_choices":[{"event_name":"The Woman in Blue","player_choice":"Bought 2 Potions","floor":3.0,"damage_taken":0.0},{"event_name":"Mushrooms","player_choice":"Healed and dodged fight","floor":7.0,"damage_taken":0.0},{"event_name":"Liars Game","player_choice":"disagreed","floor":14.0,"damage_taken":0.0},{"event_name":"Drug Dealer","player_choice":"Ignored","floor":19.0,"damage_taken":0.0},{"event_name":"The Library","player_choice":"Read","floor":20.0,"damage_taken":0.0},{"event_name":"Vampires","player_choice":"Became a vampire","floor":21.0,"damage_taken":0.0}],"is_beta":false,"boss_relics":[{"not_picked":["Ring of the Serpent","Cursed Key"],"picked":"HoveringKite"}],"items_purged_floors":[5,28,30],"is_endless":false,"potions_floor_spawned":[4,10,13,24,29],"killed_by":"Champ","ascension_level":15}