{"gold_per_floor":[117,135,135,149,74,74,93,111,137,137,157,157,185,197,197,272,272,292,321,1,1,15,15,15,15,62,62,80,80,93,103,103,103],"floor_reached":33,"playtime":1065,"items_purged":["Strike_R"],"score":461,"play_id":"55b1e761-25ac-4d44-a73b-a8cee5a80e6f","local_time":"20180823194110","is_ascension_mode":true,"campfire_choices":[{"data":"Whirlwind","floor":6,"key":"SMITH"},{"data":"Flex","floor":10,"key":"SMITH"},{"data":"Flex","floor":15,"key":"SMITH"},{"data":"True Grit","floor":23,"key":"SMITH"},{"data":"Uppercut","floor":25,"key":"SMITH"},{"data":"Iron Wave","floor":27,"key":"SMITH"},{"data":"Seeing Red","floor":29,"key":"SMITH"},{"data":"Ghostly","floor":32,"key":"SMITH"}],"neow_cost":"TEN_PERCENT_HP_LOSS","seed_source_timestamp":180367345705568,"circlet_count":0,"master_deck":["Strike_R","Strike_R","Strike_R","Defend_R","Defend_R","Defend_R","Bash","AscendersBane","Wild Strike","Armaments+1","Whirlwind+1","Flex+1","Uppercut+1","Thunderclap","Flex+1","Feed","True Grit+1","Iron Wave+1","Ghostly+1","Ghostly","Ghostly","Ghostly","Ghostly","Seeing Red+1","Havoc+1"],"relics":["Burning Blood","StoneCalendar","Oddly Smooth Stone","Anchor","Runic Dome","Red Mask","Kunai","Omamori"],"potions_floor_usage":[13,13,33,33],"damage_taken":[{"damage":12,"enemies":"Small Slimes","floor":1,"turns":4},{"damage":12,"enemies":"Jaw Worm","floor":2,"turns":3},{"damage":0,"enemies":"2 Louse","floor":4,"turns":2},{"damage":7,"enemies":"Large Slime","floor":7,"turns":4},{"damage":21,"enemies":"Looter","floor":8,"turns":4},{"damage":10,"enemies":"3 Louse","floor":11,"turns":3},{"damage":9,"enemies":"3 Sentries","floor":13,"turns":4},{"damage":2,"enemies":"Exordium Wildlife","floor":14,"turns":3},{"damage":26,"enemies":"The Guardian","floor":16,"turns":9},{"damage":0,"enemies":"Chosen","floor":18,"turns":3},{"damage":0,"floor":19,"turns":2},{"damage":0,"enemies":"3 Byrds","floor":22,"turns":5},{"damage":11,"enemies":"Centurion and Healer","floor":28,"turns":8},{"damage":17,"enemies":"Sentry and Sphere","floor":30,"turns":7},{"damage":2,"enemies":"3 Cultists","floor":31,"turns":6},{"damage":48,"enemies":"Collector","floor":33,"turns":9}],"seed_played":"-8315464680198792611","potions_obtained":[{"floor":1,"key":"Explosive Potion"},{"floor":2,"key":"PowerPotion"},{"floor":8,"key":"AttackPotion"},{"floor":13,"key":"SpeedPotion"},{"floor":22,"key":"Dexterity Potion"},{"floor":31,"key":"PowerPotion"}],"is_trial":false,"path_per_floor":["M","M","?","M","?","R","M","M","T","R","M","?","E","M","R","B",null,"M","?","$","?","M","R","?","R","T","R","M","R","M","M","R"],"character_chosen":"IRONCLAD","items_purchased":["Kunai"],"campfire_rested":0,"item_purchase_floors":[20],"current_hp_per_floor":[62,56,56,62,62,62,61,46,46,46,42,64,61,65,65,45,62,68,68,68,34,37,37,37,37,37,37,35,35,27,31,31,0],"gold":103,"neow_bonus":"ONE_RARE_RELIC","is_prod":false,"is_daily":false,"chose_seed":false,"campfire_upgraded":8,"win_rate":0,"timestamp":1535067670,"path_taken":["M","M","?","M","?","R","M","M","T","R","M","?","E","M","R","BOSS","M","?","$","?","M","R","?","R","T","R","M","R","M","?","R","BOSS"],"build_version":"2018-08-16","purchased_purges":1,"victory":false,"max_hp_per_floor":[68,68,68,68,68,68,68,68,68,68,68,68,68,68,68,68,68,68,68,68,34,37,37,37,37,37,37,40,40,43,43,43,43],"card_choices":[{"not_picked":["Shockwave","Thunderclap"],"picked":"Wild Strike","floor":1},{"not_picked":["Heavy Blade","Infernal Blade"],"picked":"Armaments","floor":2},{"not_picked":["Entrench","Second Wind"],"picked":"Whirlwind","floor":4},{"not_picked":["Sword Boomerang","Flame Barrier"],"picked":"Flex","floor":7},{"not_picked":["Carnage","Clothesline","Fire Breathing"],"picked":"SKIP","floor":8},{"not_picked":["Reckless Charge","Anger"],"picked":"Uppercut","floor":11},{"not_picked":["Wild Strike","Impervious"],"picked":"Thunderclap","floor":13},{"not_picked":["Clothesline","Whirlwind"],"picked":"Flex","floor":14},{"not_picked":["Fiend Fire","Limit Break"],"picked":"Feed","floor":16},{"not_picked":["Headbutt","Wild Strike"],"picked":"True Grit","floor":18},{"not_picked":["Bloodletting","Clash"],"picked":"Iron Wave","floor":19},{"not_picked":["Hemokinesis","Anger","Havoc"],"picked":"SKIP","floor":22},{"not_picked":["Pommel Strike+1","Body Slam"],"picked":"Seeing Red","floor":28},{"not_picked":["Rampage","Perfected Strike"],"picked":"Havoc+1","floor":30},{"not_picked":["Juggernaut","Clash","True Grit"],"picked":"SKIP","floor":31}],"player_experience":599202,"relics_obtained":[{"floor":9,"key":"Oddly Smooth Stone"},{"floor":13,"key":"Anchor"},{"floor":19,"key":"Red Mask"},{"floor":26,"key":"Omamori"}],"event_choices":[{"event_name":"Living Wall","player_choice":"Grow","floor":3,"damage_taken":0},{"event_name":"The Cleric","player_choice":"Card Removal","floor":5,"damage_taken":0},{"event_name":"Big Fish","player_choice":"Banana","floor":12,"damage_taken":0},{"event_name":"Masked Bandits","player_choice":"Fought Bandits","floor":19,"damage_taken":0},{"event_name":"Ghosts","player_choice":"Became a Ghost","floor":21,"damage_taken":0},{"event_name":"Back to Basics","player_choice":"Elegance","floor":24,"damage_taken":0}],"is_beta":false,"boss_relics":[{"not_picked":["Busted Crown","Runic Cube"],"picked":"Runic Dome"}],"items_purged_floors":[20],"is_endless":false,"potions_floor_spawned":[1,2,8,11,13,22,31],"killed_by":"Collector","ascension_level":15}