{"gold_per_floor":[109,109,12,12,23,57,12,12,36,49,49,49],"floor_reached":12,"playtime":287,"items_purged":["Regret"],"score":122,"play_id":"4208ee7a-e250-4662-841b-8e49ac9edc3e","local_time":"20190219185026","is_ascension_mode":true,"campfire_choices":[],"neow_cost":"NONE","seed_source_timestamp":585116918423245,"circlet_count":0,"master_deck":["AscendersBane","Strike_B","Defend_B","Defend_B","Defend_B","Defend_B","Zap","Dualcast","FTL","Steam","Leap","Compile Driver","White Noise","Hologram","Steam"],"relics":["Cracked Core","Dream Catcher","Bronze Scales","Strawberry","CultistMask"],"potions_floor_usage":[6],"damage_taken":[{"damage":0,"enemies":"2 Louse","floor":1,"turns":3},{"damage":1,"enemies":"Jaw Worm","floor":5,"turns":3},{"damage":56,"enemies":"Gremlin Nob","floor":6,"turns":6},{"damage":0,"enemies":"Cultist","floor":10,"turns":4},{"damage":17,"enemies":"Exordium Wildlife","floor":12,"turns":3}],"seed_played":"7232191269000724785","potions_obtained":[{"floor":5,"key":"LiquidBronze"}],"is_trial":false,"path_per_floor":["M","?","$","?","M","E","$","?","T","M","?","M"],"character_chosen":"DEFECT","items_purchased":["Leap","Hologram"],"campfire_rested":0,"item_purchase_floors":[3,7],"current_hp_per_floor":[68,68,68,61,60,4,4,4,11,11,11,0],"gold":49,"neow_bonus":"TRANSFORM_CARD","is_prod":false,"is_daily":false,"chose_seed":false,"campfire_upgraded":0,"win_rate":0,"timestamp":1550620226,"path_taken":["M","?","$","?","M","E","$","?","T","?","?","M"],"build_version":"2019-01-23","purchased_purges":1,"victory":false,"max_hp_per_floor":[75,75,75,75,75,75,75,75,82,82,82,82],"card_choices":[{"not_picked":["Turbo","Scrape"],"picked":"Steam","floor":1},{"not_picked":["Hologram","Fusion"],"picked":"Compile Driver","floor":5},{"not_picked":["Sweeping Beam","Loop"],"picked":"White Noise","floor":6},{"not_picked":["Coolheaded","Static Discharge"],"picked":"Steam","floor":10}],"player_experience":319999,"relics_obtained":[{"floor":6,"key":"Bronze Scales"},{"floor":9,"key":"Strawberry"}],"event_choices":[{"damage_healed":0,"gold_gain":0,"player_choice":"Box","damage_taken":0,"relics_obtained":["Dream Catcher"],"max_hp_gain":0,"max_hp_loss":0,"event_name":"Big Fish","floor":2,"gold_loss":0,"cards_obtained":["Regret"]},{"cards_removed":["Strike_B"],"damage_healed":0,"gold_gain":0,"player_choice":"Card Removal","damage_taken":7,"max_hp_gain":0,"max_hp_loss":0,"event_name":"Golden Wing","floor":4,"gold_loss":0},{"cards_removed":["Strike_B"],"damage_healed":0,"gold_gain":0,"player_choice":"Card Removal","damage_taken":0,"max_hp_gain":0,"max_hp_loss":0,"event_name":"Wheel of Change","floor":8,"gold_loss":0},{"damage_healed":0,"gold_gain":0,"player_choice":"Trade","damage_taken":0,"relics_obtained":["CultistMask"],"max_hp_gain":0,"max_hp_loss":0,"event_name":"FaceTrader","floor":11,"gold_loss":0}],"is_beta":false,"boss_relics":[],"items_purged_floors":[3],"is_endless":false,"potions_floor_spawned":[5],"killed_by":"Exordium Wildlife","ascension_level":12}