{"gold_per_floor":[115,115,290,303,303,303,328,328,351,402,416,447,459,459,459,459],"floor_reached":16,"playtime":580,"items_purged":[],"score":186,"play_id":"2818fe38-17d9-4655-8db9-1e55901b1540","local_time":"20190423082235","is_ascension_mode":true,"campfire_choices":[{"data":"Metallicize","floor":6.0,"key":"SMITH"},{"floor":8.0,"key":"REST"},{"floor":15,"key":"REST"}],"neow_cost":"NONE","seed_source_timestamp":0,"circlet_count":0,"master_deck":["Strike_R","Strike_R+1","Strike_R","Strike_R+1","Strike_R","Defend_R+1","Defend_R","Defend_R","Defend_R","Bash+1","Offering","Reckless Charge","Doubt","Metallicize+1","Uppercut","Iron Wave","Infernal Blade"],"special_seed":0,"relics":["Burning Blood","Strawberry","Bottled Tornado","Oddly Smooth Stone","Bag of Preparation","Whetstone","Happy Flower"],"potions_floor_usage":[13,13,16],"damage_taken":[{"damage":6.0,"enemies":"2 Louse","floor":1.0,"turns":3.0},{"damage":15.0,"enemies":"Jaw Worm","floor":4.0,"turns":4.0},{"damage":51.0,"enemies":"Lagavulin","floor":7.0,"turns":9.0},{"damage":6.0,"enemies":"Cultist","floor":11.0,"turns":2.0},{"damage":6,"enemies":"3 Sentries","floor":12,"turns":9},{"damage":0,"enemies":"Gremlin Gang","floor":13,"turns":5},{"damage":58,"enemies":"Slime Boss","floor":16,"turns":10}],"seed_played":"-4967084371103999815","potions_obtained":[{"floor":1.0,"key":"PowerPotion"},{"floor":7.0,"key":"Swift Potion"},{"floor":12,"key":"SteroidPotion"},{"floor":13,"key":"Weak Potion"}],"is_trial":false,"path_per_floor":["M","?","?","M","T","R","E","R","T","T","M","E","M","?","R","B"],"character_chosen":"IRONCLAD","items_purchased":[],"campfire_rested":2,"item_purchase_floors":[],"current_hp_per_floor":[72,67,67,58,58,58,13,39,39,39,39,39,45,28,54,0],"gold":459,"neow_bonus":"ONE_RANDOM_RARE_CARD","is_prod":false,"is_daily":false,"chose_seed":false,"campfire_upgraded":1,"win_rate":0,"timestamp":1556022155,"path_taken":["M","?","?","M","?","R","E","R","T","?","M","E","M","?","R","BOSS"],"build_version":"2019-01-23","purchased_purges":0,"victory":false,"max_hp_per_floor":[80,87,87,87,87,87,87,87,87,87,87,87,87,87,87,87],"card_choices":[{"not_picked":["Body Slam","Twin Strike"],"picked":"Reckless Charge","floor":1.0},{"not_picked":["Corruption","Fire Breathing"],"picked":"Metallicize","floor":4.0},{"not_picked":["Sword Boomerang","Pommel Strike"],"picked":"Uppercut","floor":7.0},{"not_picked":["Havoc","Armaments"],"picked":"Iron Wave","floor":11},{"not_picked":["Blood for Blood","Clash"],"picked":"Infernal Blade","floor":12},{"not_picked":["Twin Strike","Headbutt","Clothesline"],"picked":"SKIP","floor":13}],"player_experience":504128,"relics_obtained":[{"floor":5.0,"key":"Bottled Tornado"},{"floor":7.0,"key":"Oddly Smooth Stone"},{"floor":9.0,"key":"Bag of Preparation"},{"floor":10.0,"key":"Whetstone"},{"floor":12,"key":"Happy Flower"}],"event_choices":[{"damage_healed":0.0,"max_hp_gain":0.0,"max_hp_loss":0.0,"gold_gain":0.0,"event_name":"Scrap Ooze","player_choice":"Success","floor":2.0,"gold_loss":0.0,"damage_taken":12.0,"relics_obtained":["Strawberry"]},{"damage_healed":0.0,"max_hp_gain":0.0,"max_hp_loss":0.0,"gold_gain":175.0,"event_name":"Liars Game","player_choice":"AGREE","floor":3.0,"gold_loss":0.0,"damage_taken":0.0,"cards_obtained":["Doubt"]},{"damage_healed":0,"gold_gain":0,"player_choice":"Entered Light","damage_taken":17,"max_hp_gain":0,"max_hp_loss":0,"event_name":"Shining Light","floor":14,"gold_loss":0,"cards_upgraded":["Bash","Defend_R"]}],"is_beta":false,"boss_relics":[],"items_purged_floors":[],"is_endless":false,"potions_floor_spawned":[1,7,12,13],"killed_by":"Slime Boss","ascension_level":8}