{"gold_per_floor":[109,109,184,197,214,214,225,225,305,305,305,305,315,343,343,414,414,430,21,36,56,106,106],"floor_reached":23,"playtime":694,"items_purged":["Strike_R"],"score":334,"play_id":"2b9a5b0e-6b50-437a-bc26-c54beb579eb0","local_time":"20180824001015","is_ascension_mode":true,"campfire_choices":[{"data":"Anger","floor":6,"key":"SMITH"},{"data":"Cleave","floor":8,"key":"SMITH"},{"data":"Flex","floor":10,"key":"SMITH"},{"data":"Shrug It Off","floor":15,"key":"SMITH"}],"neow_cost":"NONE","seed_source_timestamp":196884699285637,"circlet_count":0,"master_deck":["Strike_R","Strike_R","Strike_R","Strike_R","Defend_R","Defend_R","Defend_R","Defend_R","Bash","AscendersBane","Flex+1","Evolve","Metallicize+1","Anger+1","Cleave+1","Thunderclap","Shrug It Off+1","Fiend Fire","Whirlwind","Immolate"],"relics":["Burning Blood","Peace Pipe","Meat on the Bone","Self Forming Clay","Charon\u0027s Ashes","Sozu","Medical Kit"],"potions_floor_usage":[13,13,16,21],"damage_taken":[{"damage":6,"enemies":"Cultist","floor":1,"turns":3},{"damage":4,"enemies":"2 Louse","floor":4,"turns":3},{"damage":0,"enemies":"Small Slimes","floor":5,"turns":5},{"damage":16,"enemies":"Blue Slaver","floor":7,"turns":4},{"damage":0,"enemies":"2 Fungi Beasts","floor":13,"turns":2},{"damage":15,"enemies":"3 Sentries","floor":14,"turns":6},{"damage":48,"enemies":"Hexaghost","floor":16,"turns":10},{"damage":5,"enemies":"Shell Parasite","floor":18,"turns":5},{"damage":17,"enemies":"2 Thieves","floor":20,"turns":4},{"damage":28,"enemies":"Shelled Parasite and Fungi","floor":21,"turns":4},{"damage":49,"enemies":"Slavers","floor":23,"turns":3}],"seed_played":"-2543832699593382964","potions_obtained":[{"floor":1,"key":"SneckoOil"},{"floor":4,"key":"PowerPotion"},{"floor":13,"key":"SpeedPotion"},{"floor":16,"key":"Block Potion"}],"is_trial":false,"path_per_floor":["M","T","?","M","M","R","M","R","T","R","?","?","M","E","R","B",null,"M","$","M","M","?"],"character_chosen":"IRONCLAD","items_purchased":["Immolate","Medical Kit"],"campfire_rested":0,"item_purchase_floors":[19,19],"current_hp_per_floor":[68,68,57,59,65,65,55,55,55,55,55,44,50,53,53,23,62,63,63,52,42,42,0],"gold":106,"neow_bonus":"THREE_CARDS","is_prod":false,"is_daily":false,"chose_seed":false,"campfire_upgraded":4,"win_rate":0,"timestamp":1535083815,"path_taken":["M","?","?","M","M","R","M","R","T","R","?","?","M","E","R","BOSS","M","$","M","M","?","E"],"build_version":"2018-08-23v2","purchased_purges":1,"victory":false,"max_hp_per_floor":[75,75,75,75,75,75,75,75,75,75,75,75,75,75,75,75,75,75,75,75,75,75,75],"card_choices":[{"not_picked":["True Grit","Clash"],"picked":"Flex","floor":0},{"not_picked":["Clash","Wild Strike"],"picked":"Evolve","floor":1},{"not_picked":["Perfected Strike","Sever Soul"],"picked":"Metallicize","floor":4},{"not_picked":["Clash","Combust"],"picked":"Anger","floor":5},{"not_picked":["Heavy Blade","Body Slam"],"picked":"Cleave","floor":7},{"not_picked":["Intimidate","Disarm"],"picked":"Thunderclap","floor":13},{"not_picked":["Power Through","Clothesline"],"picked":"Shrug It Off","floor":14},{"not_picked":["Juggernaut","Bludgeon"],"picked":"Fiend Fire","floor":16},{"not_picked":["Reckless Charge","Rage"],"picked":"Whirlwind","floor":18},{"not_picked":["Clothesline","Warcry","Iron Wave"],"picked":"SKIP","floor":20},{"not_picked":["Sword Boomerang","Flex","Sentinel"],"picked":"SKIP","floor":21}],"player_experience":601804,"relics_obtained":[{"floor":2,"key":"Peace Pipe"},{"floor":9,"key":"Meat on the Bone"},{"floor":14,"key":"Charon\u0027s Ashes"}],"event_choices":[{"event_name":"World of Goop","player_choice":"Gather Gold","floor":3,"damage_taken":0},{"event_name":"Living Wall","player_choice":"Grow","floor":11,"damage_taken":0},{"event_name":"Scrap Ooze","player_choice":"success","floor":12,"damage_taken":11},{"event_name":"Golden Shrine","player_choice":"Pray","floor":22,"damage_taken":0}],"is_beta":false,"boss_relics":[{"not_picked":["Black Blood","Velvet Choker"],"picked":"Sozu"}],"items_purged_floors":[19],"is_endless":false,"potions_floor_spawned":[1,4,13,16,21],"killed_by":"Slavers","ascension_level":15}