{"gold_per_floor":[118,138,138,138,162,162,226,226,226,251,267,291,291,330,330,330],"floor_reached":16,"playtime":640,"items_purged":[],"score":146,"play_id":"3f65ea86-69d5-4c1f-bae0-33f64da7d96c","local_time":"20180628174550","is_ascension_mode":true,"campfire_choices":[{"data":"Loop","floor":6,"key":"SMITH"},{"data":"Zap","floor":8,"key":"SMITH"},{"floor":13,"key":"REST"},{"floor":15,"key":"REST"}],"neow_cost":"NONE","seed_source_timestamp":7461905275439,"circlet_count":0,"master_deck":["Strike_B","Strike_B","Strike_B","Defend_B","Defend_B","Defend_B","Defend_B","Zap+1","Dualcast","Loop+1","Streamline","Injury","Force Field","White Noise","Leap","White Noise","Capacitor+1"],"relics":["Cracked Core","Golden Idol","Frozen Egg 2","Tiny Chest","Bottled Flame","Ancient Tea Set"],"potions_floor_usage":[7],"damage_taken":[{"damage":0,"enemies":"Small Slimes","floor":1,"turns":3},{"damage":4,"enemies":"Jaw Worm","floor":2,"turns":4},{"damage":6,"enemies":"2 Louse","floor":5,"turns":3},{"damage":22,"enemies":"Gremlin Nob","floor":7,"turns":4},{"damage":16,"enemies":"Looter","floor":10,"turns":4},{"damage":0,"enemies":"Large Slime","floor":11,"turns":5},{"damage":11,"enemies":"Exordium Wildlife","floor":12,"turns":4},{"damage":14,"enemies":"Lagavulin","floor":14,"turns":7},{"damage":40,"enemies":"Hexaghost","floor":16,"turns":9}],"seed_played":"8407063691554357710","potions_obtained":[{"floor":1,"key":"PowerPotion"},{"floor":10,"key":"SteroidPotion"}],"is_trial":false,"path_per_floor":["M","M","?","?","M","R","E","R","T","M","M","M","R","E","R"],"character_chosen":"DEFECT","items_purchased":[],"campfire_rested":2,"item_purchase_floors":[],"current_hp_per_floor":[68,64,64,61,55,55,33,33,33,17,17,6,28,14,36,0],"gold":330,"neow_bonus":"REMOVE_CARD","is_prod":false,"is_daily":false,"chose_seed":false,"campfire_upgraded":2,"win_rate":0,"timestamp":1530222350,"path_taken":["M","M","?","?","M","R","E","R","T","M","M","?","R","E","R","BOSS"],"build_version":"2018-06-21v2","purchased_purges":0,"victory":false,"max_hp_per_floor":[75,75,75,75,75,75,75,75,75,75,75,75,75,75,75,75],"card_choices":[{"not_picked":["Hologram","Conserve Battery"],"picked":"Loop","floor":1},{"not_picked":["Beam Cell","Conserve Battery"],"picked":"Streamline","floor":2},{"not_picked":["Conserve Battery","Stack"],"picked":"Force Field","floor":5},{"not_picked":["Sweeping Beam","Steam"],"picked":"White Noise","floor":7},{"not_picked":["Stack","Barrage"],"picked":"Leap","floor":10},{"not_picked":["Tempest","Compile Driver"],"picked":"White Noise","floor":11},{"not_picked":["Darkness","Reboot","Steam"],"picked":"SKIP","floor":12},{"not_picked":["Hyperbeam","Streamline"],"picked":"Capacitor+1","floor":14}],"player_experience":340593,"relics_obtained":[{"floor":7,"key":"Tiny Chest"},{"floor":9,"key":"Bottled Flame"},{"floor":14,"key":"Ancient Tea Set"}],"event_choices":[{"event_name":"Golden Idol","player_choice":"Take Wound","floor":3,"damage_taken":0},{"event_name":"Scrap Ooze","player_choice":"success","floor":4,"damage_taken":3}],"boss_relics":[],"items_purged_floors":[],"is_endless":false,"potions_floor_spawned":[1,10],"killed_by":"Hexaghost","ascension_level":6}