{"gold_per_floor":[116,116,131,146,164,164,196,346,346,346,346,363,374,49,49,120,120,139,152,23,33,51,51,51],"floor_reached":24,"playtime":946,"items_purged":["Strike_B"],"score":380,"play_id":"2503bcf1-e179-4e1e-9281-7834882e3897","local_time":"20181009223253","is_ascension_mode":true,"campfire_choices":[{"data":"Rip and Tear","floor":6,"key":"SMITH"},{"data":"Loop","floor":10,"key":"SMITH"},{"data":"Rainbow","floor":15,"key":"SMITH"},{"floor":23,"key":"REST"}],"neow_cost":"NONE","seed_source_timestamp":7727738731028,"circlet_count":0,"master_deck":["Strike_B","Strike_B","Strike_B","Defend_B","Defend_B","Defend_B","Defend_B","Zap+1","Dualcast","AscendersBane","Loop+1","Rip and Tear+1","Go for the Eyes","Compile Driver","Consume","Rainbow+1","Undo","Multi-Cast","Sweeping Beam","Leap","Leap","Steam","Conserve Battery"],"relics":["Cracked Core","Calipers","Bottled Lightning","Runic Capacitor","Runic Dome"],"potions_floor_usage":[7,16,18,19,19],"damage_taken":[{"damage":0,"enemies":"2 Louse","floor":1,"turns":3},{"damage":4,"enemies":"Jaw Worm","floor":3,"turns":3},{"damage":8,"enemies":"Small Slimes","floor":4,"turns":3},{"damage":2,"enemies":"2 Fungi Beasts","floor":5,"turns":3},{"damage":32,"enemies":"Gremlin Nob","floor":7,"turns":4},{"damage":9,"enemies":"Blue Slaver","floor":12,"turns":3},{"damage":1,"enemies":"3 Louse","floor":13,"turns":2},{"damage":3,"enemies":"Hexaghost","floor":16,"turns":9},{"damage":15,"enemies":"Shell Parasite","floor":18,"turns":5},{"damage":13,"enemies":"3 Byrds","floor":19,"turns":4},{"damage":17,"enemies":"Centurion and Healer","floor":21,"turns":7},{"damage":15,"enemies":"Cultist and Chosen","floor":22,"turns":7},{"damage":31,"enemies":"Gremlin Leader","floor":24,"turns":2}],"seed_played":"-8304401583023232429","potions_obtained":[{"floor":4,"key":"Regen Potion"},{"floor":7,"key":"PowerPotion"},{"floor":12,"key":"Energy Potion"},{"floor":16,"key":"Swift Potion"},{"floor":18,"key":"Weak Potion"}],"is_trial":false,"path_per_floor":["M","?","M","M","M","R","E","?","T","R","?","M","M","$","R","B",null,"M","M","$","M","M","R"],"character_chosen":"DEFECT","items_purchased":["Runic Capacitor","Undo","Leap"],"campfire_rested":1,"item_purchase_floors":[14,14,20],"current_hp_per_floor":[64,69,65,57,55,55,35,35,35,35,28,19,18,18,18,15,61,46,33,33,16,1,23,0],"gold":51,"neow_bonus":"UPGRADE_CARD","is_prod":false,"is_daily":false,"chose_seed":false,"campfire_upgraded":3,"win_rate":0,"timestamp":1539138773,"path_taken":["M","?","M","M","M","R","E","?","T","R","?","?","?","$","R","BOSS","M","M","$","M","M","R","E"],"build_version":"2018-10-04v2","purchased_purges":1,"victory":false,"max_hp_per_floor":[71,76,76,76,76,76,76,76,76,76,76,76,76,76,76,76,76,76,76,76,76,76,76,76],"card_choices":[{"not_picked":["Go for the Eyes","Reprogram"],"picked":"Loop","floor":1},{"not_picked":["Double Energy","Cold Snap"],"picked":"Rip and Tear","floor":3},{"not_picked":["Redo","Turbo"],"picked":"Go for the Eyes","floor":4},{"not_picked":["Hologram","Barrage"],"picked":"Compile Driver","floor":5},{"not_picked":["Rebound","Rip and Tear"],"picked":"Consume","floor":7},{"not_picked":["Ball Lightning","Heatsinks","Compile Driver"],"picked":"SKIP","floor":12},{"not_picked":["Stack","Turbo"],"picked":"Rainbow","floor":13},{"not_picked":["Creative AI","Reboot"],"picked":"Multi-Cast","floor":16},{"not_picked":["Streamline","Defragment"],"picked":"Sweeping Beam","floor":18},{"not_picked":["Streamline","Double Energy+1"],"picked":"Leap","floor":19},{"not_picked":["Streamline","Compile Driver"],"picked":"Steam","floor":21},{"not_picked":["Capacitor","Self Repair"],"picked":"Conserve Battery","floor":22}],"player_experience":751871,"relics_obtained":[{"floor":7,"key":"Calipers"},{"floor":9,"key":"Bottled Lightning"}],"event_choices":[{"event_name":"Big Fish","player_choice":"Donut","floor":2,"damage_taken":0},{"event_name":"Liars Game","player_choice":"agreed","floor":8,"damage_taken":0},{"event_name":"Golden Wing","player_choice":"Card Removal","floor":11,"damage_taken":0}],"is_beta":false,"boss_relics":[{"not_picked":["Busted Crown","Snecko Eye"],"picked":"Runic Dome"}],"items_purged_floors":[20],"is_endless":false,"potions_floor_spawned":[4,7,12,16,18],"killed_by":"Gremlin Leader","ascension_level":18}