{"path_per_floor":["M","$","M","M","?","E","R","M","T","M","R","M","R","M","R","B",null,"M","$","M","M"],"character_chosen":"THE_SILENT","items_purchased":["Footwork"],"gold_per_floor":[114,47,66,79,79,110,110,128,158,170,170,180,180,162,162,265,265,250,175,188,200],"floor_reached":22,"campfire_rested":3,"playtime":1149,"current_hp_per_floor":[62,62,61,50,36,8,29,25,25,17,38,23,44,40,40,35,64,53,53,53,14],"items_purged":["Parasite"],"gold":200,"score":295,"play_id":"27f82ea7-9b2a-43a6-bb1b-4c24512ff8fa","is_prod":false,"is_daily":false,"is_ascension_mode":true,"campfire_upgraded":1,"path_taken":["M","$","M","M","?","E","R","M","T","M","R","M","R","M","R","BOSS","M","$","M","M","M"],"build_version":"2018-02-22-PROD2","purchased_purges":1,"victory":false,"master_deck":["Defend_G","Defend_G","Defend_G","Defend_G","Defend_G","Strike_G","Strike_G","Strike_G+1","Strike_G+1","Strike_G","Survivor","Neutralize","Deadly Poison","Footwork+1","Malaise","Backflip","Dagger Spray","Bane","Tools of the Trade","Dodge and Roll","Outmaneuver+1"],"max_hp_per_floor":[70,70,70,70,70,72,72,72,72,72,72,72,72,74,74,74,74,74,71,73,73],"relics":["Ring of the Snake","Singing Bowl","Tiny Chest","Cursed Key"],"card_choices":[{"not_picked":["Skewer","Deflect"],"picked":"Deadly Poison"},{"not_picked":["Dodge and Roll","Well Laid Plans"],"picked":"Malaise"},{"not_picked":["Well Laid Plans","Quick Slash"],"picked":"Backflip"},{"not_picked":["Crippling Poison","Flying Knee"],"picked":"Dagger Spray"},{"not_picked":["Flying Knee","Prepared"],"picked":"Bane"},{"not_picked":["Envenom","Wraith Form"],"picked":"Tools of the Trade"},{"not_picked":["Prepared","Flying Knee"],"picked":"Dodge and Roll"},{"not_picked":["Deflect","Masterful Stab"],"picked":"Outmaneuver"}],"player_experience":275642,"potions_floor_usage":[4,6,18,20],"damage_taken":[{"damage":1,"enemies":"Cultist","floor":1,"turns":4},{"damage":1,"enemies":"Jaw Worm","floor":3,"turns":6},{"damage":11,"enemies":"Small Slimes","floor":4,"turns":6},{"damage":30,"enemies":"3 Sentries","floor":6,"turns":12},{"damage":4,"enemies":"Blue Slaver","floor":8,"turns":5},{"damage":8,"enemies":"Gremlin Gang","floor":10,"turns":8},{"damage":15,"enemies":"3 Louse","floor":12,"turns":3},{"damage":6,"enemies":"Exordium Thugs","floor":14,"turns":4},{"damage":5,"enemies":"The Guardian","floor":16,"turns":17},{"damage":11,"enemies":"2 Thieves","floor":18,"turns":4},{"damage":2,"enemies":"Chosen","floor":20,"turns":8},{"damage":39,"enemies":"3 Cultists","floor":21,"turns":8},{"damage":21,"enemies":"Snecko","floor":22,"turns":7}],"event_choices":[{"event_name":"Shining Light","player_choice":"Entered Light","floor":5,"damage_taken":0}],"boss_relics":[{"not_picked":["Orrery","The Specimen"],"picked":"Cursed Key"}],"potions_floor_spawned":[1,4,16,18],"seed_played":"8156038588835090667","killed_by":"Snecko","ascension_level":11,"is_trial":false}