{"gold_per_floor":[114,22,22,37,187,187,216,228,253,253,26,26,26,57,57,133,133,148,173,184,194,208,208,235,335,384,384,414,431,431,442,442,442],"floor_reached":33,"playtime":2079,"items_purged":[],"score":513,"play_id":"2c0b741e-fd40-49fc-9961-7e10a8c00e21","local_time":"20190507232515","is_ascension_mode":true,"campfire_choices":[{"data":"Neutralize","floor":6,"key":"SMITH"},{"data":"Blade Dance","floor":10,"key":"SMITH"},{"data":"Malaise","floor":15,"key":"SMITH"},{"floor":23,"key":"REST"},{"floor":27,"key":"REST"},{"floor":30,"key":"REST"},{"data":"Storm of Steel","floor":32,"key":"SMITH"}],"neow_cost":"NONE","seed_source_timestamp":190153370642702,"circlet_count":0,"master_deck":["AscendersBane","Defend_G","Defend_G","Defend_G","Defend_G","Defend_G","Strike_G","Strike_G+1","Strike_G+1","Strike_G+1","Survivor","Neutralize+1","Blade Dance+1","Flash of Steel","Slice","Calculated Gamble","Backflip+1","Endless Agony","Backflip","Neutralize","Malaise+1","Storm of Steel+1","Terror","Leg Sweep","Blur","Backstab","Blade Dance","Heel Hook","Prepared","Unload","Flying Knee+1","Quick Slash"],"relics":["WristBlade","Anchor","Boot","Oddly Smooth Stone","Whetstone","Empty Cage","Red Mask","Tingsha","Pocketwatch","Mercury Hourglass","Orichalcum","Strawberry"],"potions_floor_usage":[7,16,24,24,25,33,33],"damage_taken":[{"damage":0,"enemies":"Small Slimes","floor":1,"turns":4},{"damage":2,"enemies":"2 Louse","floor":4,"turns":2},{"damage":7,"enemies":"Lagavulin","floor":7,"turns":5},{"damage":0,"enemies":"Cultist","floor":8,"turns":3},{"damage":4,"enemies":"3 Sentries","floor":14,"turns":7},{"damage":18,"enemies":"Hexaghost","floor":16,"turns":15},{"damage":0,"enemies":"3 Byrds","floor":18,"turns":5},{"damage":15,"enemies":"Masked Bandits","floor":19,"turns":6},{"damage":0,"enemies":"Shell Parasite","floor":20,"turns":4},{"damage":2,"enemies":"Centurion and Healer","floor":21,"turns":7},{"damage":0,"enemies":"Snake Plant","floor":22,"turns":4},{"damage":8,"enemies":"Slavers","floor":24,"turns":10},{"damage":7,"enemies":"Colosseum Slavers","floor":25,"turns":4},{"damage":16,"enemies":"Colosseum Nobs","floor":25,"turns":5},{"damage":15,"enemies":"Gremlin Leader","floor":28,"turns":5},{"damage":0,"enemies":"Cultist and Chosen","floor":29,"turns":4},{"damage":0,"enemies":"Snecko","floor":31,"turns":4},{"damage":68,"enemies":"Champ","floor":33,"turns":11}],"seed_played":"-5246239667902308963","potions_obtained":[{"floor":4,"key":"AttackPotion"},{"floor":14,"key":"SkillPotion"},{"floor":20,"key":"Block Potion"},{"floor":22,"key":"Dexterity Potion"},{"floor":24,"key":"SteroidPotion"},{"floor":29,"key":"LiquidBronze"},{"floor":31,"key":"GhostInAJar"}],"is_trial":false,"path_per_floor":["M","$","?","M","?","R","E","M","T","R","$","?","?","E","R","B",null,"M","?","M","M","M","R","E","?","T","R","E","M","R","M","R","B"],"character_chosen":"THE_SILENT","items_purchased":["Flash of Steel","Oddly Smooth Stone","Endless Agony"],"campfire_rested":3,"item_purchase_floors":[2,11,11],"current_hp_per_floor":[59,59,64,62,62,62,55,55,55,55,55,34,34,30,30,12,56,56,41,41,39,39,60,52,29,29,50,42,42,65,65,65,0],"gold":442,"neow_bonus":"BOSS_RELIC","is_prod":false,"is_daily":false,"chose_seed":false,"campfire_upgraded":4,"win_rate":0,"timestamp":1557296715,"path_taken":["M","$","?","M","?","R","E","M","T","R","$","?","?","E","R","BOSS","M","?","M","M","M","R","E","?","T","R","E","M","R","M","R","BOSS"],"build_version":"2019-01-23","purchased_purges":0,"victory":false,"max_hp_per_floor":[66,66,71,71,71,71,71,71,71,71,71,71,71,71,71,71,71,71,71,71,71,71,71,71,71,71,71,78,78,78,78,78,78],"card_choices":[{"not_picked":["Escape Plan","Calculated Gamble"],"picked":"Blade Dance","floor":1},{"not_picked":["Choke","Deadly Poison"],"picked":"Slice","floor":4},{"not_picked":["Poisoned Stab","PiercingWail"],"picked":"Calculated Gamble","floor":7},{"not_picked":["Quick Slash","Eviscerate"],"picked":"Backflip","floor":8},{"not_picked":["Flying Knee","Night Terror"],"picked":"Malaise","floor":14},{"not_picked":["Corpse Explosion","Venomology"],"picked":"Storm of Steel","floor":16},{"not_picked":["Underhanded Strike","Skewer"],"picked":"Terror","floor":18},{"not_picked":["Distraction","Dodge and Roll"],"picked":"Leg Sweep","floor":19},{"not_picked":["Sucker Punch","Caltrops"],"picked":"Blur","floor":20},{"not_picked":["Dodge and Roll+1","Acrobatics"],"picked":"Backstab","floor":21},{"not_picked":["Blur","Backflip"],"picked":"Blade Dance","floor":22},{"not_picked":["Blur","Underhanded Strike"],"picked":"Heel Hook","floor":24},{"not_picked":["Bane","Dagger Throw"],"picked":"Prepared","floor":25},{"not_picked":["Caltrops+1","Acrobatics"],"picked":"Unload","floor":28},{"not_picked":["Bane","Riddle With Holes"],"picked":"Flying Knee+1","floor":29},{"not_picked":["Outmaneuver","Corpse Explosion"],"picked":"Quick Slash","floor":31}],"player_experience":627297,"relics_obtained":[{"floor":7,"key":"Anchor"},{"floor":9,"key":"Boot"},{"floor":14,"key":"Whetstone"},{"floor":19,"key":"Red Mask"},{"floor":24,"key":"Tingsha"},{"floor":25,"key":"Pocketwatch"},{"floor":25,"key":"Mercury Hourglass"},{"floor":26,"key":"Orichalcum"},{"floor":28,"key":"Strawberry"}],"event_choices":[{"damage_healed":0,"gold_gain":0,"player_choice":"Donut","damage_taken":0,"max_hp_gain":5,"max_hp_loss":0,"event_name":"Big Fish","floor":3,"gold_loss":0},{"damage_healed":0,"gold_gain":150,"player_choice":"AGREE","damage_taken":0,"max_hp_gain":0,"max_hp_loss":0,"event_name":"Liars Game","floor":5,"gold_loss":0,"cards_obtained":["Doubt"]},{"damage_healed":0,"gold_gain":0,"player_choice":"Entered Light","damage_taken":21,"max_hp_gain":0,"max_hp_loss":0,"event_name":"Shining Light","floor":12,"gold_loss":0,"cards_upgraded":["Strike_G","Backflip"]},{"damage_healed":0,"gold_gain":0,"player_choice":"2 cards matched","damage_taken":0,"max_hp_gain":0,"max_hp_loss":0,"event_name":"Match and Keep!","floor":13,"gold_loss":0,"cards_obtained":["Backflip","Neutralize"]},{"damage_healed":0,"gold_gain":0,"player_choice":"Fought Bandits","damage_taken":0,"max_hp_gain":0,"max_hp_loss":0,"event_name":"Masked Bandits","floor":19,"gold_loss":0},{"damage_healed":0,"gold_gain":0,"player_choice":"Fight","damage_taken":0,"max_hp_gain":0,"max_hp_loss":0,"event_name":"Colosseum","floor":25,"gold_loss":0},{"damage_healed":0,"gold_gain":0,"player_choice":"Fought Nobs","damage_taken":0,"max_hp_gain":0,"max_hp_loss":0,"event_name":"Colosseum","floor":25,"gold_loss":0}],"is_beta":false,"boss_relics":[{"not_picked":["Runic Pyramid","Busted Crown"],"picked":"Empty Cage"}],"items_purged_floors":[],"is_endless":false,"potions_floor_spawned":[4,14,20,22,24,25,29,31],"killed_by":"Champ","ascension_level":15}