{"gold_per_floor":[116,116,116,41,53,53,69,133,133,151,151,183,183,200,200,200],"floor_reached":16,"playtime":586,"items_purged":["Regret"],"score":190,"play_id":"a4f07df9-30dc-4f2a-8eea-59e37f50e3a9","local_time":"20181011215335","is_ascension_mode":true,"campfire_choices":[{"floor":6,"key":"REST"},{"floor":11,"key":"REST"},{"data":"Zap","floor":13,"key":"SMITH"},{"data":"1","floor":15,"key":"LIFT"}],"neow_cost":"CURSE","seed_source_timestamp":178535102849796,"circlet_count":0,"master_deck":["Strike_B","Strike_B","Strike_B","Strike_B","Defend_B","Defend_B+1","Defend_B","Defend_B+1","Zap+1","Dualcast","AscendersBane","Doubt","Sweeping Beam","Streamline","Scrape","Auto Shields+1","Coolheaded+1","Fusion+1","Sunder"],"relics":["Cracked Core","Girya","Toxic Egg 2","Sundial","Turnip","Art of War"],"potions_floor_usage":[8,10,12,16],"damage_taken":[{"damage":4,"enemies":"2 Louse","floor":1,"turns":3},{"damage":0,"enemies":"Small Slimes","floor":5,"turns":2},{"damage":12,"enemies":"Jaw Worm","floor":7,"turns":3},{"damage":29,"enemies":"3 Sentries","floor":8,"turns":6},{"damage":18,"enemies":"Large Slime","floor":10,"turns":7},{"damage":3,"enemies":"3 Sentries","floor":12,"turns":8},{"damage":1,"enemies":"Looter","floor":14,"turns":4},{"damage":20,"enemies":"Hexaghost","floor":16,"turns":9}],"seed_played":"-1525516415027504539","potions_obtained":[{"floor":5,"key":"Strength Potion"},{"floor":8,"key":"SkillPotion"},{"floor":10,"key":"FocusPotion"},{"floor":12,"key":"FearPotion"}],"is_trial":false,"path_per_floor":["M","?","?","$","M","R","M","?","T","M","R","E","R","M","R"],"character_chosen":"DEFECT","items_purchased":[],"campfire_rested":2,"item_purchase_floors":[],"current_hp_per_floor":[60,60,39,39,39,60,48,19,19,1,22,19,19,18,18,0],"gold":200,"neow_bonus":"ONE_RARE_RELIC","is_prod":false,"is_daily":false,"chose_seed":false,"campfire_upgraded":1,"win_rate":0,"timestamp":1539309215,"path_taken":["M","?","?","$","M","R","?","?","T","?","R","E","R","M","R","BOSS"],"build_version":"2018-10-11","purchased_purges":1,"victory":false,"max_hp_per_floor":[71,71,71,71,71,71,71,71,71,71,71,71,71,71,71,71],"card_choices":[{"not_picked":["Undo","Rebound"],"picked":"Sweeping Beam","floor":1},{"not_picked":["Redo+1","Rebound"],"picked":"Streamline","floor":5},{"not_picked":["Heatsinks","Compile Driver"],"picked":"Scrape","floor":7},{"not_picked":["Reinforced Body+1","Gash"],"picked":"Auto Shields+1","floor":8},{"not_picked":["Conserve Battery+1","Hologram+1"],"picked":"Coolheaded+1","floor":10},{"not_picked":["Barrage","Amplify+1"],"picked":"Fusion+1","floor":12},{"not_picked":["Capacitor","Reinforced Body+1"],"picked":"Sunder","floor":14}],"player_experience":752817,"relics_obtained":[{"floor":8,"key":"Sundial"},{"floor":9,"key":"Turnip"},{"floor":12,"key":"Art of War"}],"event_choices":[{"event_name":"Big Fish","player_choice":"Box","floor":2,"damage_taken":0},{"event_name":"Shining Light","player_choice":"Entered Light","floor":3,"damage_taken":0},{"event_name":"Dead Adventurer","player_choice":"Searched \u00271\u0027 times","floor":8,"damage_taken":0}],"is_beta":false,"boss_relics":[],"items_purged_floors":[4],"is_endless":false,"potions_floor_spawned":[5,8,10,12],"killed_by":"Hexaghost","ascension_level":18}