{"gold_per_floor":[117,267,192,4,18,47,47,122,148,148,176,251,281,297,297,297],"floor_reached":16,"playtime":652,"items_purged":[],"score":191,"play_id":"6188b311-7b8a-475e-9211-c8ff669a2666","local_time":"20190508101917","is_ascension_mode":true,"campfire_choices":[{"floor":7,"key":"REST"},{"floor":10,"key":"REST"},{"floor":15,"key":"REST"}],"neow_cost":"NONE","seed_source_timestamp":230824272295101,"circlet_count":0,"master_deck":["AscendersBane","Defend_G","Defend_G","Defend_G","Defend_G","Defend_G","Strike_G","Strike_G","Strike_G","Strike_G","Strike_G","Survivor","Neutralize","PiercingWail","Mayhem","Dash","Glass Knife","Terror","Blade Dance","Finisher","Tools of the Trade"],"relics":["Ring of the Snake","Blood Vial","Dream Catcher","Peace Pipe","Bronze Scales"],"potions_floor_usage":[6,11],"damage_taken":[{"damage":10,"enemies":"Jaw Worm","floor":1,"turns":6},{"damage":4,"enemies":"Small Slimes","floor":5,"turns":5},{"damage":39,"enemies":"3 Sentries","floor":6,"turns":12},{"damage":5,"enemies":"Lagavulin","floor":11,"turns":8},{"damage":0,"enemies":"2 Louse","floor":14,"turns":2},{"damage":80,"enemies":"Slime Boss","floor":16,"turns":11}],"seed_played":"3375781213507334376","potions_obtained":[{"floor":5,"key":"Fire Potion"},{"floor":6,"key":"Ancient Potion"}],"is_trial":false,"path_per_floor":["M","?","?","$","M","E","R","?","T","R","E","?","?","M","R","B"],"character_chosen":"THE_SILENT","items_purchased":["Mayhem"],"campfire_rested":3,"item_purchase_floors":[4],"current_hp_per_floor":[55,55,55,55,51,12,33,22,22,43,40,40,40,42,63,0],"gold":297,"neow_bonus":"TEN_PERCENT_HP_BONUS","is_prod":false,"is_daily":false,"chose_seed":false,"campfire_upgraded":0,"win_rate":0,"timestamp":1557335957,"path_taken":["M","?","?","$","M","E","R","?","T","R","E","?","?","M","R","BOSS"],"build_version":"2019-01-23","purchased_purges":0,"victory":false,"max_hp_per_floor":[72,72,72,72,72,72,72,72,72,72,72,72,72,72,72,72],"card_choices":[{"not_picked":["Flying Knee","Finisher"],"picked":"PiercingWail","floor":1},{"not_picked":["Calculated Gamble","Riddle With Holes"],"picked":"Dash","floor":5},{"not_picked":["Dash","Outmaneuver"],"picked":"Glass Knife","floor":6},{"not_picked":["Heel Hook","Underhanded Strike"],"picked":"Terror","floor":10},{"not_picked":["Underhanded Strike","Prepared"],"picked":"Blade Dance","floor":11},{"not_picked":["Slice","Deflect"],"picked":"Finisher","floor":14},{"not_picked":["Deadly Poison","Underhanded Strike"],"picked":"Tools of the Trade","floor":15}],"player_experience":634960,"relics_obtained":[{"floor":6,"key":"Blood Vial"},{"floor":9,"key":"Dream Catcher"},{"floor":11,"key":"Peace Pipe"}],"event_choices":[{"damage_healed":0,"gold_gain":150,"player_choice":"AGREE","damage_taken":0,"max_hp_gain":0,"max_hp_loss":0,"event_name":"Liars Game","floor":2,"gold_loss":0,"cards_obtained":["Doubt"]},{"cards_removed":["Doubt"],"damage_healed":0,"gold_gain":0,"player_choice":"Card Removal","damage_taken":0,"max_hp_gain":0,"max_hp_loss":0,"event_name":"The Cleric","floor":3,"gold_loss":75},{"damage_healed":0,"gold_gain":75,"player_choice":"Gather Gold","damage_taken":11,"max_hp_gain":0,"max_hp_loss":0,"event_name":"World of Goop","floor":8,"gold_loss":0},{"damage_healed":0,"gold_gain":75,"player_choice":"Gained Gold","damage_taken":0,"max_hp_gain":0,"max_hp_loss":0,"event_name":"Golden Wing","floor":12,"gold_loss":0},{"damage_healed":0,"gold_gain":30,"player_choice":"Searched \u00273\u0027 times","damage_taken":0,"relics_obtained":["Bronze Scales"],"max_hp_gain":0,"max_hp_loss":0,"event_name":"Dead Adventurer","floor":13,"gold_loss":0}],"is_beta":false,"boss_relics":[],"items_purged_floors":[],"is_endless":false,"potions_floor_spawned":[5,6],"killed_by":"Slime Boss","ascension_level":16}