{"gold_per_floor":[112,124,139,89,105,130,130,156,156,156],"floor_reached":10,"playtime":303,"items_purged":[],"score":113,"play_id":"d242e7ee-fe0b-4118-a52d-b93aaf3ab240","local_time":"20190218180416","is_ascension_mode":true,"campfire_choices":[{"floor":7,"key":"REST"}],"neow_cost":"NONE","seed_source_timestamp":495932700906477,"circlet_count":0,"master_deck":["Defend_G","Defend_G","Defend_G","Defend_G","Defend_G","Strike_G","Strike_G","Strike_G","Strike_G","Survivor","Neutralize","Backstab","PiercingWail","All Out Attack","Crippling Poison","Decay"],"relics":["Cursed Key","Mercury Hourglass","Meat on the Bone","Pantograph"],"potions_floor_usage":[6,10],"damage_taken":[{"damage":0,"enemies":"Small Slimes","floor":1,"turns":4},{"damage":0,"enemies":"Jaw Worm","floor":2,"turns":3},{"damage":0,"enemies":"2 Louse","floor":3,"turns":2},{"damage":8,"enemies":"Red Slaver","floor":5,"turns":4},{"damage":30,"enemies":"Gremlin Nob","floor":6,"turns":5},{"damage":28,"enemies":"Lagavulin","floor":8,"turns":9},{"damage":33,"enemies":"Gremlin Nob","floor":10,"turns":4}],"seed_played":"-8203234662131873030","potions_obtained":[{"floor":5,"key":"Poison Potion"},{"floor":8,"key":"Weak Potion"}],"is_trial":false,"path_per_floor":["M","M","M","?","M","E","R","E","T","?"],"character_chosen":"THE_SILENT","items_purchased":[],"campfire_rested":1,"item_purchase_floors":[],"current_hp_per_floor":[63,63,63,63,55,25,46,18,18,0],"gold":156,"neow_bonus":"BOSS_RELIC","is_prod":false,"is_daily":false,"chose_seed":false,"campfire_upgraded":0,"win_rate":0,"timestamp":1550531056,"path_taken":["M","M","M","?","M","E","R","E","T","?"],"build_version":"2019-01-23","purchased_purges":0,"victory":false,"max_hp_per_floor":[70,70,70,70,70,70,70,70,70,70],"card_choices":[{"not_picked":["Outmaneuver","Slice"],"picked":"Backstab","floor":1},{"not_picked":["Eviscerate","Dodge and Roll"],"picked":"PiercingWail","floor":2},{"not_picked":["Prepared","Dagger Throw"],"picked":"All Out Attack","floor":3},{"not_picked":["Acrobatics","Accuracy"],"picked":"Crippling Poison","floor":5},{"not_picked":["Choke","Bullet Time","Dodge and Roll"],"picked":"SKIP","floor":6},{"not_picked":["Caltrops","Flechettes","Unload"],"picked":"SKIP","floor":8}],"player_experience":307720,"relics_obtained":[{"floor":6,"key":"Mercury Hourglass"},{"floor":8,"key":"Meat on the Bone"},{"floor":9,"key":"Pantograph"}],"event_choices":[{"cards_removed":["Strike_G"],"damage_healed":0,"gold_gain":0,"player_choice":"Card Removal","damage_taken":0,"max_hp_gain":0,"max_hp_loss":0,"event_name":"The Cleric","floor":4,"gold_loss":50},{"damage_healed":0,"gold_gain":0,"player_choice":"Searched \u00271\u0027 times","damage_taken":0,"max_hp_gain":0,"max_hp_loss":0,"event_name":"Dead Adventurer","floor":10,"gold_loss":0}],"is_beta":false,"boss_relics":[],"items_purged_floors":[],"is_endless":false,"potions_floor_spawned":[5,8],"killed_by":"Gremlin Nob","ascension_level":9}