{"gold_per_floor":[214,214,214,224,243,243,269,269,269,302,227,327,352,368,368,472,472,487,502,502,518,518,529,541,568,568,568,587,97,97,124,124,226,226,245,260,308,408,408,437,437,470,470,488,104,104,64,93,93,93,93,93,23,57,57],"floor_reached":55,"playtime":1921,"items_purged":["Strike_R","Pain","Strike_R"],"score":1089,"play_id":"0a494f48-05bc-4719-b20e-a4640d3d5150","local_time":"20190524174054","is_ascension_mode":true,"campfire_choices":[{"data":"Immolate","floor":6.0,"key":"SMITH"},{"floor":8.0,"key":"REST"},{"data":"Shockwave","floor":15.0,"key":"SMITH"},{"floor":27,"key":"REST"},{"floor":30,"key":"RECALL"},{"floor":32,"key":"REST"},{"floor":41,"key":"REST"},{"floor":46,"key":"REST"},{"floor":49,"key":"REST"},{"floor":52,"key":"REST"}],"neow_cost":"NONE","seed_source_timestamp":0,"circlet_count":0,"master_deck":["Strike_R+1","Strike_R+1","Defend_R","Defend_R+1","Defend_R","Bash+1","Immolate+1","Disarm","Shockwave+1","Bludgeon+1","Armaments+1","Headbutt","Burning Pact+1","Bloodletting+1","Spot Weakness+1","Limit Break","Inflame+1","Sword Boomerang+1","Metallicize+1","Madness","Madness","Uppercut","Pummel","Limit Break","Heavy Blade+1"],"special_seed":0,"relics":["Burning Blood","Dodecahedron","FossilizedHelix","Frozen Egg 2","Orichalcum","Centennial Puzzle","Fusion Hammer","WarpedTongs","MutagenicStrength","StoneCalendar","Blue Candle","Membership Card","Matryoshka","Ornamental Fan","Oddly Smooth Stone","Empty Cage","Calipers","WingedGreaves","Potion Belt","Pen Nib","Sundial","Sling","Whetstone","Regal Pillow","Mercury Hourglass","Bottled Flame"],"potions_floor_usage":[25,25,28,42,44,55,55,55,55],"damage_taken":[{"damage":3.0,"enemies":"Jaw Worm","floor":1.0,"turns":5.0},{"damage":1.0,"enemies":"Cultist","floor":4.0,"turns":3.0},{"damage":0.0,"enemies":"Small Slimes","floor":5.0,"turns":2.0},{"damage":30.0,"enemies":"Lagavulin","floor":7.0,"turns":5.0},{"damage":16.0,"enemies":"Gremlin Nob","floor":10.0,"turns":4.0},{"damage":14.0,"enemies":"Lagavulin","floor":13.0,"turns":6.0},{"damage":0.0,"enemies":"2 Fungi Beasts","floor":14.0,"turns":2.0},{"damage":23.0,"enemies":"The Guardian","floor":16.0,"turns":10.0},{"damage":3.0,"enemies":"Chosen","floor":18.0,"turns":4.0},{"damage":8.0,"enemies":"2 Thieves","floor":19.0,"turns":2.0},{"damage":23.0,"enemies":"Sentry and Sphere","floor":21.0,"turns":4.0},{"damage":0.0,"enemies":"3 Cultists","floor":23.0,"turns":3.0},{"damage":7.0,"enemies":"Centurion and Healer","floor":24.0,"turns":4.0},{"damage":8,"enemies":"Slavers","floor":25,"turns":4},{"damage":0,"enemies":"Snake Plant","floor":28,"turns":2},{"damage":12,"enemies":"Book of Stabbing","floor":31,"turns":5},{"damage":71,"enemies":"Automaton","floor":33,"turns":9},{"damage":0,"enemies":"3 Shapes","floor":35,"turns":4},{"damage":9,"enemies":"3 Darklings","floor":36,"turns":2},{"damage":10,"enemies":"2 Orb Walkers","floor":37,"turns":3},{"damage":0,"enemies":"Mind Bloom Boss Battle","floor":38,"turns":6},{"damage":0,"enemies":"Nemesis","floor":40,"turns":7},{"damage":41,"enemies":"Reptomancer","floor":42,"turns":5},{"damage":24,"enemies":"Sphere and 2 Shapes","floor":44,"turns":3},{"damage":22,"enemies":"Giant Head","floor":48,"turns":6},{"damage":28,"enemies":"Awakened One","floor":50,"turns":6},{"damage":27,"enemies":"Shield and Spear","floor":54,"turns":5},{"damage":66,"enemies":"The Heart","floor":55,"turns":2}],"seed_played":"-3785750840946581792","potions_obtained":[{"floor":1.0,"key":"Ancient Potion"},{"floor":7.0,"key":"Weak Potion"},{"floor":14.0,"key":"Energy Potion"},{"floor":18.0,"key":"Poison Potion"},{"floor":25,"key":"Fire Potion"},{"floor":28,"key":"GamblersBrew"},{"floor":35,"key":"LiquidBronze"},{"floor":40,"key":"SneckoOil"},{"floor":44,"key":"Fire Potion"}],"is_trial":false,"path_per_floor":["M","?","?","M","M","R","E","R","T","E","$","?","E","M","R","B",null,"M","M","?","M","?","M","M","E","T","R","M","$","R","E","R","B",null,"M","M","?","?","?","E","R","E","T","M","$","R","?","E","R","B",null,"R","$","E","B"],"character_chosen":"IRONCLAD","items_purchased":["Membership Card","Matryoshka","Ornamental Fan","Sling","Whetstone","Regal Pillow","Regen Potion","Strength Potion","Limit Break"],"campfire_rested":7,"item_purchase_floors":[29,29,29,45,45,45,45,45,53],"current_hp_per_floor":[80,64,46,51,57,57,33,57,57,47,47,47,39,45,45,28,67,70,68,68,51,51,57,56,54,54,78,80,80,80,74,80,15,64,70,67,63,69,59,65,80,45,45,27,27,66,66,50,80,58,75,80,80,59,0],"gold":57,"neow_bonus":"HUNDRED_GOLD","is_prod":false,"is_daily":false,"chose_seed":false,"campfire_upgraded":2,"win_rate":0,"timestamp":1558712454,"path_taken":["M","?","?","M","?","R","E","R","T","E","$","?","E","M","R","BOSS","M","M","?","?","?","M","M","E","T","R","M","$","R","E","R","BOSS","M","M","?","?","?","E","R","E","T","M","$","R","?","E","R","BOSS","R","$","E","BOSS"],"build_version":"2019-01-23","purchased_purges":3,"victory":false,"max_hp_per_floor":[80,80,80,80,80,80,80,80,80,80,80,80,80,80,80,80,80,80,80,80,80,80,80,80,80,80,80,80,80,80,80,80,80,80,80,80,80,80,80,80,80,80,80,80,80,80,80,80,80,80,80,80,80,80,80],"card_choices":[{"not_picked":["Feel No Pain","Sword Boomerang","Armaments"],"picked":"SKIP","floor":1.0},{"not_picked":["True Grit","Sever Soul","Warcry"],"picked":"SKIP","floor":4.0},{"not_picked":["Searing Blow","Carnage"],"picked":"Immolate","floor":5.0},{"not_picked":["Carnage","Iron Wave","Flex"],"picked":"SKIP","floor":7.0},{"not_picked":["Shockwave","Burning Pact"],"picked":"Disarm","floor":10.0},{"not_picked":["Rampage","Rupture+1"],"picked":"Shockwave","floor":13.0},{"not_picked":["Flex","Heavy Blade","Havoc"],"picked":"SKIP","floor":14.0},{"not_picked":["Barricade+1","Feed"],"picked":"Bludgeon","floor":16.0},{"not_picked":["Armaments+1","Iron Wave+1","Combust+1"],"picked":"SKIP","floor":18.0},{"not_picked":["Armaments+1","Iron Wave+1","Combust+1"],"picked":"SKIP","floor":18.0},{"not_picked":["Iron Wave+1","Combust+1"],"picked":"Armaments+1","floor":18.0},{"not_picked":["Warcry","Sentinel","Clash+1"],"picked":"SKIP","floor":19.0},{"not_picked":["Disarm","Fire Breathing+1"],"picked":"Headbutt","floor":21.0},{"not_picked":["Anger","Evolve+1","True Grit"],"picked":"SKIP","floor":23.0},{"not_picked":["Perfected Strike","Burning Pact","Barricade+1"],"picked":"SKIP","floor":24.0},{"not_picked":["Perfected Strike","Barricade+1"],"picked":"Burning Pact","floor":24.0},{"not_picked":["Anger","Warcry"],"picked":"Bloodletting+1","floor":25},{"not_picked":["Havoc","Iron Wave"],"picked":"Spot Weakness+1","floor":28},{"not_picked":["Blood for Blood","Bloodletting","Havoc"],"picked":"SKIP","floor":31},{"not_picked":["Blood for Blood","Bloodletting","Havoc"],"picked":"SKIP","floor":31},{"not_picked":["Barricade+1","Fiend Fire"],"picked":"Limit Break","floor":33},{"not_picked":["Sword Boomerang+1","Iron Wave+1"],"picked":"Inflame+1","floor":35},{"not_picked":["Iron Wave+1","Power Through+1"],"picked":"Sword Boomerang+1","floor":36},{"not_picked":["Clothesline+1","True Grit"],"picked":"Metallicize+1","floor":38},{"not_picked":["Combust+1","Armaments+1","Warcry+1"],"picked":"SKIP","floor":40},{"not_picked":["Metallicize+1","Seeing Red+1"],"picked":"Uppercut","floor":42},{"not_picked":["Clash+1","Warcry+1","True Grit"],"picked":"SKIP","floor":44},{"not_picked":["Exhume","True Grit"],"picked":"Pummel","floor":48},{"not_picked":["Thunderclap+1","Shrug It Off+1"],"picked":"Heavy Blade+1","floor":54}],"player_experience":86222,"relics_obtained":[{"floor":7.0,"key":"FossilizedHelix"},{"floor":9.0,"key":"Frozen Egg 2"},{"floor":10.0,"key":"Orichalcum"},{"floor":13.0,"key":"Centennial Puzzle"},{"floor":25,"key":"StoneCalendar"},{"floor":26,"key":"Blue Candle"},{"floor":31,"key":"Oddly Smooth Stone"},{"floor":37,"key":"Calipers"},{"floor":38,"key":"WingedGreaves"},{"floor":40,"key":"Potion Belt"},{"floor":42,"key":"Pen Nib"},{"floor":43,"key":"Sundial"},{"floor":48,"key":"Mercury Hourglass"},{"floor":54,"key":"Bottled Flame"}],"event_choices":[{"damage_healed":0.0,"max_hp_gain":0.0,"max_hp_loss":0.0,"gold_gain":0.0,"event_name":"Shining Light","player_choice":"Entered Light","floor":2.0,"gold_loss":0.0,"damage_taken":16.0,"cards_upgraded":["Bash","Strike_R"]},{"damage_healed":0.0,"max_hp_gain":0.0,"max_hp_loss":0.0,"gold_gain":0.0,"event_name":"Scrap Ooze","player_choice":"Success","floor":3.0,"gold_loss":0.0,"damage_taken":18.0,"relics_obtained":["Dodecahedron"]},{"damage_healed":0.0,"max_hp_gain":0.0,"max_hp_loss":0.0,"gold_gain":100.0,"event_name":"Golden Shrine","player_choice":"Pray","floor":12.0,"gold_loss":0.0,"damage_taken":0.0},{"damage_healed":0.0,"max_hp_gain":0.0,"max_hp_loss":0.0,"gold_gain":0.0,"event_name":"Accursed Blacksmith","player_choice":"Rummage","floor":20.0,"gold_loss":0.0,"damage_taken":0.0,"relics_obtained":["WarpedTongs"],"cards_obtained":["Pain"]},{"damage_healed":0.0,"max_hp_gain":0.0,"max_hp_loss":0.0,"gold_gain":0.0,"event_name":"Drug Dealer","player_choice":"Inject Mutagens","floor":22.0,"gold_loss":0.0,"damage_taken":0.0,"relics_obtained":["MutagenicStrength"]},{"damage_healed":0,"gold_gain":0,"player_choice":"Fight","damage_taken":0,"max_hp_gain":0,"max_hp_loss":0,"event_name":"Mysterious Sphere","floor":37,"gold_loss":0},{"damage_healed":0,"gold_gain":0,"player_choice":"Fight","damage_taken":0,"max_hp_gain":0,"max_hp_loss":0,"event_name":"MindBloom","floor":38,"gold_loss":0},{"damage_healed":0,"gold_gain":0,"player_choice":"Embrace Madness","damage_taken":10,"max_hp_gain":0,"max_hp_loss":0,"event_name":"Winding Halls","floor":39,"gold_loss":0,"cards_obtained":["Madness","Madness"]},{"damage_healed":0,"gold_gain":0,"player_choice":"Upgraded Two","damage_taken":0,"max_hp_gain":0,"max_hp_loss":0,"event_name":"Designer","floor":47,"gold_loss":40,"cards_upgraded":["Defend_R","Burning Pact"]}],"is_beta":false,"boss_relics":[{"not_picked":["Eternal Feather","Calling Bell"],"picked":"Fusion Hammer"},{"not_picked":["Tiny House","Orrery"],"picked":"Empty Cage"}],"items_purged_floors":[11,29,45],"is_endless":false,"potions_floor_spawned":[1,7,14,18,23,25,28,35,38,40,44],"killed_by":"The Heart","ascension_level":5}