{"path_per_floor":["M","M","?","$","T","E","M","E","T","R","M","R","M","M","R","B",null,"M","M","?","$","?","R","E","R","T","$","M","M","E","?","R","B",null,"M","?","M","?","M","R","M","M","T"],"character_chosen":"IRONCLAD","items_purchased":["Anchor","Panache","Headbutt"],"gold_per_floor":[219,236,236,4,27,57,75,105,105,105,124,124,141,156,156,257,257,277,294,294,18,18,18,53,53,53,27,38,57,87,87,87,189,219,233,233,249,249,267,267,280,292,292,292],"floor_reached":44,"campfire_rested":6,"playtime":5022,"current_hp_per_floor":[80,80,80,80,80,69,73,47,47,47,41,65,36,39,63,12,80,32,35,35,35,35,59,9,33,33,33,31,45,16,16,28,31,45,45,45,45,40,23,36,40,34,34,0],"items_purged":["Strike_R","Strike_R"],"gold":292,"score":510,"play_id":"a5bc1868-5db5-45b0-b852-9215846e2335","local_time":"20180514005931","is_prod":false,"is_daily":false,"chose_seed":false,"is_ascension_mode":false,"campfire_upgraded":1,"timestamp":1526255971,"path_taken":["M","M","?","$","?","E","?","E","T","R","M","R","M","M","R","BOSS","M","M","?","$","?","R","E","R","T","$","M","M","E","?","R","BOSS","M","?","M","?","M","R","M","M","T","E"],"build_version":"2018-05-10","seed_source_timestamp":176210640147527,"purchased_purges":2,"victory":false,"master_deck":["Strike_R","Strike_R","Strike_R","Defend_R","Defend_R","Defend_R","Bash","Infernal Blade","Clothesline","Rage+1","Bash","Pommel Strike","Hemokinesis","Cleave+1","Barricade","Armaments","Carnage","Immolate","Cleave+1","Flex","Panache","Impervious","Headbutt+1","Rupture+1","Entrench+1","Twin Strike+1","Ghostly","Ghostly","Ghostly","Ghostly","Ghostly","Anger+1","Pummel+1","Fire Breathing+1","Dark Shackles","Enlightenment","Cleave+1"],"max_hp_per_floor":[80,80,80,80,80,80,80,80,80,80,80,80,80,80,80,80,80,80,80,80,80,80,80,80,80,80,80,80,80,80,40,40,40,45,45,45,45,45,45,45,45,45,45,45],"relics":["Burning Blood","Anchor","Omamori","Bronze Scales","Lantern","Bottled Lightning","Philosopher\u0027s Stone","Pen Nib","Letter Opener","Molten Egg 2","Self Forming Clay","Tiny House","Bag of Marbles"],"card_choices":[{"not_picked":["Armaments","Wild Strike"],"picked":"Infernal Blade","floor":1},{"not_picked":["Entrench","Fire Breathing"],"picked":"Clothesline","floor":2},{"not_picked":["Armaments","Wild Strike"],"picked":"Pommel Strike","floor":6},{"not_picked":["Iron Wave","Headbutt"],"picked":"Hemokinesis","floor":7},{"not_picked":["Inflame","Reckless Charge"],"picked":"Cleave","floor":8},{"not_picked":["Spot Weakness","Inflame"],"picked":"Barricade","floor":11},{"not_picked":["True Grit","Headbutt"],"picked":"Armaments","floor":13},{"not_picked":["Sever Soul","Headbutt"],"picked":"Carnage","floor":14},{"not_picked":["Limit Break","Berserk"],"picked":"Immolate","floor":16},{"not_picked":["Thunderclap","Rage"],"picked":"Cleave","floor":18},{"not_picked":["Combust","Perfected Strike"],"picked":"Flex","floor":19},{"not_picked":["Body Slam","Hemokinesis"],"picked":"Impervious","floor":24},{"not_picked":["Shrug It Off","Wild Strike"],"picked":"Rupture","floor":28},{"not_picked":["Shockwave","Rupture"],"picked":"Entrench","floor":29},{"not_picked":["Blood for Blood","True Grit"],"picked":"Twin Strike","floor":30},{"not_picked":["Perfected Strike","Twin Strike"],"picked":"Anger","floor":34},{"not_picked":["Clothesline","True Grit"],"picked":"Pummel","floor":35},{"not_picked":["Burning Pact","Thunderclap"],"picked":"Fire Breathing","floor":37},{"not_picked":["Blind","Transmutation"],"picked":"Dark Shackles","floor":38},{"not_picked":["Mind Blast","Blind"],"picked":"Enlightenment","floor":38},{"not_picked":["Shrug It Off","Fire Breathing"],"picked":"Cleave","floor":41}],"player_experience":25663,"potions_floor_usage":[16,16,29,30],"damage_taken":[{"damage":5,"enemies":"Jaw Worm","floor":1,"turns":6},{"damage":6,"enemies":"Cultist","floor":2,"turns":3},{"damage":17,"enemies":"3 Sentries","floor":6,"turns":9},{"damage":2,"enemies":"Small Slimes","floor":7,"turns":3},{"damage":32,"enemies":"Lagavulin","floor":8,"turns":5},{"damage":12,"enemies":"Exordium Thugs","floor":11,"turns":4},{"damage":35,"enemies":"Gremlin Gang","floor":13,"turns":5},{"damage":3,"enemies":"Exordium Wildlife","floor":14,"turns":2},{"damage":57,"enemies":"The Guardian","floor":16,"turns":11},{"damage":54,"enemies":"3 Byrds","floor":18,"turns":4},{"damage":3,"enemies":"Chosen","floor":19,"turns":5},{"damage":56,"enemies":"Gremlin Leader","floor":24,"turns":6},{"damage":8,"enemies":"Sentry and Sphere","floor":28,"turns":4},{"damage":0,"enemies":"Snecko","floor":29,"turns":3},{"damage":35,"enemies":"Slavers","floor":30,"turns":5},{"damage":3,"enemies":"Automaton","floor":33,"turns":13},{"damage":0,"enemies":"Orb Walker","floor":35,"turns":3},{"damage":5,"enemies":"3 Shapes","floor":37,"turns":3},{"damage":23,"enemies":"3 Darklings","floor":39,"turns":6},{"damage":2,"enemies":"Maw","floor":41,"turns":10},{"damage":12,"enemies":"4 Shapes","floor":42,"turns":3},{"damage":40,"enemies":"Giant Head","floor":44,"turns":9}],"event_choices":[{"event_name":"Match and Keep!","player_choice":"2 cards matched","floor":3,"damage_taken":0},{"event_name":"The Mausoleum","player_choice":"Yes","floor":20,"damage_taken":0},{"event_name":"Bonfire Elementals","player_choice":"BASIC","floor":22,"damage_taken":0},{"event_name":"Ghosts","player_choice":"Became a Ghost","floor":31,"damage_taken":0},{"event_name":"Tomb of Lord Red Mask","player_choice":"Ignored","floor":36,"damage_taken":0},{"event_name":"SensoryStone","player_choice":"Memory 2","floor":38,"damage_taken":0}],"boss_relics":[{"not_picked":["Runic Dome","Runic Pyramid"],"picked":"Philosopher\u0027s Stone"},{"not_picked":["Snecko Eye","Orrery"],"picked":"Tiny House"}],"potions_floor_spawned":[2,7,8,13,16,18,24,28,35,42],"seed_played":"7717792255508754562","killed_by":"Giant Head","ascension_level":0,"is_trial":false}