{"gold_per_floor":[109,284,284,57,57,100,114,114,140,173,173,193,227,241,241,370,370,394,140,158,83,83,83,14,28,52,151,151,171,204,219,219,344,344,365,389,77,91,115,150,150,165,165,165,208,208,232,232],"floor_reached":48,"playtime":3138,"items_purged":["Strike_B","Strike_B","Doubt"],"score":895,"play_id":"8e9c78af-92da-4d32-a32d-5957d216f2d9","local_time":"20180707232920","is_ascension_mode":true,"campfire_choices":[{"data":"Zap","floor":8.0,"key":"SMITH"},{"floor":11.0,"key":"REST"},{"data":"Rainbow","floor":15.0,"key":"SMITH"},{"floor":23.0,"key":"REST"},{"floor":28.0,"key":"REST"},{"floor":32.0,"key":"REST"},{"floor":41.0,"key":"REST"}],"neow_cost":"NONE","seed_source_timestamp":0,"circlet_count":0,"master_deck":["Strike_B+1","Defend_B+1","Defend_B+1","Zap+1","Dualcast","AscendersBane","Lockon+1","Auto Shields","Coolheaded","Rainbow+1","Ball Lightning","Echo Form","Conserve Battery","Sweeping Beam+1","Loop","Stack+1","Conserve Battery+1","Thunder Strike","Echo Form+1","Reprogram+1","Tempest+1","Recycle+1","Apotheosis","Hologram+1","Steam+1","Leap+1"],"special_seed":0,"relics":["Cracked Core","NeowsBlessing","Golden Idol","War Paint","Whetstone","Omamori","Happy Flower","Incense Burner","Fusion Hammer","DataDisk","Vajra","Lantern","Astrolabe","Orichalcum","Ornamental Fan","Bird Faced Urn"],"potions_floor_usage":[],"damage_taken":[{"damage":0.0,"enemies":"Jaw Worm","floor":1.0,"turns":1.0},{"damage":0.0,"enemies":"3 Sentries","floor":6.0,"turns":1.0},{"damage":0.0,"enemies":"2 Louse","floor":7.0,"turns":1.0},{"damage":20.0,"enemies":"Lagavulin","floor":10.0,"turns":7.0},{"damage":0.0,"enemies":"Cultist","floor":12.0,"turns":3.0},{"damage":7.0,"enemies":"3 Sentries","floor":13.0,"turns":4.0},{"damage":5.0,"enemies":"Exordium Thugs","floor":14.0,"turns":4.0},{"damage":31.0,"enemies":"Hexaghost","floor":16.0,"turns":10.0},{"damage":8.0,"enemies":"Shell Parasite","floor":18.0,"turns":5.0},{"damage":3.0,"enemies":"Spheric Guardian","floor":20.0,"turns":4.0},{"damage":26.0,"enemies":"Centurion and Healer","floor":25.0,"turns":7.0},{"damage":21.0,"enemies":"Chosen and Byrds","floor":29.0,"turns":5.0},{"damage":1.0,"enemies":"Gremlin Leader","floor":30.0,"turns":6.0},{"damage":0.0,"enemies":"Slaver and Parasite","floor":31.0,"turns":5.0},{"damage":67.0,"enemies":"Automaton","floor":33.0,"turns":12.0},{"damage":1.0,"enemies":"Orb Walker","floor":35.0,"turns":4.0},{"damage":5.0,"enemies":"3 Shapes","floor":36.0,"turns":4.0},{"damage":31.0,"enemies":"3 Darklings","floor":38.0,"turns":4.0},{"damage":20.0,"enemies":"Sphere and 2 Shapes","floor":39.0,"turns":4.0},{"damage":0.0,"enemies":"Giant Head","floor":40.0,"turns":7.0},{"damage":0.0,"enemies":"Maw","floor":42.0,"turns":6.0},{"damage":32.0,"enemies":"2 Orb Walkers","floor":45.0,"turns":5.0},{"damage":12.0,"enemies":"4 Shapes","floor":47.0,"turns":7.0},{"damage":11,"enemies":"3 Darklings","floor":48,"turns":2}],"seed_played":"-8429923283940041971","potions_obtained":[{"floor":6.0,"key":"SkillPotion"},{"floor":7.0,"key":"Energy Potion"},{"floor":12.0,"key":"Explosive Potion"},{"floor":16.0,"key":"SkillPotion"},{"floor":18.0,"key":"Regen Potion"},{"floor":22.0,"key":"Regen Potion"},{"floor":22.0,"key":"GamblersBrew"},{"floor":22.0,"key":"Strength Potion"},{"floor":25.0,"key":"EntropicBrew"},{"floor":33.0,"key":"FearPotion"},{"floor":42.0,"key":"LiquidBronze"},{"floor":47.0,"key":"Explosive Potion"}],"is_trial":false,"path_per_floor":["M","?","?","$","?","E","M","R","T","E","R","M","E","M","R","B",null,"M","$","M","?","?","R","$","M","T","?","R","M","E","M","R","B",null,"M","M","$","M","M","E","R","M","T","?","E","?","M"],"character_chosen":"DEFECT","items_purchased":["War Paint","DataDisk","Loop","Apotheosis"],"campfire_rested":5,"item_purchase_floors":[4,19,24,37],"current_hp_per_floor":[68,68,50,50,43,43,43,43,43,23,45,45,38,33,33,2,57,49,49,58,58,58,75,75,49,49,49,71,54,53,53,75,8,58,57,52,52,21,1,1,23,23,23,42,10,10,6,0],"gold":232,"neow_bonus":"THREE_ENEMY_KILL","is_prod":false,"is_daily":false,"chose_seed":false,"campfire_upgraded":2,"win_rate":0,"timestamp":1531020560,"path_taken":["M","?","?","$","?","E","M","R","T","E","R","M","E","M","R","BOSS","M","$","M","?","?","R","?","?","T","?","R","M","E","M","R","BOSS","M","M","$","M","M","E","R","M","T","?","E","?","M","M"],"build_version":"2018-07-05","purchased_purges":3,"victory":false,"max_hp_per_floor":[75,75,75,75,75,75,75,75,75,75,75,75,75,75,75,75,75,75,75,75,75,75,75,75,75,75,75,75,75,75,75,75,75,75,75,75,75,75,75,75,75,75,75,75,75,75,75,75],"card_choices":[{"not_picked":["Gash","Recycle"],"picked":"Lockon","floor":1.0},{"not_picked":["Undo","Coolheaded"],"picked":"Auto Shields","floor":6.0},{"not_picked":["Auto Shields","Barrage"],"picked":"Coolheaded","floor":7.0},{"not_picked":["Capacitor","Heatsinks"],"picked":"Rainbow","floor":10.0},{"not_picked":["Go for the Eyes","Stack"],"picked":"Ball Lightning","floor":12.0},{"not_picked":["Reinforced Body","Compile Driver"],"picked":"Echo Form","floor":13.0},{"not_picked":["Hello World","Compile Driver"],"picked":"Conserve Battery","floor":14.0},{"not_picked":["Rebound+1","Streamline"],"picked":"Sweeping Beam+1","floor":18.0},{"not_picked":["Gash","Steam Power"],"picked":"Doom and Gloom","floor":20.0},{"not_picked":["Storm+1","Streamline"],"picked":"Stack+1","floor":25.0},{"not_picked":["Darkness","Hologram"],"picked":"Conserve Battery+1","floor":29.0},{"not_picked":["Gash","Hello World","Meteor Strike"],"picked":"SKIP","floor":30.0},{"not_picked":["Conserve Battery","Rip and Tear","Cold Snap"],"picked":"SKIP","floor":31.0},{"not_picked":["Electrodynamics","Fission"],"picked":"Thunder Strike","floor":33.0},{"not_picked":["Beam Cell","Coolheaded+1"],"picked":"Recycle+1","floor":35.0},{"not_picked":["Barrage+1","Conserve Battery+1","Leap"],"picked":"SKIP","floor":36.0},{"not_picked":["Glacier","Stack","FTL+1"],"picked":"SKIP","floor":38.0},{"not_picked":["Conserve Battery+1","Glacier"],"picked":"Hologram+1","floor":39.0},{"not_picked":["Streamline","Compile Driver+1"],"picked":"Steam+1","floor":40.0},{"not_picked":["Core Surge","Cold Snap+1","Loop"],"picked":"SKIP","floor":42.0},{"not_picked":["Heatsinks+1","Streamline+1"],"picked":"Leap+1","floor":45.0},{"not_picked":["Hologram+1","Turbo","Coolheaded+1"],"picked":"SKIP","floor":47.0}],"player_experience":400841,"relics_obtained":[{"floor":6.0,"key":"Whetstone"},{"floor":9.0,"key":"Omamori"},{"floor":10.0,"key":"Happy Flower"},{"floor":13.0,"key":"Incense Burner"},{"floor":26.0,"key":"Vajra"},{"floor":30.0,"key":"Lantern"},{"floor":40.0,"key":"Orichalcum"},{"floor":43.0,"key":"Ornamental Fan"},{"floor":45.0,"key":"Bird Faced Urn"}],"event_choices":[{"event_name":"Liars Game","player_choice":"agreed","floor":2.0,"damage_taken":0.0},{"event_name":"Golden Idol","player_choice":"Take Damage","floor":3.0,"damage_taken":0.0},{"event_name":"Wheel of Change","player_choice":"Damage","floor":5.0,"damage_taken":0.0},{"event_name":"Beggar","player_choice":"Gave Gold","floor":21.0,"damage_taken":0.0},{"event_name":"The Lab","player_choice":"Got Potions","floor":22.0,"damage_taken":0.0},{"event_name":"Nest","player_choice":"Stole From Cult","floor":27.0,"damage_taken":0.0},{"event_name":"Winding Halls","player_choice":"Writhe","floor":44.0,"damage_taken":0.0},{"event_name":"Mysterious Sphere","player_choice":"Ignore","floor":46.0,"damage_taken":0.0}],"boss_relics":[{"not_picked":["Busted Crown","Philosopher\u0027s Stone"],"picked":"Fusion Hammer"},{"not_picked":["Nuclear Battery","Lizard Tail"],"picked":"Astrolabe"}],"items_purged_floors":[4,19,37],"is_endless":false,"potions_floor_spawned":[6,7,12,16,18,25,33,36,39,42,47],"killed_by":"3 Darklings","ascension_level":10}