{"gold_per_floor":[119,294,312,262,87,122,144,182,194,235,247,276,288,314,326,338],"floor_reached":16,"playtime":865,"items_purged":[],"score":150,"play_id":"6a0c8961-6d5d-424e-81b7-195774b0760c","local_time":"20190116200329","is_ascension_mode":true,"campfire_choices":[{"data":"Zap","floor":11,"key":"SMITH"},{"data":"Double Energy","floor":13,"key":"SMITH"},{"data":"Chaos","floor":15,"key":"SMITH"}],"neow_cost":"NONE","seed_source_timestamp":0,"circlet_count":0,"master_deck":["Strike_B","Strike_B","Strike_B","Strike_B","Defend_B","Defend_B","Defend_B","Defend_B","Zap+1","Dualcast","Double Energy+1","Chaos+1","Conserve Battery","Coolheaded","Enlightenment","Conserve Battery","Genetic Algorithm","Hologram","Coolheaded","Ball Lightning","Reboot","Beam Cell"],"special_seed":0,"relics":["Cracked Core","MawBank","Mercury Hourglass","Art of War","Anchor"],"potions_floor_usage":[16],"damage_taken":[{"damage":8.0,"enemies":"Jaw Worm","floor":1.0,"turns":4.0},{"damage":1.0,"enemies":"Small Slimes","floor":3.0,"turns":3.0},{"damage":23.0,"enemies":"3 Sentries","floor":6.0,"turns":8.0},{"damage":5.0,"enemies":"2 Louse","floor":7.0,"turns":3.0},{"damage":9.0,"enemies":"Lagavulin","floor":8.0,"turns":6.0},{"damage":5.0,"enemies":"3 Sentries","floor":10.0,"turns":8.0},{"damage":4,"enemies":"Red Slaver","floor":12,"turns":3},{"damage":0,"enemies":"Blue Slaver","floor":14,"turns":3},{"damage":37,"enemies":"Hexaghost","floor":16,"turns":10}],"seed_played":"5511092817365508964","potions_obtained":[{"floor":1.0,"key":"Regen Potion"},{"floor":6.0,"key":"Poison Potion"},{"floor":7.0,"key":"SmokeBomb"},{"floor":14,"key":"FearPotion"}],"is_trial":false,"path_per_floor":["M","?","M","?","$","E","M","E","T","E","R","M","R","M","R","B"],"character_chosen":"DEFECT","items_purchased":["Coolheaded","Enlightenment","Conserve Battery"],"campfire_rested":0,"item_purchase_floors":[5,5,5],"current_hp_per_floor":[67,67,66,66,66,58,53,44,44,39,39,35,35,35,35,0],"gold":338,"neow_bonus":"THREE_CARDS","is_prod":false,"is_daily":false,"chose_seed":false,"campfire_upgraded":3,"win_rate":0,"timestamp":1547687009,"path_taken":["M","?","M","?","$","E","M","E","T","E","R","M","R","M","R","BOSS"],"build_version":"2019-01-10","purchased_purges":0,"victory":false,"max_hp_per_floor":[75,75,75,75,75,75,75,75,75,75,75,75,75,75,75,75],"card_choices":[{"not_picked":["Streamline","Heatsinks"],"picked":"Double Energy","floor":0.0},{"not_picked":["Force Field","Rebound"],"picked":"Chaos","floor":1.0},{"not_picked":["Steam","Melter"],"picked":"Conserve Battery","floor":3.0},{"not_picked":["Redo","Reprogram"],"picked":"Genetic Algorithm","floor":6.0},{"not_picked":["Compile Driver","Redo"],"picked":"Hologram","floor":7.0},{"not_picked":["Blizzard","Cold Snap"],"picked":"Coolheaded","floor":8.0},{"not_picked":["Chill","Hologram"],"picked":"Ball Lightning","floor":10.0},{"not_picked":["Coolheaded","Barrage"],"picked":"Reboot","floor":12},{"not_picked":["Turbo","Heatsinks"],"picked":"Beam Cell","floor":14}],"player_experience":105228,"relics_obtained":[{"floor":6.0,"key":"MawBank"},{"floor":8.0,"key":"Mercury Hourglass"},{"floor":9.0,"key":"Art of War"},{"floor":10.0,"key":"Anchor"}],"event_choices":[{"damage_healed":0.0,"max_hp_gain":0.0,"max_hp_loss":0.0,"gold_gain":175.0,"event_name":"Liars Game","player_choice":"AGREE","floor":2.0,"gold_loss":0.0,"damage_taken":0.0,"cards_obtained":["Doubt"]},{"cards_removed":["Doubt"],"damage_healed":0.0,"max_hp_gain":0.0,"max_hp_loss":0.0,"gold_gain":0.0,"event_name":"The Cleric","player_choice":"Card Removal","floor":4.0,"gold_loss":50.0,"damage_taken":0.0}],"is_beta":false,"boss_relics":[],"items_purged_floors":[],"is_endless":false,"potions_floor_spawned":[1,6,7,14],"killed_by":"Hexaghost","ascension_level":5}