{"gold_per_floor":[109,123,134,116,128,153,153,153,204,35,70,87,87,9,9,85,85,97,113,113,131,144,144],"floor_reached":23,"playtime":1177,"items_purged":[],"score":359,"play_id":"f7ff1ee6-f275-400e-82ae-699726ede7c1","local_time":"20181215010824","is_ascension_mode":true,"campfire_choices":[{"floor":7,"key":"REST"},{"floor":15,"key":"REST"}],"neow_cost":"NONE","seed_source_timestamp":0,"circlet_count":0,"master_deck":["AscendersBane","Defend_G","Defend_G","Defend_G","Defend_G","Defend_G","Strike_G","Strike_G","Strike_G","Strike_G","Survivor","Neutralize","Well Laid Plans","Flying Knee","Slice","Backflip","Dash+1","Noxious Fumes","Dagger Spray","Escape Plan","Dagger Throw","Glass Knife","Calculated Gamble","Backflip","Deadly Poison+1"],"special_seed":0,"relics":["Ring of the Snake","Art of War","Oddly Smooth Stone","Paper Crane","Philosopher\u0027s Stone","Nloth\u0027s Gift"],"potions_floor_usage":[6,6,11,11,16,19,22],"damage_taken":[{"damage":6.0,"enemies":"Jaw Worm","floor":1.0,"turns":8.0},{"damage":10.0,"enemies":"Cultist","floor":2.0,"turns":5.0},{"damage":0.0,"enemies":"2 Louse","floor":3.0,"turns":3.0},{"damage":11.0,"enemies":"Exordium Thugs","floor":4.0,"turns":4.0},{"damage":8.0,"enemies":"Blue Slaver","floor":5.0,"turns":4.0},{"damage":29,"enemies":"Lagavulin","floor":6,"turns":8},{"damage":22,"enemies":"Gremlin Nob","floor":11,"turns":4},{"damage":0,"enemies":"Gremlin Gang","floor":12,"turns":3},{"damage":18,"enemies":"The Guardian","floor":16,"turns":12},{"damage":0,"enemies":"3 Byrds","floor":18,"turns":4},{"damage":24,"enemies":"2 Thieves","floor":19,"turns":4},{"damage":25,"enemies":"Shelled Parasite and Fungi","floor":21,"turns":7},{"damage":2,"enemies":"3 Cultists","floor":22,"turns":7},{"damage":4,"enemies":"Cultist and Chosen","floor":23,"turns":6}],"seed_played":"-681929646746951529","potions_obtained":[{"floor":1.0,"key":"Strength Potion"},{"floor":4.0,"key":"LiquidBronze"},{"floor":5.0,"key":"AttackPotion"},{"floor":6,"key":"AttackPotion"},{"floor":18,"key":"Explosive Potion"},{"floor":21,"key":"Block Potion"}],"is_trial":false,"path_per_floor":["M","M","M","M","M","E","R","?","T","$","E","M","?","$","R","B",null,"M","M","?","M","M","M"],"character_chosen":"THE_SILENT","items_purchased":["PowerPotion","Noxious Fumes","Dagger Spray","LiquidBronze"],"campfire_rested":2,"item_purchase_floors":[10,10,10,14],"current_hp_per_floor":[60,50,50,39,31,2,23,23,23,23,1,1,1,1,22,4,56,56,32,32,7,5,1],"gold":144,"neow_bonus":"RANDOM_COMMON_RELIC","is_prod":false,"is_daily":false,"chose_seed":false,"campfire_upgraded":0,"win_rate":0,"timestamp":1544854104,"path_taken":["M","M","M","M","M","E","R","?","T","$","E","?","?","?","R","BOSS","M","M","?","?","M","M"],"build_version":"2018-12-13","purchased_purges":0,"victory":false,"max_hp_per_floor":[73,73,73,73,73,73,73,73,73,73,73,73,73,73,73,73,73,73,73,73,73,73,73],"card_choices":[{"not_picked":["Escape Plan","Backflip"],"picked":"Well Laid Plans","floor":1.0},{"not_picked":["Blur","Accuracy"],"picked":"Flying Knee","floor":2.0},{"not_picked":["Prepared","Underhanded Strike","Blade Dance"],"picked":"SKIP","floor":3.0},{"not_picked":["Well Laid Plans","Backflip"],"picked":"Slice","floor":4.0},{"not_picked":["Riddle With Holes","Deadly Poison"],"picked":"Backflip","floor":5.0},{"not_picked":["Slice","Heel Hook"],"picked":"Dash","floor":6},{"not_picked":["Noxious Fumes","Slice","Deadly Poison"],"picked":"SKIP","floor":11},{"not_picked":["Prepared","Deflect"],"picked":"Escape Plan","floor":12},{"not_picked":["Envenom","Corpse Explosion"],"picked":"Glass Knife","floor":16},{"not_picked":["Underhanded Strike","Riddle With Holes"],"picked":"Calculated Gamble","floor":18},{"not_picked":["Flying Knee","Masterful Stab","Dagger Spray"],"picked":"SKIP","floor":19},{"not_picked":["Deadly Poison","Outmaneuver"],"picked":"Backflip","floor":21},{"not_picked":["Dash","Blade Dance"],"picked":"Deadly Poison+1","floor":22}],"player_experience":968188,"relics_obtained":[{"floor":6,"key":"Art of War"},{"floor":9,"key":"Oddly Smooth Stone"},{"floor":11,"key":"Paper Crane"}],"event_choices":[{"damage_healed":0,"gold_gain":0,"player_choice":"Forge","damage_taken":0,"max_hp_gain":0,"max_hp_loss":0,"event_name":"Accursed Blacksmith","floor":8,"gold_loss":0,"cards_upgraded":["Dash"]},{"damage_healed":0,"gold_gain":0,"cards_transformed":["Strike_G"],"player_choice":"Transformed","damage_taken":0,"max_hp_gain":0,"max_hp_loss":0,"event_name":"Transmorgrifier","floor":13,"gold_loss":0,"cards_obtained":["Dagger Throw"]},{"damage_healed":0,"gold_gain":0,"player_choice":"Traded Relic","damage_taken":0,"relics_obtained":["Nloth\u0027s Gift"],"max_hp_gain":0,"max_hp_loss":0,"event_name":"N\u0027loth","floor":20,"relics_lost":["Strawberry"],"gold_loss":0}],"is_beta":false,"boss_relics":[{"not_picked":["Calling Bell","Fusion Hammer"],"picked":"Philosopher\u0027s Stone"}],"items_purged_floors":[],"is_endless":false,"potions_floor_spawned":[1,4,5,6,18,21],"killed_by":"Cultist and Chosen","ascension_level":15}