{"gold_per_floor":[114,114,114,129,35,65,80,110,110,140,155,155,185,200,200,300,300,315,330,31,31,46,46],"floor_reached":23,"playtime":1120,"items_purged":[],"score":396,"play_id":"103877ed-4175-4fca-9dc0-7c0b49b4fd59","local_time":"20180806220238","daily_mods":["Insanity","Elite Swarm","Hoarder"],"is_ascension_mode":false,"campfire_choices":[{"floor":15,"key":"DIG"}],"neow_cost":"","seed_source_timestamp":0,"circlet_count":0,"master_deck":["Flame Barrier","Blood for Blood","Battle Trance","Seeing Red","Limit Break","Sword Boomerang","Headbutt","Sentinel+1","Limit Break","Heavy Blade","Offering","Entrench","Barricade","Juggernaut","Cleave","Evolve","Barricade","Carnage","Infernal Blade","Dark Embrace","Berserk","Carnage","Pummel","Rage","Wild Strike","Disarm","Seeing Red","Anger","Carnage","Pommel Strike","Headbutt","Reaper","Double Tap","Ghostly Armor","Infernal Blade","Infernal Blade+1","True Grit","Dark Embrace","Barricade","Thunderclap","Limit Break","Evolve","Feel No Pain","Exhume","Offering","True Grit","Rampage","Barricade","Bash","Rupture","Twin Strike","Twin Strike","Twin Strike","Feel No Pain","Feel No Pain","Feel No Pain","Finesse","Finesse","Finesse","Impervious","Impervious","Impervious","Feed","Feed","Feed","Offering","Offering","Offering","Flex","Flex","Flex","Fiend Fire","Fiend Fire","Fiend Fire","Apotheosis","Apotheosis","Apotheosis","Body Slam+1","Body Slam+1","Body Slam+1","Burning Pact","Burning Pact","Burning Pact"],"special_seed":17750,"relics":["Burning Blood","Omamori","Shovel","War Paint","Meat on the Bone","Ancient Tea Set","Paper Frog","Molten Egg 2","Philosopher\u0027s Stone"],"potions_floor_usage":[8,10,10,13,23,23],"damage_taken":[{"damage":8,"enemies":"Cultist","floor":1,"turns":4},{"damage":0,"enemies":"2 Louse","floor":4,"turns":2},{"damage":21,"enemies":"Gremlin Nob","floor":6,"turns":3},{"damage":7,"enemies":"Small Slimes","floor":7,"turns":5},{"damage":59,"enemies":"Lagavulin","floor":8,"turns":8},{"damage":14,"enemies":"Gremlin Nob","floor":10,"turns":6},{"damage":7,"enemies":"Exordium Wildlife","floor":11,"turns":4},{"damage":7,"enemies":"3 Sentries","floor":13,"turns":3},{"damage":16,"enemies":"Looter","floor":14,"turns":4},{"damage":5,"enemies":"Slime Boss","floor":16,"turns":7},{"damage":15,"enemies":"Spheric Guardian","floor":18,"turns":4},{"damage":15,"enemies":"Chosen","floor":19,"turns":3},{"damage":34,"enemies":"Slaver and Parasite","floor":22,"turns":5},{"damage":69,"enemies":"Slavers","floor":23,"turns":4}],"seed_played":"581998401352651869","potions_obtained":[{"floor":6,"key":"LiquidBronze"},{"floor":7,"key":"SkillPotion"},{"floor":8,"key":"Ancient Potion"},{"floor":11,"key":"Strength Potion"},{"floor":16,"key":"Dexterity Potion"},{"floor":22,"key":"Regen Potion"}],"is_trial":false,"path_per_floor":["M","?","?","M","$","E","M","E","T","E","M","?","E","M","R","B",null,"M","M","$","?","M"],"character_chosen":"IRONCLAD","items_purchased":["Finesse","Apotheosis","Body Slam+1","Burning Pact"],"campfire_rested":0,"item_purchase_floors":[5,20,20,20],"current_hp_per_floor":[78,78,75,80,80,65,64,15,15,25,39,66,68,58,58,59,86,77,71,71,71,55,0],"gold":46,"neow_bonus":"","is_prod":false,"is_daily":true,"chose_seed":false,"campfire_upgraded":0,"win_rate":0,"timestamp":1533607358,"path_taken":["M","?","?","M","$","E","M","E","T","E","M","?","E","M","R","BOSS","M","M","$","?","?","E"],"build_version":"2018-08-02","purchased_purges":0,"victory":false,"max_hp_per_floor":[80,80,80,80,80,80,80,80,80,80,83,83,86,86,86,86,86,86,89,89,89,89,89],"card_choices":[{"not_picked":["Wild Strike","Pummel"],"picked":"Twin Strike","floor":1},{"not_picked":["Cleave","Clash"],"picked":"Feel No Pain","floor":4},{"not_picked":["Limit Break","Dark Embrace"],"picked":"Impervious","floor":6},{"not_picked":["Sword Boomerang","Carnage","Heavy Blade"],"picked":"SKIP","floor":7},{"not_picked":["Fiend Fire","Limit Break"],"picked":"Feed","floor":8},{"not_picked":["Demon Form","Feed"],"picked":"Offering","floor":10},{"not_picked":["Entrench","Hemokinesis"],"picked":"Flex","floor":11},{"not_picked":["Bludgeon","Immolate"],"picked":"Fiend Fire","floor":13},{"not_picked":["Blood for Blood","Rupture","Headbutt"],"picked":"SKIP","floor":14},{"not_picked":["Infernal Blade","Pommel Strike+1","Ghostly Armor"],"picked":"SKIP","floor":18},{"not_picked":["Searing Blow+1","Anger+1","Thunderclap+1"],"picked":"SKIP","floor":19},{"not_picked":["Armaments","Inflame","Anger+1"],"picked":"SKIP","floor":22}],"player_experience":560110,"relics_obtained":[{"floor":6,"key":"Shovel"},{"floor":8,"key":"War Paint"},{"floor":9,"key":"Meat on the Bone"},{"floor":10,"key":"Ancient Tea Set"},{"floor":13,"key":"Paper Frog"},{"floor":15,"key":"Molten Egg 2"}],"event_choices":[{"event_name":"Liars Game","player_choice":"disagreed","floor":2,"damage_taken":0},{"event_name":"Scrap Ooze","player_choice":"success","floor":3,"damage_taken":3},{"event_name":"Big Fish","player_choice":"Banana","floor":12,"damage_taken":0},{"event_name":"The Mausoleum","player_choice":"No","floor":21,"damage_taken":0}],"is_beta":false,"boss_relics":[{"not_picked":["Pandora\u0027s Box","Calling Bell"],"picked":"Philosopher\u0027s Stone"}],"items_purged_floors":[],"is_endless":false,"potions_floor_spawned":[6,7,8,11,16,22],"killed_by":"Slavers","ascension_level":0}