{"gold_per_floor":[109,127,127,46,66,66,101,114,114,114,142,162,162,177,177,250,250,266,36,36,48,48,48,61,61,61,61,61,61,28,40,40,116,116,126,141,141,141],"floor_reached":38,"playtime":1482,"items_purged":["Reprogram"],"score":802,"play_id":"61e0a8b9-9283-4714-89ef-551de452fc51","local_time":"20181002184933","is_ascension_mode":true,"campfire_choices":[{"data":"Ball Lightning","floor":6,"key":"SMITH"},{"data":"Loop","floor":13,"key":"SMITH"},{"data":"Go for the Eyes","floor":15,"key":"SMITH"},{"floor":23,"key":"REST"},{"data":"Static Discharge","floor":25,"key":"SMITH"},{"data":"Barrage","floor":27,"key":"SMITH"},{"data":"Coolheaded","floor":29,"key":"SMITH"},{"data":"Defragment","floor":32,"key":"SMITH"}],"neow_cost":"NONE","seed_source_timestamp":1478349169801090,"circlet_count":0,"master_deck":["Zap","Dualcast","AscendersBane","Beam Cell+1","Loop+1","Sweeping Beam","Auto Shields","Ball Lightning+1","Conserve Battery","Coolheaded+1","FTL","Go for the Eyes+1","Core Surge","Static Discharge+1","Turbo","Sweeping Beam","Auto Shields","Glacier","Static Discharge","Barrage+1","Lockon","Leap","Compile Driver","Ghostly","Ghostly","Ghostly","Ghostly","Ghostly","Defragment+1","Conserve Battery","Thunder Strike"],"special_seed":0,"relics":["Cracked Core","Smiling Mask","Pen Nib","The Courier","Pandora\u0027s Box","Oddly Smooth Stone","Kunai","Runic Dome","Pocketwatch"],"potions_floor_usage":[7,11,11,33,38],"damage_taken":[{"damage":6,"enemies":"2 Louse","floor":1,"turns":2},{"damage":2,"enemies":"Cultist","floor":2,"turns":4},{"damage":2,"enemies":"Small Slimes","floor":5,"turns":3},{"damage":18,"enemies":"Lagavulin","floor":7,"turns":5},{"damage":0,"enemies":"2 Fungi Beasts","floor":8,"turns":2},{"damage":0,"enemies":"3 Sentries","floor":11,"turns":6},{"damage":1,"enemies":"Looter","floor":12,"turns":4},{"damage":6,"enemies":"Exordium Wildlife","floor":14,"turns":4},{"damage":8,"enemies":"The Guardian","floor":16,"turns":11},{"damage":21,"enemies":"3 Byrds","floor":18,"turns":3},{"damage":13,"enemies":"Shell Parasite","floor":21,"turns":5},{"damage":9,"enemies":"Cultist and Chosen","floor":24,"turns":5},{"damage":3,"enemies":"Shelled Parasite and Fungi","floor":31,"turns":6},{"damage":7,"enemies":"Champ","floor":33,"turns":14},{"damage":0,"enemies":"3 Shapes","floor":35,"turns":6},{"damage":24,"enemies":"3 Darklings","floor":36,"turns":4},{"damage":0,"enemies":"Mind Bloom Boss Battle","floor":37,"turns":5},{"damage":13,"enemies":"Maw","floor":38,"turns":2}],"seed_played":"-101149832485839772","potions_obtained":[{"floor":1,"key":"LiquidBronze"},{"floor":2,"key":"EssenceOfSteel"},{"floor":7,"key":"EssenceOfSteel"},{"floor":8,"key":"SkillPotion"},{"floor":31,"key":"Poison Potion"},{"floor":35,"key":"FocusPotion"},{"floor":37,"key":"SpeedPotion"}],"is_trial":false,"path_per_floor":["M","M","?","$","M","R","E","M","T","?","E","M","R","M","R","B",null,"M","$","?","M","?","R","M","R","T","R","?","R","$","M","R","B",null,"M","M","?"],"character_chosen":"DEFECT","items_purchased":["Auto Shields","Leap","Oddly Smooth Stone","Defragment"],"campfire_rested":1,"item_purchase_floors":[4,19,19,30],"current_hp_per_floor":[58,56,56,56,54,54,36,36,36,59,59,58,58,52,52,44,64,43,43,43,30,10,32,23,23,23,23,23,23,23,20,20,13,32,32,8,8,0],"gold":141,"neow_bonus":"THREE_CARDS","is_prod":false,"is_daily":false,"chose_seed":false,"campfire_upgraded":7,"win_rate":0,"timestamp":1538520573,"path_taken":["M","M","?","$","M","R","E","?","T","?","E","M","R","M","R","BOSS","M","$","?","?","?","R","?","R","T","R","?","R","?","M","R","BOSS","M","M","?","M"],"build_version":"2018-09-27","purchased_purges":1,"victory":false,"max_hp_per_floor":[71,71,71,71,71,71,71,71,71,71,71,71,71,71,71,71,71,71,71,71,71,76,76,76,76,76,76,38,38,38,38,38,38,38,38,38,38,38],"card_choices":[{"not_picked":["Gash","Double Energy"],"picked":"Beam Cell","floor":0.0},{"not_picked":["Reinforced Body","Storm"],"picked":"Loop","floor":1},{"not_picked":["Double Energy","Leap"],"picked":"Sweeping Beam","floor":2},{"not_picked":["Rebound","Fusion"],"picked":"Ball Lightning","floor":5},{"not_picked":["Sweeping Beam","Double Energy","Gash"],"picked":"SKIP","floor":7},{"not_picked":["Streamline","Loop"],"picked":"Conserve Battery","floor":8},{"not_picked":["Amplify","Turbo"],"picked":"Coolheaded","floor":11},{"not_picked":["Beam Cell","Fusion"],"picked":"FTL","floor":12},{"not_picked":["Hologram","Cold Snap"],"picked":"Go for the Eyes","floor":14},{"not_picked":["Seek","Machine Learning"],"picked":"Core Surge","floor":16},{"not_picked":["Hello World","Loop"],"picked":"Lockon","floor":18},{"not_picked":["Fusion","Gash","Auto Shields"],"picked":"SKIP","floor":21},{"not_picked":["Heatsinks","White Noise"],"picked":"Compile Driver","floor":24},{"not_picked":["Gash","Barrage"],"picked":"Conserve Battery","floor":31},{"not_picked":["Hyperbeam","Amplify"],"picked":"Thunder Strike","floor":33},{"not_picked":["Lockon","Genetic Algorithm","Coolheaded"],"picked":"SKIP","floor":35},{"not_picked":["Darkness","Compile Driver+1","Cold Snap"],"picked":"SKIP","floor":36}],"player_experience":750389,"relics_obtained":[{"floor":7,"key":"Smiling Mask"},{"floor":9,"key":"Pen Nib"},{"floor":11,"key":"The Courier"},{"floor":26,"key":"Kunai"},{"floor":37,"key":"Pocketwatch"}],"event_choices":[{"event_name":"Living Wall","player_choice":"Grow","floor":3,"damage_taken":0},{"event_name":"Big Fish","player_choice":"Banana","floor":10,"damage_taken":0},{"event_name":"Beggar","player_choice":"Ignored","floor":20,"damage_taken":0},{"event_name":"Forgotten Altar","player_choice":"Shed Blood","floor":22,"damage_taken":0},{"event_name":"Ghosts","player_choice":"Became a Ghost","floor":28,"damage_taken":0},{"event_name":"MindBloom","player_choice":"Fight","floor":37,"damage_taken":0}],"is_beta":false,"boss_relics":[{"not_picked":["Empty Cage","Tiny House"],"picked":"Pandora\u0027s Box"},{"not_picked":["Orrery","Nuclear Battery"],"picked":"Runic Dome"}],"items_purged_floors":[19],"is_endless":false,"potions_floor_spawned":[1,2,7,8,31,35,37],"killed_by":"Maw","ascension_level":18}