{"gold_per_floor":[115,134,134,134,83,83,115,12,90,90,101,12,24,44,44,44],"floor_reached":16,"playtime":368,"items_purged":["Strike_B"],"score":200,"play_id":"3daa3560-5fc2-4d12-85b2-ffb3a7113c05","local_time":"20181101225512","is_ascension_mode":true,"campfire_choices":[{"data":"Go for the Eyes","floor":6,"key":"SMITH"},{"floor":15,"key":"REST"}],"neow_cost":"TEN_PERCENT_HP_LOSS","seed_source_timestamp":1996884496312940,"circlet_count":0,"master_deck":["AscendersBane","Strike_B","Strike_B","Defend_B","Defend_B","Zap+1","Dualcast","Rebound","BootSequence","Go for the Eyes+1","Rip and Tear","Conserve Battery","Coolheaded","Hyperbeam","Conserve Battery","Beam Cell"],"relics":["Cracked Core","StoneCalendar","Shovel","Dodecahedron"],"potions_floor_usage":[7,16],"damage_taken":[{"damage":1,"enemies":"Cultist","floor":1,"turns":3},{"damage":5,"enemies":"2 Louse","floor":2,"turns":2},{"damage":39,"enemies":"Gremlin Nob","floor":7,"turns":4},{"damage":0,"enemies":"Small Slimes","floor":11,"turns":2},{"damage":0,"enemies":"Gremlin Gang","floor":13,"turns":1},{"damage":1,"enemies":"Exordium Thugs","floor":14,"turns":3},{"damage":26,"enemies":"Hexaghost","floor":16,"turns":8}],"seed_played":"1261613238070485545","potions_obtained":[{"floor":2,"key":"Block Potion"},{"floor":13,"key":"Dexterity Potion"},{"floor":14,"key":"SpeedPotion"}],"is_trial":false,"path_per_floor":["M","M","T","?","$","R","E","$","T","?","M","$","M","M","R","B"],"character_chosen":"DEFECT","items_purchased":["Go for the Eyes","Conserve Battery","Hyperbeam"],"campfire_rested":1,"item_purchase_floors":[5,8,12],"current_hp_per_floor":[63,58,58,58,58,58,19,19,19,19,19,19,19,18,37,11],"gold":44,"neow_bonus":"REMOVE_TWO","is_prod":false,"is_daily":false,"chose_seed":false,"campfire_upgraded":1,"win_rate":0,"timestamp":1541127312,"path_taken":["M","M","?","?","$","R","E","$","T","?","?","?","M","M","R","BOSS"],"build_version":"2018-11-01","purchased_purges":1,"victory":false,"max_hp_per_floor":[64,64,64,64,64,64,64,64,64,64,64,64,64,64,64,64],"card_choices":[{"not_picked":["Stack","Blizzard"],"picked":"Rebound","floor":1},{"not_picked":["FTL","Steam"],"picked":"BootSequence","floor":2},{"not_picked":["Compile Driver","Steam"],"picked":"Rip and Tear","floor":7},{"not_picked":["Chaos","Leap"],"picked":"Coolheaded","floor":11},{"not_picked":["Ball Lightning","Barrage"],"picked":"Conserve Battery","floor":13},{"not_picked":["Compile Driver","Storm"],"picked":"Beam Cell","floor":14}],"player_experience":884709,"relics_obtained":[{"floor":3,"key":"StoneCalendar"},{"floor":7,"key":"Shovel"},{"floor":9,"key":"Dodecahedron"}],"event_choices":[{"damage_healed":0,"gold_gain":0,"player_choice":"Grow","damage_taken":0,"max_hp_gain":0,"max_hp_loss":0,"event_name":"Living Wall","floor":4,"gold_loss":0,"cards_upgraded":["Zap"]},{"cards_removed":["Defend_B"],"damage_healed":0,"gold_gain":0,"player_choice":"Purged","damage_taken":0,"max_hp_gain":0,"max_hp_loss":0,"event_name":"Purifier","floor":10,"gold_loss":0}],"is_beta":false,"boss_relics":[],"items_purged_floors":[8],"is_endless":false,"potions_floor_spawned":[2,13,14],"killed_by":"Hexaghost","ascension_level":20}