{"gold_per_floor":[15,28,303,150,167,99,99,132,155,180,200,200,219,219],"floor_reached":14,"playtime":759,"items_purged":["Regret"],"score":100,"play_id":"5b912073-d05f-4329-b91c-c2e7db84dd1e","local_time":"20190524103059","is_ascension_mode":false,"campfire_choices":[{"data":"Noxious Fumes","floor":7,"key":"SMITH"}],"neow_cost":"NO_GOLD","seed_source_timestamp":667952792891100,"circlet_count":0,"master_deck":["Defend_G","Defend_G","Defend_G","Defend_G","Defend_G","Strike_G","Strike_G","Strike_G","Strike_G","Strike_G","Survivor","Neutralize","All Out Attack","Noxious Fumes+1","Noxious Fumes+1","Caltrops","All Out Attack","Crippling Poison","Caltrops"],"relics":["Ring of the Snake","Gambling Chip","Art of War","Strawberry","Ornamental Fan"],"potions_floor_usage":[10],"damage_taken":[{"damage":0,"enemies":"Small Slimes","floor":1,"turns":3},{"damage":0,"enemies":"Cultist","floor":2,"turns":4},{"damage":0,"enemies":"2 Louse","floor":5,"turns":3},{"damage":30,"enemies":"Gremlin Nob","floor":8,"turns":5},{"damage":9,"enemies":"3 Sentries","floor":10,"turns":5},{"damage":11,"enemies":"Large Slime","floor":11,"turns":5},{"damage":11,"enemies":"Blue Slaver","floor":13,"turns":4},{"damage":19,"enemies":"Gremlin Nob","floor":14,"turns":4}],"seed_played":"1506796816526086128","potions_obtained":[{"floor":1,"key":"SkillPotion"},{"floor":8,"key":"Strength Potion"},{"floor":13,"key":"Explosive Potion"}],"is_trial":false,"path_per_floor":["M","M","?","$","M","$","R","E","T","E","M","?","M","E"],"character_chosen":"THE_SILENT","items_purchased":["Noxious Fumes","Caltrops"],"campfire_rested":0,"item_purchase_floors":[4,6],"current_hp_per_floor":[70,70,70,70,70,70,70,40,47,38,27,27,16,0],"gold":219,"neow_bonus":"ONE_RARE_RELIC","is_prod":false,"is_daily":false,"chose_seed":false,"campfire_upgraded":1,"win_rate":0,"timestamp":1558722659,"path_taken":["M","M","?","$","M","?","R","E","T","E","M","?","M","E"],"build_version":"2019-01-23","purchased_purges":1,"victory":false,"max_hp_per_floor":[70,70,70,70,70,70,70,70,77,77,77,77,77,77],"card_choices":[{"not_picked":["Quick Slash","Sucker Punch","Tactician"],"picked":"SKIP","floor":1},{"not_picked":["Cloak And Dagger","Catalyst"],"picked":"All Out Attack","floor":2},{"not_picked":["Poisoned Stab","Riddle With Holes"],"picked":"Noxious Fumes","floor":5},{"not_picked":["Slice","Acrobatics","Bane"],"picked":"SKIP","floor":8},{"not_picked":["Deadly Poison","Sucker Punch"],"picked":"All Out Attack","floor":10},{"not_picked":["Dodge and Roll","PiercingWail"],"picked":"Crippling Poison","floor":11},{"not_picked":["Catalyst","Acrobatics"],"picked":"Caltrops","floor":13}],"player_experience":429924,"relics_obtained":[{"floor":8,"key":"Art of War"},{"floor":9,"key":"Strawberry"},{"floor":10,"key":"Ornamental Fan"}],"event_choices":[{"damage_healed":0,"gold_gain":275,"player_choice":"Desecrate","damage_taken":0,"max_hp_gain":0,"max_hp_loss":0,"event_name":"Golden Shrine","floor":3,"gold_loss":0,"cards_obtained":["Regret"]},{"damage_healed":0,"gold_gain":0,"player_choice":"Grow","damage_taken":0,"max_hp_gain":0,"max_hp_loss":0,"event_name":"Living Wall","floor":12,"gold_loss":0,"cards_upgraded":["Noxious Fumes"]}],"is_beta":false,"boss_relics":[],"items_purged_floors":[4],"is_endless":false,"potions_floor_spawned":[1,8,13],"killed_by":"Gremlin Nob","ascension_level":0}