{"gold_per_floor":[111,130,140,140,152,179,179,204,204,204,129,142,142,156,156,252,252,264,293,307,22,42,42,73,93,93,54,73,73,73,73,73,170,170,181,403,75,75,95,95,124,124,124,150,163,263,263,274,274,274],"floor_reached":51,"playtime":3185,"items_purged":["Strike_R"],"score":760,"play_id":"38222d36-1e7a-44d6-9fbc-27406f435433","local_time":"20190523000315","is_ascension_mode":false,"campfire_choices":[{"data":"Bash","floor":7,"key":"SMITH"},{"data":"Clothesline","floor":10,"key":"SMITH"},{"data":"Cleave","floor":13,"key":"SMITH"},{"data":"Defend_R","floor":15,"key":"SMITH"},{"floor":23,"key":"REST"},{"data":"Corruption","floor":29,"key":"SMITH"},{"data":"Dark Embrace","floor":32,"key":"SMITH"},{"data":"Limit Break","floor":40,"key":"SMITH"},{"data":"Blind","floor":42,"key":"SMITH"},{"data":"Burning Pact","floor":47,"key":"SMITH"},{"data":"Shrug It Off","floor":49,"key":"SMITH"}],"neow_cost":"NONE","seed_source_timestamp":186871097832800,"circlet_count":0,"master_deck":["Strike_R","Strike_R","Defend_R+1","Defend_R","Defend_R","Bash+1","Headbutt","Clothesline+1","Armaments+1","Reaper","Cleave+1","Metallicize","Dark Embrace+1","Evolve+1","Double Tap+1","Warcry+1","Havoc","Flame Barrier+1","True Grit+1","Corruption+1","Whirlwind+1","Blind+1","Immolate+1","Anger+1","Metallicize","Clash+1","Rampage+1","Shame","Impervious","Shrug It Off+1","Limit Break+1","Feel No Pain","Shrug It Off+1","Burning Pact+1","Clothesline+1","Warcry+1","Heavy Blade+1"],"relics":["Burning Blood","Regal Pillow","Champion Belt","Potion Belt","Molten Egg 2","Astrolabe","Red Mask","Ginger","Paper Frog","Mercury Hourglass","Philosopher\u0027s Stone","Meat on the Bone","Dodecahedron","Sundial","Mango"],"potions_floor_usage":[6,19,19,24,33,33,33,41,44,50,50,50,50],"damage_taken":[{"damage":5,"enemies":"Small Slimes","floor":1,"turns":4},{"damage":0,"enemies":"2 Louse","floor":2,"turns":4},{"damage":0,"enemies":"Cultist","floor":3,"turns":3},{"damage":5,"enemies":"3 Louse","floor":5,"turns":3},{"damage":16,"enemies":"Lagavulin","floor":6,"turns":6},{"damage":14,"enemies":"Gremlin Nob","floor":8,"turns":4},{"damage":4,"enemies":"Exordium Wildlife","floor":12,"turns":4},{"damage":15,"enemies":"Gremlin Gang","floor":14,"turns":4},{"damage":29,"enemies":"Slime Boss","floor":16,"turns":9},{"damage":22,"enemies":"Spheric Guardian","floor":18,"turns":7},{"damage":39,"enemies":"Masked Bandits","floor":19,"turns":6},{"damage":0,"enemies":"3 Byrds","floor":20,"turns":5},{"damage":11,"enemies":"Snake Plant","floor":22,"turns":4},{"damage":14,"enemies":"Slavers","floor":24,"turns":4},{"damage":12,"enemies":"Centurion and Healer","floor":25,"turns":7},{"damage":7,"enemies":"Cultist and Chosen","floor":28,"turns":7},{"damage":21,"enemies":"Champ","floor":33,"turns":17},{"damage":5,"enemies":"Orb Walker","floor":35,"turns":3},{"damage":3,"enemies":"3 Shapes","floor":39,"turns":5},{"damage":17,"enemies":"Giant Head","floor":41,"turns":8},{"damage":10,"enemies":"Reptomancer","floor":44,"turns":7},{"damage":7,"enemies":"Writhing Mass","floor":45,"turns":5},{"damage":0,"enemies":"Mind Bloom Boss Battle","floor":46,"turns":5},{"damage":15,"enemies":"Maw","floor":48,"turns":6},{"damage":58,"enemies":"Awakened One","floor":50,"turns":13}],"seed_played":"-6680215696120420409","potions_obtained":[{"floor":2,"key":"Poison Potion"},{"floor":6,"key":"SneckoOil"},{"floor":8,"key":"Block Potion"},{"floor":16,"key":"FearPotion"},{"floor":18,"key":"EssenceOfSteel"},{"floor":19,"key":"GamblersBrew"},{"floor":25,"key":"SkillPotion"},{"floor":33,"key":"Energy Potion"},{"floor":35,"key":"Regen Potion"},{"floor":41,"key":"Block Potion"}],"is_trial":false,"path_per_floor":["M","M","M","?","M","E","R","E","T","R","$","M","R","M","R","B",null,"M","?","M","$","M","R","E","M","T","$","M","R","?","?","R","B",null,"M","?","$","?","M","R","E","R","T","E","M","?","R","M","R","B",null],"character_chosen":"IRONCLAD","items_purchased":["Corruption","Whirlwind+1","SteroidPotion","Blind","Metallicize","Limit Break","Feel No Pain","SteroidPotion","PowerPotion"],"campfire_rested":1,"item_purchase_floors":[21,21,21,21,27,37,37,37,37],"current_hp_per_floor":[80,80,80,80,80,70,70,62,62,62,62,68,68,71,71,56,80,64,43,51,51,46,80,72,66,66,66,73,73,73,73,73,58,80,80,80,80,80,80,80,69,69,69,73,72,94,94,85,85,72],"gold":274,"neow_bonus":"RANDOM_COMMON_RELIC","is_prod":false,"is_daily":false,"chose_seed":false,"campfire_upgraded":10,"win_rate":1,"timestamp":1558594995,"path_taken":["M","M","M","?","M","E","R","E","T","R","$","M","R","M","R","BOSS","M","?","M","$","M","R","E","M","T","$","M","R","?","?","R","BOSS","M","?","$","?","?","R","E","R","T","E","M","?","R","M","R","BOSS"],"build_version":"2019-01-23","purchased_purges":1,"victory":true,"max_hp_per_floor":[80,80,80,80,80,80,80,80,80,80,80,80,80,80,80,80,80,80,80,80,80,80,80,80,80,80,80,80,80,80,80,80,80,80,80,80,80,80,80,80,80,80,80,80,80,94,94,94,94,94],"card_choices":[{"not_picked":["Wild Strike","Havoc"],"picked":"Headbutt","floor":1},{"not_picked":["Twin Strike","Sword Boomerang"],"picked":"Clothesline","floor":2},{"not_picked":["Heavy Blade","Sword Boomerang"],"picked":"Armaments","floor":3},{"not_picked":["Hemokinesis","Flex"],"picked":"Infernal Blade","floor":5},{"not_picked":["Heavy Blade","Anger"],"picked":"Reaper","floor":6},{"not_picked":["Warcry","Heavy Blade"],"picked":"Cleave","floor":8},{"not_picked":["Sword Boomerang+1","Entrench"],"picked":"Metallicize","floor":12},{"not_picked":["Infernal Blade","Flex","Heavy Blade+1"],"picked":"SKIP","floor":14},{"not_picked":["Brutality","Berserk"],"picked":"Dark Embrace","floor":16},{"not_picked":["Armaments","Perfected Strike+1"],"picked":"Havoc","floor":18},{"not_picked":["Fire Breathing+1","Headbutt+1"],"picked":"Flame Barrier+1","floor":19},{"not_picked":["Body Slam+1","Second Wind"],"picked":"True Grit+1","floor":20},{"not_picked":["Heavy Blade+1","Dual Wield+1","Armaments"],"picked":"SKIP","floor":22},{"not_picked":["Cleave+1","Entrench"],"picked":"Immolate+1","floor":24},{"not_picked":["Dual Wield","Thunderclap+1"],"picked":"Anger+1","floor":25},{"not_picked":["Second Wind","Anger+1"],"picked":"Clash+1","floor":28},{"not_picked":["Exhume","Berserk"],"picked":"Impervious","floor":33},{"not_picked":["Pommel Strike+1","Blood for Blood+1"],"picked":"Shrug It Off+1","floor":35},{"not_picked":["Pommel Strike+1","Cleave+1"],"picked":"Shrug It Off","floor":39},{"not_picked":["Heavy Blade+1","Cleave+1","Havoc"],"picked":"SKIP","floor":41},{"not_picked":["Heavy Blade+1","Cleave+1","Havoc"],"picked":"SKIP","floor":41},{"not_picked":["Brutality","Rampage+1"],"picked":"Burning Pact","floor":44},{"not_picked":["Wild Strike+1","Pommel Strike+1"],"picked":"Clothesline+1","floor":45},{"not_picked":["Iron Wave+1","Fire Breathing+1"],"picked":"Warcry+1","floor":46},{"not_picked":["Fire Breathing","Armaments+1"],"picked":"Heavy Blade+1","floor":48}],"player_experience":858993,"relics_obtained":[{"floor":6,"key":"Champion Belt"},{"floor":8,"key":"Potion Belt"},{"floor":9,"key":"Molten Egg 2"},{"floor":19,"key":"Red Mask"},{"floor":24,"key":"Ginger"},{"floor":26,"key":"Paper Frog"},{"floor":41,"key":"Meat on the Bone"},{"floor":43,"key":"Dodecahedron"},{"floor":44,"key":"Sundial"},{"floor":46,"key":"Mango"}],"event_choices":[{"damage_healed":0,"gold_gain":0,"player_choice":"Grow","damage_taken":0,"max_hp_gain":0,"max_hp_loss":0,"event_name":"Living Wall","floor":4,"gold_loss":0,"cards_upgraded":["Armaments"]},{"damage_healed":0,"gold_gain":0,"player_choice":"Fought Bandits","damage_taken":0,"max_hp_gain":0,"max_hp_loss":0,"event_name":"Masked Bandits","floor":19,"gold_loss":0},{"damage_healed":0,"gold_gain":0,"player_choice":"Read","damage_taken":0,"max_hp_gain":0,"max_hp_loss":0,"event_name":"The Library","floor":30,"gold_loss":0,"cards_obtained":["Rampage"]},{"damage_healed":0,"gold_gain":0,"player_choice":"Stole Relic","damage_taken":0,"relics_obtained":["Mercury Hourglass"],"max_hp_gain":0,"max_hp_loss":0,"event_name":"Addict","floor":31,"gold_loss":0,"cards_obtained":["Shame"]},{"damage_healed":0,"gold_gain":222,"player_choice":"Wore Mask","damage_taken":0,"max_hp_gain":0,"max_hp_loss":0,"event_name":"Tomb of Lord Red Mask","floor":36,"gold_loss":0},{"cards_removed":["Infernal Blade"],"damage_healed":0,"gold_gain":0,"player_choice":"Offered Uncommon","damage_taken":0,"max_hp_gain":0,"max_hp_loss":0,"event_name":"Bonfire Elementals","floor":38,"gold_loss":0},{"damage_healed":0,"gold_gain":0,"player_choice":"Fight","damage_taken":0,"max_hp_gain":0,"max_hp_loss":0,"event_name":"MindBloom","floor":46,"gold_loss":0}],"is_beta":false,"boss_relics":[{"not_picked":["Tiny House","Black Blood"],"picked":"Astrolabe"},{"not_picked":["Busted Crown","Runic Cube"],"picked":"Philosopher\u0027s Stone"}],"items_purged_floors":[11],"is_endless":false,"potions_floor_spawned":[2,6,8,16,18,19,25,33,35,41],"ascension_level":0}