{"gold_per_floor":[117,25,38,55,55,55,78,92,161,161,174,193,193,268,268,362,362,382,356,174,89,105,144,144,157,157,157,157,57,57,88,88,178,178,198,211,211,235,235,235,274,51,74,74,90,90,134,134,134,134],"floor_reached":51,"playtime":2680,"items_purged":["Pain","Writhe"],"score":1630,"play_id":"a7740249-f912-45ec-9012-2a5a2f9e3810","local_time":"20181018004719","is_ascension_mode":true,"campfire_choices":[{"data":"Corruption","floor":6.0,"key":"SMITH"},{"data":"Metallicize","floor":10.0,"key":"SMITH"},{"data":"Armaments","floor":13.0,"key":"SMITH"},{"data":"Feel No Pain","floor":15.0,"key":"SMITH"},{"data":"Bludgeon","floor":27,"key":"SMITH"},{"data":"Havoc","floor":30,"key":"SMITH"},{"data":"Barricade","floor":32,"key":"SMITH"},{"data":"Dark Embrace","floor":40,"key":"SMITH"},{"data":"Body Slam","floor":44,"key":"SMITH"},{"floor":46,"key":"REST"},{"floor":49,"key":"REST"}],"neow_cost":"CURSE","seed_source_timestamp":705013959205459,"circlet_count":0,"master_deck":["Strike_R","Strike_R","Strike_R","Strike_R","Defend_R","Defend_R","Defend_R","Defend_R","Bash","AscendersBane","Flame Barrier","Metallicize+1","Armaments+1","Corruption+1","Bludgeon+1","Iron Wave","Iron Wave","Feel No Pain+1","Body Slam+1","Barricade+1","Shrug It Off","Thunderclap+1","Dark Shackles","Dark Embrace+1","Havoc+1","Iron Wave+1","Flame Barrier","Pommel Strike+1","Sentinel","Demon Form+1","Madness","Madness"],"special_seed":0,"relics":["Burning Blood","Thread and Needle","Golden Idol","Matryoshka","Dead Branch","Lizard Tail","Happy Flower","Frozen Egg 2","Oddly Smooth Stone","Pear","Bottled Flame","Dream Catcher","Letter Opener","Mark of Pain","Mummified Hand","OrangePellets","Smiling Mask","Blood Vial","Sundial"],"potions_floor_usage":[16,19,23,23,38,50],"damage_taken":[{"damage":2.0,"enemies":"2 Louse","floor":1.0,"turns":3.0},{"damage":4.0,"enemies":"Small Slimes","floor":3.0,"turns":5.0},{"damage":8.0,"enemies":"Jaw Worm","floor":4.0,"turns":5.0},{"damage":2.0,"enemies":"2 Fungi Beasts","floor":7.0,"turns":5.0},{"damage":28.0,"enemies":"Lots of Slimes","floor":8.0,"turns":6.0},{"damage":5.0,"enemies":"Large Slime","floor":11.0,"turns":7.0},{"damage":3.0,"enemies":"2 Fungi Beasts","floor":12.0,"turns":4.0},{"damage":42.0,"enemies":"Gremlin Nob","floor":14.0,"turns":7.0},{"damage":4,"enemies":"The Guardian","floor":16,"turns":9},{"damage":20,"enemies":"3 Byrds","floor":18,"turns":4},{"damage":5,"enemies":"2 Thieves","floor":19,"turns":4},{"damage":0,"enemies":"Centurion and Healer","floor":22,"turns":5},{"damage":7,"enemies":"Book of Stabbing","floor":23,"turns":7},{"damage":0,"enemies":"Snake Plant","floor":25,"turns":5},{"damage":10,"enemies":"Gremlin Leader","floor":31,"turns":7},{"damage":0,"enemies":"Champ","floor":33,"turns":9},{"damage":37,"enemies":"3 Darklings","floor":35,"turns":6},{"damage":0,"enemies":"3 Shapes","floor":36,"turns":5},{"damage":19,"enemies":"Maw","floor":38,"turns":10},{"damage":0,"enemies":"Nemesis","floor":41,"turns":9},{"damage":0,"enemies":"Spire Growth","floor":45,"turns":5},{"damage":3,"enemies":"Giant Head","floor":47,"turns":2},{"damage":49,"enemies":"Awakened One","floor":50,"turns":6}],"seed_played":"-6036942994664124265","potions_obtained":[{"floor":3.0,"key":"SpeedPotion"},{"floor":7.0,"key":"Regen Potion"},{"floor":8.0,"key":"SpeedPotion"},{"floor":14.0,"key":"SkillPotion"},{"floor":18,"key":"AttackPotion"},{"floor":19,"key":"SpeedPotion"},{"floor":23,"key":"SkillPotion"},{"floor":31,"key":"Explosive Potion"},{"floor":35,"key":"Weak Potion"},{"floor":45,"key":"FearPotion"},{"floor":47,"key":"FairyPotion"}],"is_trial":false,"path_per_floor":["M","$","M","M","?","R","M","M","T","R","M","M","R","?","R","B",null,"M","M","$","?","M","E","?","M","T","R","?","$","R","E","R","B",null,"M","M","?","M","?","R","E","$","T","R","M","R","E","?","R","B"],"character_chosen":"IRONCLAD","items_purchased":["Metallicize","Dark Shackles","OrangePellets"],"campfire_rested":2,"item_purchase_floors":[2,20,42],"current_hp_per_floor":[72,72,74,72,46,46,50,42,42,42,43,46,46,10,10,12,59,45,46,46,46,52,51,51,57,67,67,67,67,67,63,63,69,81,50,56,56,43,43,43,49,49,49,49,57,82,85,70,85,42],"gold":134,"neow_bonus":"ONE_RARE_RELIC","is_prod":false,"is_daily":false,"chose_seed":false,"campfire_upgraded":9,"win_rate":0,"timestamp":1539838039,"path_taken":["M","$","M","M","?","R","M","M","T","R","M","M","R","?","R","BOSS","M","M","$","?","M","E","?","?","T","R","?","?","R","E","R","BOSS","M","M","?","?","?","R","E","$","T","R","M","R","E","?","R","BOSS"],"build_version":"2018-10-11","purchased_purges":2,"victory":true,"max_hp_per_floor":[75,75,75,75,75,75,75,75,75,75,75,75,75,75,75,75,75,75,75,75,75,75,75,75,75,85,85,85,85,85,85,85,85,85,85,85,85,85,85,85,85,85,85,85,85,85,85,85,85,85],"card_choices":[{"not_picked":["Rupture","Heavy Blade"],"picked":"Flame Barrier","floor":1.0},{"not_picked":["Entrench","Warcry"],"picked":"Armaments","floor":3.0},{"not_picked":["Body Slam","Havoc"],"picked":"Corruption","floor":4.0},{"not_picked":["Fire Breathing","Anger"],"picked":"Bludgeon","floor":7.0},{"not_picked":["Infernal Blade","Sentinel"],"picked":"Iron Wave","floor":8.0},{"not_picked":["Rage","Burning Pact"],"picked":"Iron Wave","floor":11.0},{"not_picked":["Heavy Blade","Wild Strike"],"picked":"Feel No Pain","floor":12.0},{"not_picked":["Perfected Strike","Cleave"],"picked":"Body Slam","floor":14.0},{"not_picked":["Double Tap","Bludgeon"],"picked":"Barricade","floor":16},{"not_picked":["Heavy Blade","Blood for Blood"],"picked":"Shrug It Off","floor":18},{"not_picked":["Dropkick","Evolve"],"picked":"Thunderclap+1","floor":19},{"not_picked":["Shockwave","Seeing Red"],"picked":"Dark Embrace","floor":22},{"not_picked":["Twin Strike","Armaments+1"],"picked":"Havoc","floor":23},{"not_picked":["Twin Strike","Anger","Searing Blow"],"picked":"SKIP","floor":25},{"not_picked":["Clothesline","Immolate","Armaments"],"picked":"SKIP","floor":31},{"not_picked":["Spot Weakness","Flex"],"picked":"Iron Wave+1","floor":35},{"not_picked":["Pommel Strike","Havoc","Body Slam"],"picked":"SKIP","floor":36},{"not_picked":["Flex","Rampage"],"picked":"Flame Barrier","floor":38},{"not_picked":["Searing Blow","Reckless Charge+1"],"picked":"Pommel Strike+1","floor":41},{"not_picked":["Sword Boomerang","Armaments","Shockwave"],"picked":"SKIP","floor":45},{"not_picked":["Sword Boomerang","Pummel"],"picked":"Sentinel","floor":46},{"not_picked":["Corruption+1","Armaments"],"picked":"Demon Form+1","floor":47}],"player_experience":766630,"relics_obtained":[{"floor":9.0,"key":"Matryoshka"},{"floor":14.0,"key":"Dead Branch"},{"floor":23,"key":"Frozen Egg 2"},{"floor":26,"key":"Pear"},{"floor":26,"key":"Bottled Flame"},{"floor":31,"key":"Letter Opener"},{"floor":41,"key":"Mummified Hand"},{"floor":43,"key":"Smiling Mask"},{"floor":43,"key":"Blood Vial"},{"floor":47,"key":"Sundial"}],"event_choices":[{"event_name":"Golden Idol","player_choice":"Take Damage","floor":5.0,"damage_taken":0.0},{"event_name":"Dead Adventurer","player_choice":"Searched \u00272\u0027 times","floor":14.0,"damage_taken":0.0},{"event_name":"Addict","player_choice":"Obtained Relic","floor":21,"damage_taken":0},{"event_name":"WeMeetAgain","player_choice":"Potion","floor":24,"damage_taken":0},{"event_name":"The Mausoleum","player_choice":"Yes","floor":28,"damage_taken":0},{"event_name":"Tomb of Lord Red Mask","player_choice":"Ignored","floor":37,"damage_taken":0},{"event_name":"Falling","player_choice":"Removed Attack","floor":39,"damage_taken":0},{"event_name":"Winding Halls","player_choice":"Embrace Madness","floor":48,"damage_taken":0}],"is_beta":false,"boss_relics":[{"not_picked":["Philosopher\u0027s Stone","Calling Bell"],"picked":"Lizard Tail"},{"not_picked":["Orrery","Eternal Feather"],"picked":"Mark of Pain"}],"items_purged_floors":[20,29],"is_endless":false,"potions_floor_spawned":[3,7,8,11,14,18,19,23,31,35,45,47],"ascension_level":19}