{"path_per_floor":["M","M","$","M","M","R","E","R","T","E","?","R","M","M","R","B",null,"M","M","?","?","$","R","M","R","T","M","E","M","M","E","R","B",null,"M","?","?","?","?","E","$","R","T","R","E","M","$","?","R","B"],"character_chosen":"IRONCLAD","items_purchased":["Metallicize","Juzu Bracelet","Oddly Smooth Stone","Metallicize"],"gold_per_floor":[115,130,61,76,92,92,126,126,126,158,158,158,177,197,197,326,326,351,374,299,299,76,76,100,100,127,145,184,200,213,256,256,380,380,395,395,459,459,459,492,175,175,200,200,238,263,138,138,138,138],"floor_reached":51,"campfire_rested":1,"playtime":2706,"current_hp_per_floor":[72,73,73,77,73,73,45,45,45,19,19,41,51,54,54,43,75,67,68,68,90,90,90,89,89,89,95,88,84,87,93,93,92,106,102,102,106,106,106,108,108,108,108,108,110,120,120,120,120,122],"items_purged":["Strike_R","Strike_R","Strike_R"],"gold":138,"score":826,"play_id":"b33709c8-4487-4052-8121-77653e3555a6","is_prod":false,"is_daily":false,"is_ascension_mode":true,"campfire_upgraded":9,"path_taken":["M","?","?","M","M","R","E","R","T","E","?","R","M","?","R","BOSS","M","M","?","?","$","R","M","R","T","M","E","M","M","E","R","BOSS","M","?","?","?","?","E","$","R","T","R","E","M","?","?","R","BOSS"],"build_version":"2018-02-15-PROD1","purchased_purges":3,"victory":true,"master_deck":["Strike_R+1","Defend_R","Defend_R+1","Defend_R+1","Bash","Armaments+1","Shrug It Off","Metallicize+1","Feed+1","Flame Barrier+1","Cleave+1","Iron Wave+1","Barricade+1","Body Slam+1","Shrug It Off+1","Seeing Red+1","Offering+1","Entrench+1","Warcry+1","Burning Pact+1","Metallicize+1","Body Slam+1","Entrench+1"],"max_hp_per_floor":[80,80,80,80,80,80,80,80,80,80,74,74,78,82,82,86,86,86,90,90,90,90,90,94,94,94,98,98,102,106,110,110,110,110,114,114,118,118,118,118,118,118,118,118,118,122,122,122,122,122],"relics":["Burning Blood","Whetstone","Self Forming Clay","Molten Egg 2","Golden Idol","Orrery","Juzu Bracelet","Bronze Scales","Red Skull","Centennial Puzzle","Cursed Key","Sundial","Pen Nib","Oddly Smooth Stone","War Paint","Champion Belt"],"card_choices":[{"not_picked":["Carnage","Combust"],"picked":"Armaments"},{"not_picked":["Intimidate","Flex"],"picked":"Shrug It Off"},{"not_picked":["Shockwave","Double Tap"],"picked":"Feed"},{"not_picked":["Wild Strike","Blood for Blood"],"picked":"Flame Barrier"},{"not_picked":["Anger","Shrug It Off"],"picked":"Cleave"},{"not_picked":["Ghostly Armor","Anger"],"picked":"Iron Wave"},{"not_picked":["Feed","Reaper"],"picked":"Barricade"},{"not_picked":["Anger","Spot Weakness"],"picked":"Body Slam"},{"not_picked":["Body Slam","Headbutt"],"picked":"Shrug It Off"},{"not_picked":["Clothesline","Anger"],"picked":"Seeing Red"},{"not_picked":["Rampage","Inflame"],"picked":"Offering"},{"not_picked":["Flame Barrier","Burning Pact"],"picked":"Entrench"},{"not_picked":["Flame Barrier","Rage"],"picked":"Warcry"},{"not_picked":["Headbutt","Second Wind"],"picked":"Burning Pact"},{"not_picked":["Clash","Wild Strike"],"picked":"Body Slam"},{"not_picked":["Perfected Strike","Infernal Blade"],"picked":"Entrench"}],"player_experience":202874,"potions_floor_usage":[10,16,27,28,30,31,31,50,50,50],"damage_taken":[{"damage":6,"enemies":"Cultist","floor":1,"turns":3},{"damage":5,"enemies":"Small Slimes","floor":2,"turns":4},{"damage":2,"enemies":"2 Louse","floor":4,"turns":5},{"damage":10,"enemies":"Red Slaver","floor":5,"turns":5},{"damage":34,"enemies":"Gremlin Nob","floor":7,"turns":5},{"damage":32,"enemies":"Lagavulin","floor":10,"turns":6},{"damage":0,"enemies":"Exordium Thugs","floor":13,"turns":4},{"damage":7,"enemies":"3 Louse","floor":14,"turns":2},{"damage":21,"enemies":"The Guardian","floor":16,"turns":14},{"damage":14,"enemies":"3 Byrds","floor":18,"turns":2},{"damage":9,"enemies":"Spheric Guardian","floor":19,"turns":9},{"damage":11,"enemies":"Centurion and Healer","floor":24,"turns":17},{"damage":4,"enemies":"3 Cultists","floor":27,"turns":6},{"damage":13,"enemies":"Gremlin Leader","floor":28,"turns":6},{"damage":14,"enemies":"Chosen and Byrds","floor":29,"turns":8},{"damage":7,"enemies":"Slaver and Parasite","floor":30,"turns":6},{"damage":4,"enemies":"Slavers","floor":31,"turns":6},{"damage":7,"enemies":"Collector","floor":33,"turns":10},{"damage":14,"enemies":"3 Darklings","floor":35,"turns":6},{"damage":6,"enemies":"Mysterious Sphere","floor":37,"turns":9},{"damage":4,"enemies":"Giant Head","floor":40,"turns":9},{"damage":4,"enemies":"Nemesis","floor":45,"turns":11},{"damage":0,"enemies":"Orb Walker","floor":46,"turns":4},{"damage":4,"enemies":"Awakened One","floor":50,"turns":6}],"event_choices":[{"event_name":"Golden Idol","player_choice":"Lose Max HP","floor":11,"damage_taken":0},{"event_name":"Beggar","player_choice":"Gave Gold","floor":20,"damage_taken":0},{"event_name":"The Library","player_choice":"Heal","floor":21,"damage_taken":0},{"event_name":"Mysterious Sphere","player_choice":"Fight","floor":37,"damage_taken":0},{"event_name":"Tomb of Lord Red Mask","player_choice":"Ignored","floor":38,"damage_taken":0},{"event_name":"The Lab","player_choice":"Got Potions","floor":39,"damage_taken":0},{"event_name":"Fountain of Cleansing","player_choice":"Removed Curse","floor":48,"damage_taken":0}],"boss_relics":[{"not_picked":["White Beast Statue","Pandora\u0027s Box"],"picked":"Orrery"},{"not_picked":["Eternal Feather","Mark of Pain"],"picked":"Cursed Key"}],"potions_floor_spawned":[2,7,13,19,24,28,29,35,45,46],"seed_played":"-7817811122705727276","ascension_level":6,"is_trial":false}