{"gold_per_floor":[118,69,69,89,10,10,10,10,10,10,10,29,54,71,71,166,166,186,40,40,40,52,52,84,84,136,136,136,136,50,70,70,165,165,179,179,192,43,61,61,61,61,61,61,72,72,88,188,188,188],"floor_reached":51,"playtime":1816,"items_purged":[],"score":709,"play_id":"440ff6db-315f-4c53-aeff-197d05ffcffc","local_time":"20190524134028","is_ascension_mode":false,"campfire_choices":[{"data":"Shockwave","floor":6.0,"key":"SMITH"},{"data":"Bash","floor":10.0,"key":"SMITH"},{"data":"Whirlwind","floor":15.0,"key":"SMITH"},{"data":"Feed","floor":23,"key":"SMITH"},{"data":"Spot Weakness","floor":25,"key":"SMITH"},{"data":"Reaper","floor":27,"key":"SMITH"},{"data":"Flame Barrier","floor":32,"key":"SMITH"},{"data":"Double Tap","floor":40,"key":"SMITH"},{"data":"Madness","floor":42,"key":"SMITH"},{"data":"Madness","floor":44,"key":"SMITH"},{"data":"Shrug It Off","floor":46,"key":"SMITH"},{"data":"Offering","floor":49,"key":"SMITH"}],"neow_cost":"NONE","seed_source_timestamp":693081215132560,"circlet_count":0,"master_deck":["Strike_R","Strike_R","Strike_R","Strike_R+1","Strike_R","Defend_R+1","Defend_R+1","Defend_R","Defend_R","Bash+1","Reaper+1","Shrug It Off+1","Spot Weakness+1","Shockwave+1","Pummel+1","Shrug It Off+1","Whirlwind+1","Feed+1","Dropkick","Shockwave+1","Battle Trance+1","Flame Barrier+1","Double Tap+1","Shrug It Off+1","Madness+1","Madness+1","Offering+1"],"special_seed":0,"relics":["Black Blood","Ancient Tea Set","Magic Flower","Blue Candle","Bag of Marbles","War Paint","Boot","Coffee Dripper","Blood Vial","Ornamental Fan","Prayer Wheel"],"potions_floor_usage":[24,24,50,50,50],"damage_taken":[{"damage":1.0,"enemies":"Jaw Worm","floor":1.0,"turns":3.0},{"damage":0.0,"enemies":"Small Slimes","floor":4.0,"turns":3.0},{"damage":0.0,"enemies":"Cultist","floor":12.0,"turns":3.0},{"damage":31.0,"enemies":"3 Sentries","floor":13.0,"turns":5.0},{"damage":11.0,"enemies":"Lots of Slimes","floor":14.0,"turns":5.0},{"damage":16.0,"enemies":"Slime Boss","floor":16.0,"turns":6.0},{"damage":6.0,"enemies":"Chosen","floor":18.0,"turns":4.0},{"damage":35,"enemies":"2 Thieves","floor":22,"turns":4},{"damage":35,"enemies":"Slavers","floor":24,"turns":6},{"damage":0,"enemies":"Snecko","floor":31,"turns":3},{"damage":94,"enemies":"Collector","floor":33,"turns":12},{"damage":31,"enemies":"3 Shapes","floor":35,"turns":4},{"damage":1,"enemies":"Orb Walker","floor":37,"turns":4},{"damage":48,"enemies":"Sphere and 2 Shapes","floor":39,"turns":7},{"damage":0,"enemies":"4 Shapes","floor":45,"turns":6},{"damage":11,"enemies":"Spire Growth","floor":47,"turns":5},{"damage":32,"enemies":"Mind Bloom Boss Battle","floor":48,"turns":7},{"damage":89,"enemies":"Donu and Deca","floor":50,"turns":10}],"seed_played":"7861247251155849395","potions_obtained":[{"floor":12.0,"key":"GamblersBrew"},{"floor":13.0,"key":"PowerPotion"},{"floor":14.0,"key":"Fruit Juice"},{"floor":16.0,"key":"SkillPotion"},{"floor":18.0,"key":"FearPotion"},{"floor":33,"key":"Regen Potion"},{"floor":48,"key":"Dexterity Potion"}],"is_trial":false,"path_per_floor":["M","$","?","M","$","R","?","?","T","R","$","M","E","M","R","B",null,"M","$","?","?","M","R","E","R","T","R","$","?","$","M","R","B",null,"M","$","M","$","M","R","?","R","T","R","M","R","M","?","R","B",null],"character_chosen":"IRONCLAD","items_purchased":["Shrug It Off","Shockwave","Bag of Marbles","Flame Barrier","Dexterity Potion","Blood Vial"],"campfire_rested":0,"item_purchase_floors":[2,5,19,30,30,38],"current_hp_per_floor":[80,80,77,80,80,80,80,64,64,64,64,80,80,85,85,78,85,88,88,71,71,74,74,90,90,90,90,90,90,90,100,100,67,104,100,100,108,108,95,95,81,81,81,81,116,116,116,116,116,77],"gold":188,"neow_bonus":"ONE_RANDOM_RARE_CARD","is_prod":false,"is_daily":false,"chose_seed":false,"campfire_upgraded":12,"win_rate":0,"timestamp":1558676428,"path_taken":["M","$","?","M","$","R","?","?","T","R","?","M","E","?","R","BOSS","M","?","?","?","M","R","E","R","T","R","$","?","$","M","R","BOSS","M","$","M","$","?","R","?","R","T","R","M","R","M","?","R","BOSS"],"build_version":"2019-01-23","purchased_purges":0,"victory":true,"max_hp_per_floor":[80,80,80,80,80,80,80,80,80,80,80,80,80,85,85,85,85,88,88,93,93,96,96,100,100,100,100,100,100,100,100,100,104,104,108,108,108,108,112,112,112,112,112,112,116,116,116,120,120,124],"card_choices":[{"not_picked":["Clash","Cleave","Intimidate"],"picked":"SKIP","floor":1.0},{"not_picked":["Power Through","Entrench"],"picked":"Spot Weakness","floor":4.0},{"not_picked":["Flex","Anger"],"picked":"Pummel","floor":12.0},{"not_picked":["Perfected Strike","Reckless Charge"],"picked":"Shrug It Off","floor":13.0},{"not_picked":["Infernal Blade","Anger"],"picked":"Whirlwind","floor":14.0},{"not_picked":["Juggernaut","Brutality"],"picked":"Feed","floor":16.0},{"not_picked":["Twin Strike","Fire Breathing+1","Sentinel"],"picked":"SKIP","floor":18.0},{"not_picked":["Twin Strike","Disarm"],"picked":"Shockwave+1","floor":22},{"not_picked":["Clothesline","Cleave+1"],"picked":"Battle Trance+1","floor":24},{"not_picked":["Anger","Bloodletting","Headbutt"],"picked":"SKIP","floor":31},{"not_picked":["Anger","Bloodletting","Headbutt"],"picked":"SKIP","floor":31},{"not_picked":["Fiend Fire","Exhume"],"picked":"Double Tap","floor":33},{"not_picked":["Armaments+1","Clash+1","Sword Boomerang"],"picked":"SKIP","floor":35},{"not_picked":["Perfected Strike","Headbutt","Havoc"],"picked":"SKIP","floor":37},{"not_picked":["Body Slam","Wild Strike"],"picked":"Shrug It Off+1","floor":39},{"not_picked":["Corruption","Twin Strike","Feel No Pain"],"picked":"SKIP","floor":45},{"not_picked":["Thunderclap+1","Shockwave"],"picked":"Offering","floor":47}],"player_experience":587988,"relics_obtained":[{"floor":9.0,"key":"Magic Flower"},{"floor":13.0,"key":"Blue Candle"},{"floor":24,"key":"War Paint"},{"floor":26,"key":"Boot"},{"floor":43,"key":"Ornamental Fan"},{"floor":48,"key":"Prayer Wheel"}],"event_choices":[{"damage_healed":0.0,"max_hp_gain":0.0,"max_hp_loss":0.0,"gold_gain":0.0,"event_name":"Scrap Ooze","player_choice":"Success","floor":3.0,"gold_loss":0.0,"damage_taken":3.0,"relics_obtained":["Ancient Tea Set"]},{"damage_healed":0.0,"max_hp_gain":0.0,"max_hp_loss":0.0,"gold_gain":0.0,"event_name":"The Cleric","player_choice":"Leave","floor":7.0,"gold_loss":0.0,"damage_taken":0.0},{"damage_healed":0.0,"max_hp_gain":0.0,"max_hp_loss":0.0,"gold_gain":0.0,"event_name":"Shining Light","player_choice":"Entered Light","floor":8.0,"gold_loss":0.0,"damage_taken":16.0,"cards_upgraded":["Strike_R","Shrug It Off"]},{"damage_healed":0.0,"max_hp_gain":5.0,"max_hp_loss":0.0,"gold_gain":0.0,"event_name":"Forgotten Altar","player_choice":"Shed Blood","floor":20.0,"gold_loss":0.0,"damage_taken":22.0},{"damage_healed":0.0,"max_hp_gain":0.0,"max_hp_loss":0.0,"gold_gain":0.0,"event_name":"The Library","player_choice":"Read","floor":21.0,"gold_loss":0.0,"damage_taken":0.0,"cards_obtained":["Dropkick"]},{"damage_healed":0,"gold_gain":0,"player_choice":"Forge","damage_taken":0,"max_hp_gain":0,"max_hp_loss":0,"event_name":"Accursed Blacksmith","floor":29,"gold_loss":0,"cards_upgraded":["Pummel"]},{"damage_healed":0,"gold_gain":0,"player_choice":"Embrace Madness","damage_taken":14,"max_hp_gain":0,"max_hp_loss":0,"event_name":"Winding Halls","floor":41,"gold_loss":0,"cards_obtained":["Madness","Madness"]},{"damage_healed":0,"gold_gain":0,"player_choice":"Fight","damage_taken":0,"max_hp_gain":0,"max_hp_loss":0,"event_name":"MindBloom","floor":48,"gold_loss":0}],"is_beta":false,"boss_relics":[{"not_picked":["Black Star","White Beast Statue"],"picked":"Black Blood"},{"not_picked":["Runic Cube","Pandora\u0027s Box"],"picked":"Coffee Dripper"}],"items_purged_floors":[],"is_endless":false,"potions_floor_spawned":[12,13,14,16,18,33,35,37,48],"ascension_level":0}