{"gold_per_floor":[114,125,125,142,142,142,157,187,268,114,114,125,56,56],"floor_reached":14,"playtime":597,"items_purged":["Strike_G"],"score":144,"play_id":"0fddac55-9cea-45a9-b694-083c0ddf4eac","local_time":"20180711201510","is_ascension_mode":true,"campfire_choices":[{"data":"Neutralize","floor":6,"key":"SMITH"},{"data":"Cloak And Dagger","floor":11,"key":"SMITH"}],"neow_cost":"","seed_source_timestamp":82833527329518,"circlet_count":0,"master_deck":["Defend_G","Defend_G","Defend_G","Defend_G","Defend_G","Strike_G","Strike_G","Strike_G","Strike_G","Survivor","Neutralize+1","AscendersBane","Cloak And Dagger+1","Underhanded Strike","Flying Knee","Dagger Spray","Acrobatics","Infinite Blades","PiercingWail","Envenom"],"relics":["Ring of the Snake","Dead Branch","Gremlin Horn"],"potions_floor_usage":[7,8],"damage_taken":[{"damage":5,"enemies":"Small Slimes","floor":1,"turns":6},{"damage":0,"enemies":"2 Louse","floor":2,"turns":4},{"damage":0,"enemies":"Jaw Worm","floor":4,"turns":4},{"damage":0,"enemies":"2 Fungi Beasts","floor":7,"turns":3},{"damage":39,"enemies":"Lagavulin","floor":8,"turns":9},{"damage":4,"enemies":"3 Louse","floor":12,"turns":3},{"damage":28,"enemies":"Gremlin Nob","floor":14,"turns":4}],"seed_played":"-6759823897516855952","potions_obtained":[{"floor":1,"key":"Weak Potion"},{"floor":4,"key":"AttackPotion"},{"floor":8,"key":"LiquidBronze"}],"is_trial":false,"path_per_floor":["M","M","?","M","?","R","M","E","T","$","R","M","$"],"character_chosen":"THE_SILENT","items_purchased":["Infinite Blades","Envenom"],"campfire_rested":0,"item_purchase_floors":[10,13],"current_hp_per_floor":[58,58,58,58,70,70,70,31,31,31,31,27,27,0],"gold":56,"neow_bonus":"","is_prod":false,"is_daily":false,"chose_seed":false,"campfire_upgraded":2,"win_rate":0,"timestamp":1531354510,"path_taken":["M","M","?","M","?","R","M","E","T","?","R","M","$","E"],"build_version":"2018-07-05","purchased_purges":1,"victory":false,"max_hp_per_floor":[70,70,70,70,70,70,70,70,70,70,70,70,70,70],"card_choices":[{"not_picked":["Setup","Bane"],"picked":"Cloak And Dagger","floor":1},{"not_picked":["Bane","Backflip"],"picked":"Underhanded Strike","floor":2},{"not_picked":["Quick Slash","Acrobatics"],"picked":"Flying Knee","floor":4},{"not_picked":["Flechettes","Phantasmal Killer"],"picked":"Dagger Spray","floor":7},{"not_picked":["Sucker Punch","Caltrops"],"picked":"Acrobatics","floor":8},{"not_picked":["Slice","Caltrops"],"picked":"PiercingWail","floor":12}],"player_experience":435922,"relics_obtained":[{"floor":8,"key":"Dead Branch"},{"floor":9,"key":"Gremlin Horn"}],"event_choices":[{"event_name":"Liars Game","player_choice":"disagreed","floor":3,"damage_taken":0},{"event_name":"Big Fish","player_choice":"Banana","floor":5,"damage_taken":0}],"boss_relics":[],"items_purged_floors":[10],"is_endless":false,"potions_floor_spawned":[1,4,8],"killed_by":"Gremlin Nob","ascension_level":12}