{"gold_per_floor":[117,130,184,197,22,22,92,118,118,118,128,145,145,5,5,158,208,269,45,45,59,77,77,134,134,158,158,196,196,207,207,207,207],"floor_reached":33,"playtime":3260,"items_purged":["Defend_G"],"score":290,"play_id":"b04f7a28-5847-4394-8630-4749aace2d95","local_time":"20190114160706","is_ascension_mode":false,"campfire_choices":[{"data":"HandOfGreed","floor":6,"key":"SMITH"},{"floor":10,"key":"REST"},{"floor":13,"key":"REST"},{"floor":15,"key":"REST"},{"data":"Deadly Poison","floor":23,"key":"SMITH"},{"floor":25,"key":"REST"},{"floor":27,"key":"REST"},{"floor":32,"key":"REST"}],"neow_cost":"NONE","seed_source_timestamp":423077098511879,"circlet_count":0,"master_deck":["Defend_G+1","Defend_G+1","Defend_G+1","Defend_G+1","Survivor","Neutralize","Quick Slash","Slice","Deadly Poison+1","HandOfGreed+1","Skewer","Bane","Endless Agony","Adrenaline+1","Bullet Time","Flying Knee","Envenom","Die Die Die","Bite","Bite","Bite","Bite","Bite","Escape Plan+1","Choke+1","Backflip+1","Blade Dance+1"],"special_seed":0,"relics":["Ring of the Snake","Bag of Preparation","Odd Mushroom","Ninja Scroll","Calipers","Tiny House","Tough Bandages","War Paint"],"potions_floor_usage":[33,33,33],"damage_taken":[{"damage":0,"enemies":"Cultist","floor":1,"turns":5},{"damage":5,"enemies":"2 Louse","floor":2,"turns":3},{"damage":3,"enemies":"Jaw Worm","floor":4,"turns":4},{"damage":10,"enemies":"The Mushroom Lair","floor":7,"turns":4},{"damage":50,"enemies":"Lagavulin","floor":8,"turns":9},{"damage":0,"enemies":"2 Fungi Beasts","floor":11,"turns":2},{"damage":0,"enemies":"3 Louse","floor":12,"turns":3},{"damage":51,"enemies":"Slime Boss","floor":16,"turns":9},{"damage":0,"enemies":"3 Byrds","floor":18,"turns":5},{"damage":2,"enemies":"Chosen","floor":21,"turns":3},{"damage":23,"enemies":"Centurion and Healer","floor":22,"turns":6},{"damage":51,"enemies":"Slavers","floor":24,"turns":5},{"damage":34,"enemies":"Cultist and Chosen","floor":28,"turns":7},{"damage":0,"enemies":"Colosseum Slavers","floor":29,"turns":4},{"damage":7,"enemies":"Snecko","floor":30,"turns":4},{"damage":62,"enemies":"Automaton","floor":33,"turns":6}],"seed_played":"6469493800790332635","potions_obtained":[{"floor":1,"key":"Energy Potion"},{"floor":8,"key":"Swift Potion"},{"floor":16,"key":"Weak Potion"},{"floor":22,"key":"AttackPotion"}],"is_trial":false,"path_per_floor":["M","M","T","M","$","R","?","E","T","R","M","M","R","$","R","B",null,"M","$","?","M","M","R","E","R","T","R","M","?","M","?","R","B"],"character_chosen":"THE_SILENT","items_purchased":["HandOfGreed","Adrenaline","Die Die Die"],"campfire_rested":6,"item_purchase_floors":[5,14,19],"current_hp_per_floor":[77,72,72,69,69,69,59,9,9,32,32,32,55,55,77,26,82,82,82,57,57,46,46,7,24,24,41,19,27,26,26,43,0],"gold":207,"neow_bonus":"TEN_PERCENT_HP_BONUS","is_prod":false,"is_daily":false,"chose_seed":false,"campfire_upgraded":2,"win_rate":0.0,"timestamp":1547500026,"path_taken":["M","M","?","M","$","R","?","E","T","R","M","M","R","$","R","BOSS","M","$","?","M","M","R","E","R","T","R","M","?","M","?","R","BOSS"],"build_version":"2019-01-10","purchased_purges":1,"victory":false,"max_hp_per_floor":[77,77,77,77,77,77,77,77,77,77,77,77,77,77,77,77,82,82,82,57,57,57,57,57,57,57,57,57,57,57,57,57,57],"card_choices":[{"not_picked":["Predator","Deflect"],"picked":"Quick Slash","floor":1},{"not_picked":["Backflip","Catalyst"],"picked":"Slice","floor":2},{"not_picked":["Acrobatics","Riddle With Holes"],"picked":"Deadly Poison","floor":4},{"not_picked":["Phantasmal Killer","Expertise"],"picked":"Skewer","floor":7},{"not_picked":["Eviscerate","Expertise"],"picked":"Bane","floor":8},{"not_picked":["Prepared","Outmaneuver","Poisoned Stab"],"picked":"SKIP","floor":11},{"not_picked":["Dagger Throw","Quick Slash"],"picked":"Endless Agony","floor":12},{"not_picked":["Doppelganger","Adrenaline"],"picked":"Bullet Time","floor":16},{"not_picked":["Blade Dance","Deadly Poison"],"picked":"Flying Knee","floor":17},{"not_picked":["Acrobatics","Backflip+1"],"picked":"Envenom","floor":18},{"not_picked":["Leg Sweep","Deflect"],"picked":"Escape Plan","floor":21},{"not_picked":["Outmaneuver","Sucker Punch","Backflip"],"picked":"SKIP","floor":22},{"not_picked":["Masterful Stab","Quick Slash"],"picked":"Choke+1","floor":24},{"not_picked":["Sucker Punch","Terror"],"picked":"Backflip+1","floor":28},{"not_picked":["Calculated Gamble","Deflect"],"picked":"Blade Dance+1","floor":30}],"player_experience":7425,"relics_obtained":[{"floor":3,"key":"Bag of Preparation"},{"floor":7,"key":"Odd Mushroom"},{"floor":8,"key":"Ninja Scroll"},{"floor":9,"key":"Calipers"},{"floor":24,"key":"Tough Bandages"},{"floor":26,"key":"War Paint"}],"event_choices":[{"damage_healed":0,"gold_gain":0,"player_choice":"Fought Mushrooms","damage_taken":0,"max_hp_gain":0,"max_hp_loss":0,"event_name":"Mushrooms","floor":7,"gold_loss":0},{"damage_healed":0,"gold_gain":0,"player_choice":"Became a vampire","damage_taken":0,"max_hp_gain":0,"max_hp_loss":25,"event_name":"Vampires","floor":20,"gold_loss":0,"cards_obtained":["Bite","Bite","Bite","Bite","Bite"]},{"damage_healed":0,"gold_gain":0,"player_choice":"Fight","damage_taken":0,"max_hp_gain":0,"max_hp_loss":0,"event_name":"Colosseum","floor":29,"gold_loss":0},{"damage_healed":0,"gold_gain":0,"player_choice":"Fled From Nobs","damage_taken":0,"max_hp_gain":0,"max_hp_loss":0,"event_name":"Colosseum","floor":29,"gold_loss":0},{"damage_healed":0,"gold_gain":0,"player_choice":"Simplicity","damage_taken":0,"max_hp_gain":0,"max_hp_loss":0,"event_name":"Back to Basics","floor":31,"gold_loss":0,"cards_upgraded":["Defend_G","Defend_G","Defend_G"]}],"is_beta":false,"boss_relics":[{"not_picked":["Calling Bell","Empty Cage"],"picked":"Tiny House"}],"items_purged_floors":[19],"is_endless":false,"potions_floor_spawned":[1,8,16,22,29],"killed_by":"Automaton","ascension_level":0}