{"gold_per_floor":[117,45,55,55,55,99,118,118,118,132,48,48,89,74,74,193,193,118,28,41,57,77,77,110,25,49,49,85,101,101],"floor_reached":30,"playtime":1666,"items_purged":[],"score":417,"play_id":"6be5d354-a7c2-42ad-9a46-2991e5a1bdaf","local_time":"20190226193815","is_ascension_mode":true,"campfire_choices":[{"floor":8,"key":"REST"},{"floor":12,"key":"REST"},{"data":"Noxious Fumes","floor":15,"key":"SMITH"},{"data":"Wraith Form v2","floor":23,"key":"SMITH"},{"floor":27,"key":"REST"}],"neow_cost":"CURSE","seed_source_timestamp":1191413683213587,"circlet_count":0,"master_deck":["AscendersBane","Defend_G","Defend_G","Defend_G","Defend_G","Defend_G","Strike_G","Strike_G","Strike_G","Strike_G","Survivor+1","Neutralize","Noxious Fumes+1","Leg Sweep","Poisoned Stab","PiercingWail","Leg Sweep","Cloak And Dagger","Bandage Up","Dash+1","Dash+1","Wraith Form v2+1","Cloak And Dagger+1","Flying Knee+1","Deadly Poison","Dash+1","Crippling Poison","Backflip","Poisoned Stab"],"relics":["Ring of the Serpent","Ice Cream","Golden Idol","Dodecahedron","Pen Nib","Mango","Anchor","Letter Opener","Juzu Bracelet","Whetstone"],"potions_floor_usage":[13,14,21,24,28,28,30],"damage_taken":[{"damage":0,"enemies":"Small Slimes","floor":1,"turns":4},{"damage":6,"enemies":"Jaw Worm","floor":3,"turns":6},{"damage":35,"enemies":"Gremlin Nob","floor":6,"turns":6},{"damage":0,"enemies":"Cultist","floor":7,"turns":4},{"damage":1,"enemies":"3 Louse","floor":10,"turns":5},{"damage":3,"enemies":"Lagavulin","floor":13,"turns":8},{"damage":9,"enemies":"Exordium Thugs","floor":14,"turns":4},{"damage":16,"enemies":"The Guardian","floor":16,"turns":12},{"damage":7,"enemies":"2 Thieves","floor":18,"turns":5},{"damage":7,"enemies":"Chosen","floor":20,"turns":7},{"damage":3,"enemies":"Centurion and Healer","floor":21,"turns":7},{"damage":11,"enemies":"Cultist and Chosen","floor":22,"turns":10},{"damage":62,"enemies":"Gremlin Leader","floor":24,"turns":11},{"damage":23,"enemies":"Slavers","floor":28,"turns":8},{"damage":1,"enemies":"3 Cultists","floor":29,"turns":5},{"damage":9,"enemies":"Book of Stabbing","floor":30,"turns":7}],"seed_played":"-3014364198324560227","potions_obtained":[{"floor":3,"key":"Energy Potion"},{"floor":7,"key":"AttackPotion"},{"floor":13,"key":"PowerPotion"},{"floor":16,"key":"Dexterity Potion"},{"floor":20,"key":"Strength Potion"},{"floor":24,"key":"SneckoOil"},{"floor":28,"key":"Block Potion"}],"is_trial":false,"path_per_floor":["M","$","M","?","?","E","M","R","T","M","$","R","E","M","R","B",null,"M","?","M","M","M","R","E","?","T","R","E","M","E"],"character_chosen":"THE_SILENT","items_purchased":["Leg Sweep","Bandage Up"],"campfire_rested":3,"item_purchase_floors":[2,11],"current_hp_per_floor":[63,63,57,57,50,15,15,34,34,33,33,52,67,62,62,50,72,69,69,66,67,60,60,2,2,2,25,2,5,0],"gold":101,"neow_bonus":"ONE_RARE_RELIC","is_prod":false,"is_daily":false,"chose_seed":false,"campfire_upgraded":2,"win_rate":0,"timestamp":1551227895,"path_taken":["M","$","M","?","?","E","M","R","T","M","?","R","E","M","R","BOSS","M","?","M","M","?","R","E","?","T","R","E","M","E"],"build_version":"2019-01-23","purchased_purges":0,"victory":false,"max_hp_per_floor":[70,70,70,65,65,65,65,65,65,65,65,65,79,79,79,79,79,79,79,79,79,79,79,79,79,79,79,79,79,79],"card_choices":[{"not_picked":["Underhanded Strike","Dagger Throw"],"picked":"Noxious Fumes","floor":1},{"not_picked":["Blade Dance","Acrobatics"],"picked":"Poisoned Stab","floor":3},{"not_picked":["Finisher","Endless Agony"],"picked":"PiercingWail","floor":6},{"not_picked":["Masterful Stab","All Out Attack"],"picked":"Leg Sweep","floor":7},{"not_picked":["Catalyst","Tactician"],"picked":"Cloak And Dagger","floor":10},{"not_picked":["A Thousand Cuts","Deflect"],"picked":"Dash","floor":13},{"not_picked":["PiercingWail","Sucker Punch"],"picked":"Dash","floor":14},{"not_picked":["Venomology","After Image"],"picked":"Wraith Form v2","floor":16},{"not_picked":["Deflect+1","Eviscerate"],"picked":"Cloak And Dagger+1","floor":18},{"not_picked":["Setup","Dagger Spray"],"picked":"Flying Knee+1","floor":20},{"not_picked":["Phantasmal Killer","Reflex"],"picked":"Deadly Poison","floor":21},{"not_picked":["Deflect","Blade Dance+1"],"picked":"Dash+1","floor":22},{"not_picked":["Blur","Envenom"],"picked":"Crippling Poison","floor":24},{"not_picked":["Skewer","Distraction"],"picked":"Backflip","floor":28},{"not_picked":["Dodge and Roll+1","Outmaneuver"],"picked":"Poisoned Stab","floor":29}],"player_experience":392226,"relics_obtained":[{"floor":6,"key":"Dodecahedron"},{"floor":9,"key":"Pen Nib"},{"floor":13,"key":"Mango"},{"floor":24,"key":"Anchor"},{"floor":26,"key":"Juzu Bracelet"},{"floor":28,"key":"Whetstone"}],"event_choices":[{"damage_healed":0,"gold_gain":0,"player_choice":"Lose Max HP","damage_taken":0,"relics_obtained":["Golden Idol"],"max_hp_gain":0,"max_hp_loss":5,"event_name":"Golden Idol","floor":4,"gold_loss":0},{"cards_removed":["Injury"],"damage_healed":0,"gold_gain":0,"player_choice":"Card Removal","damage_taken":7,"max_hp_gain":0,"max_hp_loss":0,"event_name":"Golden Wing","floor":5,"gold_loss":0},{"cards_removed":["Strike_G"],"damage_healed":0,"gold_gain":0,"player_choice":"Upgrade and Remove","damage_taken":0,"max_hp_gain":0,"max_hp_loss":0,"event_name":"Designer","floor":19,"gold_loss":90,"cards_upgraded":["Survivor"]},{"damage_healed":0,"gold_gain":0,"player_choice":"Obtained Relic","damage_taken":0,"relics_obtained":["Letter Opener"],"max_hp_gain":0,"max_hp_loss":0,"event_name":"Addict","floor":25,"gold_loss":85}],"is_beta":false,"boss_relics":[{"not_picked":["White Beast Statue","Snecko Eye"],"picked":"Ring of the Serpent"}],"items_purged_floors":[],"is_endless":false,"potions_floor_spawned":[3,7,13,16,20,24,28],"killed_by":"Book of Stabbing","ascension_level":10}