{"gold_per_floor":[367,380,43,59,75,75,75,75,75,75,75,110,110,129,129,226,226,243,343,44,44,57,57,67,67],"floor_reached":25,"playtime":858,"items_purged":[],"score":322,"play_id":"1b83a8ac-c141-462c-a04c-2ebc1c4846c1","local_time":"20190507161600","is_ascension_mode":true,"campfire_choices":[{"floor":8,"key":"REST"},{"data":"Zap","floor":11,"key":"SMITH"},{"floor":13,"key":"REST"},{"floor":15,"key":"REST"},{"floor":23,"key":"REST"}],"neow_cost":"PERCENT_DAMAGE","seed_source_timestamp":165619932423214,"circlet_count":0,"master_deck":["AscendersBane","Strike_B","Strike_B","Strike_B+1","Strike_B+1","Defend_B","Defend_B","Defend_B","Defend_B","Zap+1","Dualcast","BootSequence","Streamline","Conserve Battery+1","Defragment+1","Redo+1","Leap+1","Regret","Capacitor","Coolheaded+1","Ball Lightning","Genetic Algorithm+1","Reboot+1","Sweeping Beam","White Noise+1","Sunder","Buffer","Conserve Battery+1"],"relics":["Cracked Core","Toxic Egg 2","Dodecahedron","Strawberry","Dream Catcher","Fusion Hammer","Peace Pipe","Question Card","Bird Faced Urn"],"potions_floor_usage":[12,12,16,24,25],"damage_taken":[{"damage":0,"enemies":"2 Louse","floor":1,"turns":1},{"damage":0,"enemies":"Small Slimes","floor":2,"turns":4},{"damage":0,"enemies":"Jaw Worm","floor":4,"turns":2},{"damage":15,"enemies":"Exordium Thugs","floor":5,"turns":5},{"damage":10,"enemies":"Gremlin Nob","floor":12,"turns":3},{"damage":3,"enemies":"Looter","floor":14,"turns":3},{"damage":25,"enemies":"Slime Boss","floor":16,"turns":7},{"damage":1,"enemies":"Chosen","floor":18,"turns":4},{"damage":23,"enemies":"Colosseum Slavers","floor":19,"turns":3},{"damage":38,"enemies":"Colosseum Nobs","floor":19,"turns":5},{"damage":14,"enemies":"Shell Parasite","floor":22,"turns":4},{"damage":7,"enemies":"Chosen and Byrds","floor":24,"turns":6},{"damage":55,"enemies":"Cultist and Chosen","floor":25,"turns":5}],"seed_played":"7100030858496414315","potions_obtained":[{"floor":1,"key":"GamblersBrew"},{"floor":5,"key":"Fire Potion"},{"floor":14,"key":"Strength Potion"},{"floor":19,"key":"Fire Potion"},{"floor":24,"key":"Block Potion"}],"is_trial":false,"path_per_floor":["M","M","$","M","M","?","?","R","T","?","R","E","R","M","R","B",null,"M","?","$","?","M","R","M","M"],"character_chosen":"DEFECT","items_purchased":["Toxic Egg 2","Conserve Battery+1","Defragment","Bird Faced Urn"],"campfire_rested":4,"item_purchase_floors":[3,3,3,20],"current_hp_per_floor":[50,50,50,50,35,35,35,57,64,48,48,38,62,59,82,57,76,75,14,14,14,6,30,31,0],"gold":67,"neow_bonus":"TWO_FIFTY_GOLD","is_prod":false,"is_daily":false,"chose_seed":false,"campfire_upgraded":1,"win_rate":0,"timestamp":1557270960,"path_taken":["M","M","$","M","M","?","?","R","T","?","R","E","R","M","R","BOSS","M","?","$","?","M","R","M","?"],"build_version":"2019-01-23","purchased_purges":0,"victory":false,"max_hp_per_floor":[75,75,75,75,75,75,75,75,82,82,82,82,82,82,82,82,82,82,82,82,82,82,82,82,82],"card_choices":[{"not_picked":["Reprogram","Chaos"],"picked":"BootSequence","floor":1},{"not_picked":["Compile Driver","Darkness"],"picked":"Streamline","floor":2},{"not_picked":["Leap+1","Streamline"],"picked":"Redo+1","floor":4},{"not_picked":["Go for the Eyes","Cold Snap"],"picked":"Leap+1","floor":5},{"not_picked":["Reprogram+1","Heatsinks"],"picked":"Capacitor","floor":12},{"not_picked":["Streamline","Compile Driver"],"picked":"Coolheaded+1","floor":13},{"not_picked":["BootSequence+1","Rebound"],"picked":"Ball Lightning","floor":14},{"not_picked":["Redo+1","Gash"],"picked":"Genetic Algorithm+1","floor":15},{"not_picked":["Machine Learning","Multi-Cast+1"],"picked":"Reboot+1","floor":16},{"not_picked":["Stack+1","Cold Snap"],"picked":"Sweeping Beam","floor":18},{"not_picked":["Stack+1","Streamline"],"picked":"White Noise+1","floor":19},{"not_picked":["Cold Snap","Coolheaded+1","Stack+1"],"picked":"Sunder","floor":22},{"not_picked":["Leap+1","Stack+1","Ball Lightning"],"picked":"Buffer","floor":23},{"not_picked":["Beam Cell","Recycle+1","Streamline"],"picked":"Conserve Battery+1","floor":24}],"player_experience":611525,"relics_obtained":[{"floor":9,"key":"Strawberry"},{"floor":12,"key":"Dream Catcher"},{"floor":19,"key":"Peace Pipe"},{"floor":19,"key":"Question Card"}],"event_choices":[{"damage_healed":0,"gold_gain":0,"player_choice":"Grow","damage_taken":0,"max_hp_gain":0,"max_hp_loss":0,"event_name":"Living Wall","floor":6,"gold_loss":0,"cards_upgraded":["Defragment"]},{"damage_healed":0,"gold_gain":0,"player_choice":"Box","damage_taken":0,"relics_obtained":["Dodecahedron"],"max_hp_gain":0,"max_hp_loss":0,"event_name":"Big Fish","floor":7,"gold_loss":0,"cards_obtained":["Regret"]},{"damage_healed":0,"gold_gain":0,"player_choice":"Entered Light","damage_taken":16,"max_hp_gain":0,"max_hp_loss":0,"event_name":"Shining Light","floor":10,"gold_loss":0,"cards_upgraded":["Strike_B","Strike_B"]},{"damage_healed":0,"gold_gain":0,"player_choice":"Fight","damage_taken":0,"max_hp_gain":0,"max_hp_loss":0,"event_name":"Colosseum","floor":19,"gold_loss":0},{"damage_healed":0,"gold_gain":0,"player_choice":"Fought Nobs","damage_taken":0,"max_hp_gain":0,"max_hp_loss":0,"event_name":"Colosseum","floor":19,"gold_loss":0},{"damage_healed":0,"gold_gain":0,"player_choice":"Ignored","damage_taken":0,"max_hp_gain":0,"max_hp_loss":0,"event_name":"Beggar","floor":21,"gold_loss":0}],"is_beta":false,"boss_relics":[{"not_picked":["Empty Cage","White Beast Statue"],"picked":"Fusion Hammer"}],"items_purged_floors":[],"is_endless":false,"potions_floor_spawned":[1,5,14,19,24],"killed_by":"Cultist and Chosen","ascension_level":12}