{"gold_per_floor":[112,112,187,197,216,216,243,243,243,268,268,283,22,22,22,22],"floor_reached":16,"playtime":376,"items_purged":["Strike_G"],"score":196,"play_id":"3c6ca209-ec86-47d8-9b3d-82cddab1d20e","local_time":"20181027185009","is_ascension_mode":true,"campfire_choices":[{"data":"Dagger Spray","floor":6,"key":"SMITH"},{"floor":8,"key":"REST"},{"data":"Neutralize","floor":11,"key":"SMITH"},{"data":"Leg Sweep","floor":15,"key":"SMITH"}],"neow_cost":"NONE","seed_source_timestamp":1550166175465592,"circlet_count":0,"master_deck":["Defend_G","Defend_G","Defend_G","Defend_G","Defend_G","Strike_G","Strike_G","Strike_G","Strike_G","Survivor","Neutralize+1","AscendersBane","Dagger Throw","Dodge and Roll","Dagger Spray+1","PiercingWail","Backstab","Leg Sweep+1","Sadistic Nature"],"relics":["Ring of the Snake","NeowsBlessing","Odd Mushroom","Bag of Marbles","Question Card"],"potions_floor_usage":[10],"damage_taken":[{"damage":0,"enemies":"Small Slimes","floor":1,"turns":1},{"damage":0,"enemies":"Jaw Worm","floor":4,"turns":1},{"damage":0,"enemies":"2 Louse","floor":5,"turns":1},{"damage":26,"enemies":"The Mushroom Lair","floor":7,"turns":5},{"damage":3,"enemies":"Gremlin Nob","floor":10,"turns":3},{"damage":0,"enemies":"Looter","floor":12,"turns":3},{"damage":14,"enemies":"Hexaghost","floor":16,"turns":10}],"seed_played":"-6529632584030591759","potions_obtained":[{"floor":7,"key":"PowerPotion"},{"floor":12,"key":"Weak Potion"}],"is_trial":false,"path_per_floor":["M","?","?","M","M","R","?","R","T","E","R","M","$","?","R"],"character_chosen":"THE_SILENT","items_purchased":["Sadistic Nature"],"campfire_rested":1,"item_purchase_floors":[13],"current_hp_per_floor":[59,59,48,48,48,48,22,41,41,38,38,38,38,38,38,24],"gold":22,"neow_bonus":"THREE_ENEMY_KILL","is_prod":false,"is_daily":false,"chose_seed":false,"campfire_upgraded":3,"win_rate":0,"timestamp":1540680609,"path_taken":["M","?","?","?","M","R","?","R","T","E","R","M","?","?","R","BOSS"],"build_version":"2018-10-25v2","purchased_purges":1,"victory":false,"max_hp_per_floor":[66,66,66,66,66,66,66,66,66,66,66,66,66,66,66,66],"card_choices":[{"not_picked":["Underhanded Strike","Blade Dance"],"picked":"Dagger Throw","floor":1},{"not_picked":["Deadly Poison","Eviscerate"],"picked":"Dodge and Roll","floor":4},{"not_picked":["Concentrate","Well Laid Plans"],"picked":"Dagger Spray","floor":5},{"not_picked":["Outmaneuver","Deadly Poison"],"picked":"PiercingWail","floor":7},{"not_picked":["Bane","PiercingWail"],"picked":"Backstab","floor":10},{"not_picked":["Quick Slash","Cloak And Dagger","Crippling Poison"],"picked":"Leg Sweep","floor":12}],"player_experience":851221,"relics_obtained":[{"floor":7,"key":"Odd Mushroom"},{"floor":9,"key":"Bag of Marbles"},{"floor":10,"key":"Question Card"}],"event_choices":[{"damage_healed":0,"gold_gain":0,"player_choice":"Ignored","damage_taken":0,"max_hp_gain":0,"max_hp_loss":0,"event_name":"Golden Idol","floor":2,"gold_loss":0},{"damage_healed":0,"gold_gain":75,"player_choice":"Gather Gold","damage_taken":11,"max_hp_gain":0,"max_hp_loss":0,"event_name":"World of Goop","floor":3,"gold_loss":0},{"damage_healed":0,"gold_gain":0,"player_choice":"Fought Mushrooms","damage_taken":0,"max_hp_gain":0,"max_hp_loss":0,"event_name":"Mushrooms","floor":7,"gold_loss":0},{"damage_healed":0,"gold_gain":0,"player_choice":"Ignored","damage_taken":0,"max_hp_gain":0,"max_hp_loss":0,"event_name":"Liars Game","floor":14,"gold_loss":0}],"is_beta":false,"boss_relics":[],"items_purged_floors":[13],"is_endless":false,"potions_floor_spawned":[7,12],"killed_by":"Hexaghost","ascension_level":20}