{"gold_per_floor":[111,111,111,111,131,131,148,182,233,233,267,283,283,298,298,298],"floor_reached":16,"playtime":754,"items_purged":[],"score":187,"play_id":"2052cd0f-3cc3-4b0a-b5ba-c9fb9b7798e1","local_time":"20180716174714","is_ascension_mode":true,"campfire_choices":[{"data":"Survivor","floor":6,"key":"SMITH"},{"data":"Footwork","floor":10,"key":"SMITH"},{"data":"Setup","floor":13,"key":"SMITH"},{"data":"Infinite Blades","floor":15,"key":"SMITH"}],"neow_cost":"TEN_PERCENT_HP_LOSS","seed_source_timestamp":210354196579595,"circlet_count":0,"master_deck":["Defend_G","Defend_G","Defend_G","Defend_G","Strike_G","Strike_G","Strike_G","Survivor+1","Neutralize+1","AscendersBane","Infinite Blades+1","Setup+1","Backflip","PiercingWail","Footwork+1","Poisoned Stab+1","Deflect","Quick Slash+1"],"relics":["Ring of the Snake","Pen Nib","Vajra","Molten Egg 2"],"potions_floor_usage":[8,8],"damage_taken":[{"damage":0,"enemies":"Small Slimes","floor":1,"turns":3},{"damage":0,"enemies":"2 Louse","floor":5,"turns":4},{"damage":0,"enemies":"Cultist","floor":7,"turns":5},{"damage":24,"enemies":"Lagavulin","floor":8,"turns":9},{"damage":8,"enemies":"Gremlin Nob","floor":11,"turns":5},{"damage":3,"enemies":"Exordium Thugs","floor":12,"turns":5},{"damage":0,"enemies":"Looter","floor":14,"turns":4},{"damage":25,"enemies":"Hexaghost","floor":16,"turns":12}],"seed_played":"4072943584714611383","potions_obtained":[{"floor":1,"key":"Strength Potion"},{"floor":5,"key":"SkillPotion"}],"is_trial":false,"path_per_floor":["M","?","?","?","M","R","M","E","T","R","E","M","R","M","R"],"character_chosen":"THE_SILENT","items_purchased":[],"campfire_rested":0,"item_purchase_floors":[],"current_hp_per_floor":[59,59,59,59,59,59,59,35,35,35,27,24,24,24,24,0],"gold":298,"neow_bonus":"REMOVE_TWO","is_prod":false,"is_daily":false,"chose_seed":false,"campfire_upgraded":4,"win_rate":0,"timestamp":1531777634,"path_taken":["M","?","?","?","M","R","M","E","T","R","E","M","R","M","R","BOSS"],"build_version":"2018-07-12","purchased_purges":0,"victory":false,"max_hp_per_floor":[60,60,60,60,60,60,60,60,60,60,60,60,60,60,60,60],"card_choices":[{"not_picked":["Dagger Throw","Deflect"],"picked":"Infinite Blades","floor":1},{"not_picked":["Dodge and Roll","Sucker Punch"],"picked":"Backflip","floor":5},{"not_picked":["Prepared","Flying Knee"],"picked":"PiercingWail","floor":7},{"not_picked":["Riddle With Holes","Underhanded Strike"],"picked":"Footwork","floor":8},{"not_picked":["Setup","Dodge and Roll"],"picked":"Poisoned Stab","floor":11},{"not_picked":["Deadly Poison","Outmaneuver"],"picked":"Deflect","floor":12},{"not_picked":["Dodge and Roll","Distraction"],"picked":"Quick Slash+1","floor":14}],"player_experience":473682,"relics_obtained":[{"floor":8,"key":"Pen Nib"},{"floor":9,"key":"Vajra"},{"floor":11,"key":"Molten Egg 2"}],"event_choices":[{"event_name":"Living Wall","player_choice":"Grow","floor":2,"damage_taken":0},{"event_name":"Transmorgrifier","player_choice":"Transform","floor":3,"damage_taken":0},{"event_name":"Liars Game","player_choice":"disagreed","floor":4,"damage_taken":0}],"boss_relics":[],"items_purged_floors":[],"is_endless":false,"potions_floor_spawned":[1,5],"killed_by":"Hexaghost","ascension_level":14}