{"gold_per_floor":[119,44,54,54,70,103,119,17,68,94,94,111,111,130,130,207,207,219,233,83,83,4,4,4,0,0,0,13,23,36,49,49,123,123,141,156,156,208,218,218],"floor_reached":40,"playtime":1518,"items_purged":["Strike_B"],"score":700,"play_id":"4660ff0c-7154-4dcd-a47e-653a89f2fcb1","local_time":"20190224222814","is_ascension_mode":true,"campfire_choices":[{"floor":11,"key":"REST"},{"data":"Streamline","floor":13,"key":"SMITH"},{"data":"Static Discharge","floor":15,"key":"SMITH"},{"data":"Zap","floor":24,"key":"SMITH"},{"data":"Buffer","floor":27,"key":"SMITH"},{"floor":32,"key":"REST"}],"neow_cost":"NONE","seed_source_timestamp":1028959657885797,"circlet_count":0,"master_deck":["AscendersBane","Strike_B","Defend_B","Defend_B","Defend_B","Defend_B","Zap+1","Dualcast","Go for the Eyes","Conserve Battery","Streamline+1","Steam","Hologram","Self Repair","Go for the Eyes","Static Discharge+1","Cold Snap","Hologram","Buffer+1","White Noise","White Noise","Electrodynamics","Defragment","Chill","Auto Shields","FTL+1","Force Field+1","Glacier+1","Force Field+1","Heatsinks"],"relics":["Cracked Core","Centennial Puzzle","Pantograph","PreservedInsect","Bronze Scales","Philosopher\u0027s Stone","Kunai","Eternal Feather","FossilizedHelix"],"potions_floor_usage":[10,29,33,38,40],"damage_taken":[{"damage":1,"enemies":"Cultist","floor":1,"turns":3},{"damage":7,"enemies":"Small Slimes","floor":3,"turns":3},{"damage":5,"enemies":"Jaw Worm","floor":5,"turns":3},{"damage":17,"enemies":"Lagavulin","floor":6,"turns":8},{"damage":3,"enemies":"Blue Slaver","floor":7,"turns":3},{"damage":14,"enemies":"3 Sentries","floor":10,"turns":4},{"damage":1,"enemies":"Looter","floor":12,"turns":3},{"damage":0,"enemies":"Large Slime","floor":14,"turns":5},{"damage":39,"enemies":"The Guardian","floor":16,"turns":9},{"damage":3,"enemies":"Shell Parasite","floor":18,"turns":6},{"damage":12,"enemies":"Spheric Guardian","floor":19,"turns":4},{"damage":23,"enemies":"Colosseum Slavers","floor":21,"turns":2},{"damage":27,"enemies":"Snake Plant","floor":28,"turns":4},{"damage":7,"enemies":"3 Cultists","floor":29,"turns":3},{"damage":2,"enemies":"Snecko","floor":30,"turns":5},{"damage":13,"enemies":"Snake Plant","floor":31,"turns":3},{"damage":48,"enemies":"Automaton","floor":33,"turns":11},{"damage":4,"enemies":"Orb Walker","floor":35,"turns":5},{"damage":1,"enemies":"3 Shapes","floor":36,"turns":5},{"damage":31,"enemies":"2 Orb Walkers","floor":38,"turns":5},{"damage":31,"enemies":"Transient","floor":39,"turns":5},{"damage":25,"enemies":"Reptomancer","floor":40,"turns":2}],"seed_played":"1676433904694903439","potions_obtained":[{"floor":7,"key":"AttackPotion"},{"floor":12,"key":"Explosive Potion"},{"floor":14,"key":"Energy Potion"},{"floor":29,"key":"Dexterity Potion"},{"floor":33,"key":"AttackPotion"}],"is_trial":false,"path_per_floor":["M","?","M","?","M","E","M","$","T","E","R","M","R","M","R","B",null,"M","M","$","?","$","?","R","?","T","R","M","M","M","M","R","B",null,"M","M","?","?","M","E"],"character_chosen":"DEFECT","items_purchased":["Self Repair","Go for the Eyes","Electrodynamics","Defragment"],"campfire_rested":2,"item_purchase_floors":[8,8,20,22],"current_hp_per_floor":[63,63,56,49,44,27,24,24,24,17,38,44,44,51,51,39,63,67,62,62,46,46,46,46,46,46,46,26,26,24,18,39,23,59,62,68,68,37,13,0],"gold":218,"neow_bonus":"RANDOM_COMMON_RELIC","is_prod":false,"is_daily":false,"chose_seed":false,"campfire_upgraded":4,"win_rate":0,"timestamp":1551065294,"path_taken":["M","?","M","?","M","E","M","?","T","E","R","M","R","M","R","BOSS","M","M","$","?","$","?","R","?","T","R","M","M","M","M","R","BOSS","M","M","?","?","M","E"],"build_version":"2019-01-23","purchased_purges":1,"victory":false,"max_hp_per_floor":[71,71,71,71,71,71,71,71,71,71,71,71,71,71,71,71,71,71,71,71,71,71,71,71,71,71,71,71,71,71,71,71,71,71,71,71,71,71,71,71],"card_choices":[{"not_picked":["Compile Driver","Gash"],"picked":"Go for the Eyes","floor":1},{"not_picked":["Barrage","Redo"],"picked":"Conserve Battery","floor":3},{"not_picked":["Aggregate","Capacitor"],"picked":"Streamline","floor":5},{"not_picked":["Beam Cell","Reprogram"],"picked":"Steam","floor":6},{"not_picked":["Amplify","Compile Driver"],"picked":"Hologram","floor":7},{"not_picked":["Hologram","Hello World"],"picked":"Static Discharge","floor":10},{"not_picked":["Coolheaded","Barrage"],"picked":"Cold Snap","floor":12},{"not_picked":["Sweeping Beam","Rebound"],"picked":"Hologram","floor":14},{"not_picked":["Fission","Meteor Strike"],"picked":"Buffer","floor":16},{"not_picked":["Ball Lightning","Hologram"],"picked":"White Noise","floor":18},{"not_picked":["Reprogram","Rebound"],"picked":"White Noise","floor":19},{"not_picked":["Turbo","Rebound"],"picked":"Chill","floor":28},{"not_picked":["Meteor Strike","Consume","Lockon"],"picked":"SKIP","floor":29},{"not_picked":["Barrage+1","Loop"],"picked":"Auto Shields","floor":30},{"not_picked":["Conserve Battery","Redo"],"picked":"FTL+1","floor":31},{"not_picked":["Meteor Strike","Hyperbeam"],"picked":"All For One","floor":33},{"not_picked":["Turbo","Melter"],"picked":"Force Field+1","floor":35},{"not_picked":["Compile Driver","Coolheaded"],"picked":"Glacier+1","floor":36},{"not_picked":["Cold Snap","Go for the Eyes+1"],"picked":"Force Field+1","floor":38},{"not_picked":["Gash","Scrape"],"picked":"Heatsinks","floor":39}],"player_experience":372046,"relics_obtained":[{"floor":6,"key":"Pantograph"},{"floor":9,"key":"PreservedInsect"},{"floor":10,"key":"Bronze Scales"},{"floor":26,"key":"Kunai"},{"floor":38,"key":"FossilizedHelix"}],"event_choices":[{"cards_removed":["Strike_B"],"damage_healed":0,"gold_gain":0,"player_choice":"Card Removal","damage_taken":0,"max_hp_gain":0,"max_hp_loss":0,"event_name":"The Cleric","floor":2,"gold_loss":75},{"cards_removed":["Strike_B"],"damage_healed":0,"gold_gain":0,"player_choice":"Card Removal","damage_taken":7,"max_hp_gain":0,"max_hp_loss":0,"event_name":"Golden Wing","floor":4,"gold_loss":0},{"damage_healed":0,"gold_gain":0,"player_choice":"Fight","damage_taken":0,"max_hp_gain":0,"max_hp_loss":0,"event_name":"Colosseum","floor":21,"gold_loss":0},{"damage_healed":0,"gold_gain":0,"player_choice":"Fled From Nobs","damage_taken":0,"max_hp_gain":0,"max_hp_loss":0,"event_name":"Colosseum","floor":21,"gold_loss":0},{"damage_healed":0,"gold_gain":0,"player_choice":"Ignored","damage_taken":0,"max_hp_gain":0,"max_hp_loss":0,"event_name":"Beggar","floor":23,"gold_loss":0},{"damage_healed":0,"gold_gain":0,"player_choice":"Paid Fearfully","damage_taken":0,"max_hp_gain":0,"max_hp_loss":0,"event_name":"Masked Bandits","floor":25,"gold_loss":4},{"cards_removed":["All For One"],"damage_healed":0,"gold_gain":0,"player_choice":"Removed Attack","damage_taken":0,"max_hp_gain":0,"max_hp_loss":0,"event_name":"Falling","floor":37,"gold_loss":0},{"damage_healed":0,"gold_gain":0,"player_choice":"Fight","damage_taken":0,"max_hp_gain":0,"max_hp_loss":0,"event_name":"Mysterious Sphere","floor":38,"gold_loss":0}],"is_beta":false,"boss_relics":[{"not_picked":["Sozu","Tiny House"],"picked":"Philosopher\u0027s Stone"},{"not_picked":["Runic Dome","Snecko Eye"],"picked":"Eternal Feather"}],"items_purged_floors":[20],"is_endless":false,"potions_floor_spawned":[7,12,14,16,29,30,33,36],"killed_by":"Reptomancer","ascension_level":15}