{"gold_per_floor":[112,112,112,187,152,84,4,30,80,80,91,116,135,146,146,251,251,264,264,297,297,317,317,348,115,138,148,148,5,25,44,44,147,147,166,92,112,37,53,53,88,102,156,156,156,156,175,192,192,192],"floor_reached":50,"playtime":2184,"items_purged":[],"score":550,"play_id":"165b1c15-2da6-4ba6-9ca5-2a63df9615a7","local_time":"20190524110734","is_ascension_mode":false,"campfire_choices":[{"data":"Envenom","floor":10,"key":"SMITH"},{"data":"Caltrops","floor":15,"key":"SMITH"},{"floor":23,"key":"REST"},{"floor":28,"key":"REST"},{"floor":32,"key":"REST"},{"data":"Terror","floor":40,"key":"SMITH"},{"floor":46,"key":"REST"},{"floor":49,"key":"RECALL"}],"neow_cost":"NONE","seed_source_timestamp":668722166142500,"circlet_count":0,"master_deck":["Defend_G+1","Defend_G+1","Defend_G+1","Defend_G+1","Defend_G+1","Strike_G+1","Strike_G+1","Strike_G+1","Strike_G+1","Strike_G+1","Survivor+1","Neutralize+1","Backstab","Caltrops+1","Accuracy","Envenom+1","Blade Dance+1","Endless Agony","Corpse Explosion+1","Dagger Spray+1","Terror+1","Dash","Cloak And Dagger+1","Bouncing Flask+1","Cloak And Dagger+1","Parasite","Bouncing Flask","Infinite Blades","Infinite Blades+1","Cloak And Dagger+1"],"relics":["Ring of the Serpent","NeowsBlessing","Art of War","Ancient Tea Set","Omamori","Red Mask","War Paint","Bag of Marbles","Bag of Preparation","Oddly Smooth Stone","Calling Bell","Snake Skull","Mercury Hourglass","Du-Vu Doll","Vajra"],"potions_floor_usage":[16,16,18,20,33,33,33,50],"damage_taken":[{"damage":0,"enemies":"Cultist","floor":1,"turns":1},{"damage":0,"enemies":"Gremlin Nob","floor":8,"turns":1},{"damage":0,"enemies":"2 Louse","floor":11,"turns":1},{"damage":22,"enemies":"3 Sentries","floor":12,"turns":11},{"damage":0,"enemies":"Small Slimes","floor":13,"turns":2},{"damage":1,"enemies":"Blue Slaver","floor":14,"turns":3},{"damage":13,"enemies":"The Guardian","floor":16,"turns":11},{"damage":5,"enemies":"Chosen","floor":18,"turns":4},{"damage":37,"enemies":"Masked Bandits","floor":20,"turns":4},{"damage":0,"enemies":"Shell Parasite","floor":22,"turns":5},{"damage":18,"enemies":"Slavers","floor":24,"turns":3},{"damage":7,"enemies":"3 Cultists","floor":27,"turns":4},{"damage":0,"enemies":"Cultist and Chosen","floor":30,"turns":2},{"damage":6,"enemies":"Chosen and Byrds","floor":31,"turns":3},{"damage":49,"enemies":"Collector","floor":33,"turns":8},{"damage":2,"enemies":"Orb Walker","floor":35,"turns":3},{"damage":3,"enemies":"3 Darklings","floor":37,"turns":3},{"damage":0,"enemies":"Sphere and 2 Shapes","floor":39,"turns":3},{"damage":43,"enemies":"Giant Head","floor":41,"turns":7},{"damage":6,"enemies":"Jaw Worm Horde","floor":42,"turns":3},{"damage":0,"enemies":"3 Darklings","floor":47,"turns":2},{"damage":3,"enemies":"4 Shapes","floor":48,"turns":4},{"damage":49,"enemies":"Donu and Deca","floor":50,"turns":6}],"seed_played":"-4650898505500242513","potions_obtained":[{"floor":1,"key":"LiquidBronze"},{"floor":8,"key":"Weak Potion"},{"floor":12,"key":"Regen Potion"},{"floor":16,"key":"Strength Potion"},{"floor":18,"key":"Fruit Juice"},{"floor":30,"key":"EssenceOfSteel"},{"floor":31,"key":"AttackPotion"},{"floor":39,"key":"GamblersBrew"},{"floor":42,"key":"Poison Potion"}],"is_trial":false,"path_per_floor":["M","$","?","?","?","$","$","E","T","R","M","E","M","M","R","B",null,"M","?","?","?","M","R","E","$","T","M","R","$","M","M","R","B",null,"M","$","M","$","M","R","E","M","T","?","?","R","M","M","R","B"],"character_chosen":"THE_SILENT","items_purchased":["Caltrops","Accuracy","Bag of Marbles","Dash","Oddly Smooth Stone","Bouncing Flask","Infinite Blades"],"campfire_rested":4,"item_purchase_floors":[6,7,25,25,29,36,38],"current_hp_per_floor":[70,70,56,45,62,62,62,62,62,62,62,40,40,39,39,41,70,70,70,33,33,33,55,37,37,37,30,52,52,52,46,68,19,75,73,73,70,70,70,70,27,21,21,21,21,43,43,40,40,0],"gold":192,"neow_bonus":"THREE_ENEMY_KILL","is_prod":false,"is_daily":false,"chose_seed":false,"campfire_upgraded":3,"win_rate":0,"timestamp":1558724854,"path_taken":["M","$","?","?","?","?","$","E","T","R","M","E","M","M","R","BOSS","M","?","?","?","M","R","E","?","T","?","R","?","M","?","R","BOSS","M","$","M","?","M","R","E","M","T","?","?","R","?","M","R","BOSS"],"build_version":"2019-01-23","purchased_purges":0,"victory":false,"max_hp_per_floor":[70,70,70,70,70,70,70,70,70,70,70,70,70,70,70,70,70,75,75,75,75,75,75,75,75,75,75,75,75,75,75,75,75,75,75,75,75,75,75,75,75,75,75,75,75,75,75,75,75,75],"card_choices":[{"not_picked":["Calculated Gamble","Poisoned Stab"],"picked":"Backstab","floor":1},{"not_picked":["Quick Slash","Escape Plan"],"picked":"Envenom","floor":8},{"not_picked":["Skewer","Tactician"],"picked":"Blade Dance","floor":11},{"not_picked":["Flying Knee","Skewer"],"picked":"Endless Agony","floor":12},{"not_picked":["Deflect","Escape Plan","Dagger Spray"],"picked":"SKIP","floor":13},{"not_picked":["Bane","Outmaneuver","Prepared"],"picked":"SKIP","floor":14},{"not_picked":["Glass Knife","Phantasmal Killer"],"picked":"Corpse Explosion","floor":16},{"not_picked":["Calculated Gamble","Acrobatics","Dagger Spray"],"picked":"SKIP","floor":18},{"not_picked":["Masterful Stab","Calculated Gamble"],"picked":"Dagger Spray+1","floor":20},{"not_picked":["Dodge and Roll","Acrobatics","Outmaneuver"],"picked":"SKIP","floor":22},{"not_picked":["Prepared+1","Backflip"],"picked":"Terror","floor":24},{"not_picked":["Corpse Explosion","Flying Knee"],"picked":"Cloak And Dagger+1","floor":27},{"not_picked":["Escape Plan+1","Choke"],"picked":"Bouncing Flask+1","floor":30},{"not_picked":["Dodge and Roll+1","Bane"],"picked":"Cloak And Dagger+1","floor":31},{"not_picked":["Choke","Sucker Punch+1","Predator"],"picked":"SKIP","floor":35},{"not_picked":["Skewer","Blade Dance","Backflip"],"picked":"SKIP","floor":37},{"not_picked":["Skewer","Predator"],"picked":"Infinite Blades+1","floor":39},{"not_picked":["PiercingWail","Deflect+1"],"picked":"Cloak And Dagger+1","floor":41},{"not_picked":["Backflip+1","Dagger Throw+1","Deflect+1"],"picked":"SKIP","floor":42},{"not_picked":["Underhanded Strike","Flying Knee","Escape Plan+1"],"picked":"SKIP","floor":47},{"not_picked":["Bane+1","Calculated Gamble","Backflip+1"],"picked":"SKIP","floor":48}],"player_experience":430683,"relics_obtained":[{"floor":8,"key":"Art of War"},{"floor":9,"key":"Ancient Tea Set"},{"floor":12,"key":"Omamori"},{"floor":20,"key":"Red Mask"},{"floor":24,"key":"War Paint"},{"floor":26,"key":"Bag of Preparation"},{"floor":34,"key":"Snake Skull"},{"floor":34,"key":"Mercury Hourglass"},{"floor":34,"key":"Du-Vu Doll"},{"floor":41,"key":"Vajra"}],"event_choices":[{"damage_healed":0,"gold_gain":0,"player_choice":"Entered Light","damage_taken":14,"max_hp_gain":0,"max_hp_loss":0,"event_name":"Shining Light","floor":3,"gold_loss":0,"cards_upgraded":["Neutralize","Survivor"]},{"damage_healed":0,"gold_gain":75,"player_choice":"Gather Gold","damage_taken":11,"max_hp_gain":0,"max_hp_loss":0,"event_name":"World of Goop","floor":4,"gold_loss":0},{"damage_healed":17,"gold_gain":0,"player_choice":"Healed","damage_taken":0,"max_hp_gain":0,"max_hp_loss":0,"event_name":"The Cleric","floor":5,"gold_loss":35},{"damage_healed":0,"gold_gain":0,"player_choice":"Ignored","damage_taken":0,"max_hp_gain":0,"max_hp_loss":0,"event_name":"Beggar","floor":19,"gold_loss":0},{"damage_healed":0,"gold_gain":0,"player_choice":"Fought Bandits","damage_taken":0,"max_hp_gain":0,"max_hp_loss":0,"event_name":"Masked Bandits","floor":20,"gold_loss":0},{"damage_healed":0,"gold_gain":0,"player_choice":"Simplicity","damage_taken":0,"max_hp_gain":0,"max_hp_loss":0,"event_name":"Back to Basics","floor":21,"gold_loss":0,"cards_upgraded":["Defend_G","Defend_G","Defend_G","Defend_G","Defend_G","Strike_G","Strike_G","Strike_G","Strike_G","Strike_G"]},{"damage_healed":0,"gold_gain":0,"player_choice":"Ignored","damage_taken":0,"max_hp_gain":0,"max_hp_loss":0,"event_name":"Mysterious Sphere","floor":44,"gold_loss":0},{"damage_healed":0,"gold_gain":0,"player_choice":"Ignored","damage_taken":0,"max_hp_gain":0,"max_hp_loss":0,"event_name":"SecretPortal","floor":45,"gold_loss":0}],"is_beta":false,"boss_relics":[{"not_picked":["Velvet Choker","Philosopher\u0027s Stone"],"picked":"Ring of the Serpent"},{"not_picked":["WristBlade","Snecko Eye"],"picked":"Calling Bell"}],"items_purged_floors":[],"is_endless":false,"potions_floor_spawned":[1,8,12,16,18,30,31,39,42],"killed_by":"Donu and Deca","ascension_level":0}