{"gold_per_floor":[115,125,136,156,156,156,186,186,234,269,269,216,216],"floor_reached":13,"playtime":341,"items_purged":[],"score":163,"play_id":"55067de5-a4c6-4910-9a4e-26d75ab563c1","local_time":"20181117150531","is_ascension_mode":true,"campfire_choices":[{"floor":6,"key":"REST"},{"data":"True Grit","floor":8,"key":"SMITH"}],"neow_cost":"NONE","seed_source_timestamp":251230442299412,"circlet_count":0,"master_deck":["AscendersBane","Strike_R+1","Strike_R","Strike_R","Strike_R","Strike_R","Defend_R+1","Defend_R","Defend_R+1","Defend_R+1","Bash","Thunderclap","Whirlwind","Combust","Flame Barrier","True Grit+1","Rupture"],"relics":["Burning Blood","Letter Opener","Red Skull","War Paint"],"potions_floor_usage":[7],"damage_taken":[{"damage":7,"enemies":"Jaw Worm","floor":1,"turns":4},{"damage":0,"enemies":"Small Slimes","floor":2,"turns":3},{"damage":0,"enemies":"2 Louse","floor":3,"turns":3},{"damage":26,"enemies":"Exordium Thugs","floor":4,"turns":4},{"damage":40,"enemies":"Gremlin Nob","floor":7,"turns":5},{"damage":26,"enemies":"3 Sentries","floor":10,"turns":4},{"damage":8,"enemies":"Blue Slaver","floor":13,"turns":1}],"seed_played":"3813047594573877198","potions_obtained":[{"floor":2,"key":"Ancient Potion"}],"is_trial":false,"path_per_floor":["M","M","M","M","?","R","E","R","T","E","T","?","M"],"character_chosen":"IRONCLAD","items_purchased":[],"campfire_rested":1,"item_purchase_floors":[],"current_hp_per_floor":[74,80,82,62,37,61,27,27,27,7,7,7,0],"gold":216,"neow_bonus":"TEN_PERCENT_HP_BONUS","is_prod":false,"is_daily":false,"chose_seed":false,"campfire_upgraded":1,"win_rate":0,"timestamp":1542485131,"path_taken":["M","M","M","M","?","R","E","R","T","E","?","?","M"],"build_version":"2018-11-15","purchased_purges":0,"victory":false,"max_hp_per_floor":[82,82,82,82,82,82,82,82,82,82,82,82,82],"card_choices":[{"not_picked":["Shrug It Off","Heavy Blade"],"picked":"Thunderclap","floor":1},{"not_picked":["Anger","Clothesline"],"picked":"Whirlwind","floor":2},{"not_picked":["Armaments","Intimidate"],"picked":"Combust","floor":3},{"not_picked":["Havoc","Heavy Blade"],"picked":"Flame Barrier","floor":4},{"not_picked":["Perfected Strike","Combust"],"picked":"True Grit","floor":7},{"not_picked":["Rage","Wild Strike"],"picked":"Rupture","floor":10}],"player_experience":903656,"relics_obtained":[{"floor":7,"key":"Letter Opener"},{"floor":9,"key":"Red Skull"},{"floor":10,"key":"War Paint"}],"event_choices":[{"damage_healed":0,"gold_gain":0,"player_choice":"Entered Light","damage_taken":25,"max_hp_gain":0,"max_hp_loss":0,"event_name":"Shining Light","floor":5,"gold_loss":0,"cards_upgraded":["Defend_R","Strike_R"]},{"damage_healed":0,"gold_gain":0,"player_choice":"Left Gold","damage_taken":0,"max_hp_gain":0,"max_hp_loss":0,"event_name":"World of Goop","floor":12,"gold_loss":53}],"is_beta":false,"boss_relics":[],"items_purged_floors":[],"is_endless":false,"potions_floor_spawned":[2],"killed_by":"Blue Slaver","ascension_level":15}