{"gold_per_floor":[364,110,110,110,123,149,149,181,204,223,223,233,261,323,323,397,397,410,5,5,19,19,19,44,58,58,91,41,91,109,122,122,201,201,218,82,82,96,46,46,77,92,92,92,103,103,114,114,114,114],"floor_reached":51,"playtime":2999,"items_purged":["Strike_B","Regret","Shame","Regret","Writhe"],"score":1279,"play_id":"28f25aa1-0fa1-4a0a-b2d7-4e0db1821beb","local_time":"20180915174101","is_ascension_mode":true,"campfire_choices":[{"data":"Streamline","floor":7.0,"key":"SMITH"},{"data":"Conserve Battery","floor":11.0,"key":"SMITH"},{"data":"Go for the Eyes","floor":15.0,"key":"SMITH"},{"data":"Mayhem","floor":23.0,"key":"SMITH"},{"floor":32.0,"key":"REST"},{"data":"Zap","floor":40,"key":"SMITH"},{"data":"Dualcast","floor":44,"key":"SMITH"},{"data":"Conserve Battery","floor":46,"key":"SMITH"},{"data":"Seek","floor":49,"key":"SMITH"}],"neow_cost":"PERCENT_DAMAGE","seed_source_timestamp":3744810017061,"circlet_count":0,"master_deck":["Strike_B","Strike_B","Defend_B","Defend_B","Defend_B","Zap+1","Dualcast+1","AscendersBane","Go for the Eyes+1","Streamline+1","Rebound","Conserve Battery+1","Skim","Cold Snap","Conserve Battery+1","Mayhem+1","Glacier","Beam Cell","Sweeping Beam","Self Repair","All For One","Seek+1","Beam Cell","BootSequence","BootSequence+1","Scrape","Gash+1"],"special_seed":0,"relics":["Cracked Core","Bag of Marbles","Singing Bowl","Happy Flower","Thread and Needle","Darkstone Periapt","Calling Bell","Anchor","Blue Candle","Nunchaku","Ornamental Fan","Smiling Mask","Pantograph","Dream Catcher","Sozu","Mummified Hand","Potion Belt"],"potions_floor_usage":[33],"damage_taken":[{"damage":0.0,"enemies":"2 Louse","floor":1.0,"turns":3.0},{"damage":0.0,"enemies":"Small Slimes","floor":5.0,"turns":2.0},{"damage":8.0,"enemies":"Gremlin Nob","floor":6.0,"turns":3.0},{"damage":21.0,"enemies":"Lagavulin","floor":8.0,"turns":6.0},{"damage":1.0,"enemies":"Cultist","floor":10.0,"turns":3.0},{"damage":0.0,"enemies":"3 Louse","floor":12.0,"turns":2.0},{"damage":8.0,"enemies":"3 Sentries","floor":13.0,"turns":6.0},{"damage":1.0,"enemies":"Gremlin Nob","floor":14.0,"turns":3.0},{"damage":4.0,"enemies":"The Guardian","floor":16.0,"turns":10.0},{"damage":8.0,"enemies":"3 Byrds","floor":18.0,"turns":6.0},{"damage":9.0,"enemies":"Shell Parasite","floor":21.0,"turns":10.0},{"damage":71.0,"enemies":"Book of Stabbing","floor":24.0,"turns":10.0},{"damage":2.0,"enemies":"Centurion and Healer","floor":25.0,"turns":8.0},{"damage":6.0,"enemies":"Slavers","floor":27.0,"turns":7.0},{"damage":5.0,"enemies":"3 Cultists","floor":30.0,"turns":5.0},{"damage":6.0,"enemies":"Snake Plant","floor":31.0,"turns":6.0},{"damage":60,"enemies":"Collector","floor":33,"turns":14},{"damage":2,"enemies":"Orb Walker","floor":35,"turns":3},{"damage":44,"enemies":"3 Shapes","floor":38,"turns":8},{"damage":2,"enemies":"Giant Head","floor":41,"turns":8},{"damage":9,"enemies":"Sphere and 2 Shapes","floor":42,"turns":6},{"damage":1,"enemies":"Reptomancer","floor":45,"turns":7},{"damage":10,"enemies":"Maw","floor":47,"turns":9},{"damage":88,"enemies":"Awakened One","floor":50,"turns":16}],"seed_played":"-5032789956680463183","potions_obtained":[{"floor":5.0,"key":"Swift Potion"},{"floor":6.0,"key":"FearPotion"},{"floor":12.0,"key":"SteroidPotion"},{"floor":14.0,"key":"Strength Potion"},{"floor":16.0,"key":"Regen Potion"},{"floor":24.0,"key":"SteroidPotion"},{"floor":27.0,"key":"Strength Potion"},{"floor":30.0,"key":"PowerPotion"}],"is_trial":false,"path_per_floor":["M","$","?","?","M","E","R","E","T","M","R","M","E","?","R","B",null,"M","$","?","M","$","R","E","M","T","E","$","?","M","M","R","B",null,"M","$","?","M","$","R","E","M","T","R","M","R","M","?","R","B"],"character_chosen":"DEFECT","items_purchased":["Streamline","Rebound","Explosive Potion","Mayhem","Glacier","BootSequence"],"campfire_rested":1,"item_purchase_floors":[2,2,2,19,19,36],"current_hp_per_floor":[46,46,69,62,62,54,54,35,35,34,34,34,28,29,29,27,84,92,92,98,89,89,89,20,20,20,14,14,14,11,5,38,10,86,84,84,84,47,47,47,52,50,50,50,58,58,57,94,94,13],"gold":114,"neow_bonus":"TWO_FIFTY_GOLD","is_prod":false,"is_daily":false,"chose_seed":false,"campfire_upgraded":8,"win_rate":0,"timestamp":1537047661,"path_taken":["M","$","?","?","M","E","R","E","T","M","R","M","E","?","R","BOSS","M","$","?","M","?","R","E","M","T","E","?","?","?","M","R","BOSS","M","$","?","?","$","R","E","M","T","R","M","R","M","?","R","BOSS"],"build_version":"2018-09-06","purchased_purges":5,"victory":true,"max_hp_per_floor":[71,71,71,71,71,71,71,73,73,73,73,73,75,77,77,79,97,99,99,105,105,105,105,107,109,109,109,109,109,111,111,111,111,111,111,111,111,111,111,111,111,111,111,111,113,113,115,94,94,94],"card_choices":[{"not_picked":["FTL","Auto Shields"],"picked":"Go for the Eyes","floor":1.0},{"not_picked":["Streamline","Tempest"],"picked":"Conserve Battery","floor":5.0},{"not_picked":["Sunder","Fission"],"picked":"Skim","floor":6.0},{"not_picked":["Barrage","Static Discharge","Doom and Gloom"],"picked":"Singing Bowl","floor":8.0},{"not_picked":["Aggregate","Chill"],"picked":"Cold Snap","floor":10.0},{"not_picked":["Lockon","Chaos"],"picked":"Conserve Battery","floor":12.0},{"not_picked":["Stack","Barrage","White Noise"],"picked":"Singing Bowl","floor":13.0},{"not_picked":["Streamline","Auto Shields","Steam"],"picked":"Singing Bowl","floor":14.0},{"not_picked":["Fission","Thunder Strike","All For One"],"picked":"Singing Bowl","floor":16.0},{"not_picked":["Fusion","Cold Snap","Darkness"],"picked":"Singing Bowl","floor":18.0},{"not_picked":["Conserve Battery","Cold Snap"],"picked":"Beam Cell","floor":21.0},{"not_picked":["Ball Lightning","Hello World","Rainbow"],"picked":"Singing Bowl","floor":24.0},{"not_picked":["Compile Driver","Barrage","Storm"],"picked":"Singing Bowl","floor":25.0},{"not_picked":["Chaos+1","Stack"],"picked":"Sweeping Beam","floor":27.0},{"not_picked":["Steam Power","Compile Driver","Redo"],"picked":"Singing Bowl","floor":30.0},{"not_picked":["Compile Driver","Storm"],"picked":"Self Repair","floor":31.0},{"not_picked":["Steam+1","Darkness"],"picked":"All For One","floor":32.0},{"not_picked":["Reboot","Biased Cognition"],"picked":"Seek","floor":33},{"not_picked":["Melter","Compile Driver"],"picked":"Beam Cell","floor":35},{"not_picked":["Sweeping Beam","Genetic Algorithm+1"],"picked":"BootSequence+1","floor":38},{"not_picked":["Sweeping Beam","Self Repair+1"],"picked":"Scrape","floor":41},{"not_picked":["Ball Lightning+1","Cold Snap"],"picked":"Gash+1","floor":42},{"not_picked":["Redo","Consume","Conserve Battery+1"],"picked":"Singing Bowl","floor":45},{"not_picked":["Heatsinks","Beam Cell","Stack"],"picked":"Singing Bowl","floor":47}],"player_experience":655217,"relics_obtained":[{"floor":6.0,"key":"Bag of Marbles"},{"floor":8.0,"key":"Singing Bowl"},{"floor":9.0,"key":"Happy Flower"},{"floor":13.0,"key":"Thread and Needle"},{"floor":14.0,"key":"Darkstone Periapt"},{"floor":17.0,"key":"Anchor"},{"floor":17.0,"key":"Blue Candle"},{"floor":17.0,"key":"Nunchaku"},{"floor":24.0,"key":"Smiling Mask"},{"floor":26.0,"key":"Pantograph"},{"floor":27.0,"key":"Dream Catcher"},{"floor":41,"key":"Mummified Hand"},{"floor":43,"key":"Potion Belt"}],"event_choices":[{"event_name":"Big Fish","player_choice":"Banana","floor":3.0,"damage_taken":0.0},{"event_name":"Golden Wing","player_choice":"Card Removal","floor":4.0,"damage_taken":0.0},{"event_name":"Dead Adventurer","player_choice":"Searched \u00273\u0027 times","floor":14.0,"damage_taken":0.0},{"event_name":"Addict","player_choice":"Stole Relic","floor":20.0,"damage_taken":0.0},{"event_name":"Nest","player_choice":"Stole From Cult","floor":29.0,"damage_taken":0.0},{"event_name":"Falling","player_choice":"Removed Attack","floor":37,"damage_taken":0},{"event_name":"The Moai Head","player_choice":"Heal","floor":48,"damage_taken":0}],"is_beta":false,"boss_relics":[{"not_picked":["White Beast Statue","Runic Pyramid"],"picked":"Calling Bell"},{"not_picked":["Velvet Choker","Busted Crown"],"picked":"Sozu"}],"items_purged_floors":[2,19,28,36,39],"is_endless":false,"potions_floor_spawned":[5,6,12,14,16,24,25,27,30,41,42,45],"ascension_level":16}