{"gold_per_floor":[109,259,9,9,34,34,47,0,84,84,107,147,159,192,204,216],"floor_reached":16,"playtime":569,"items_purged":[],"score":200,"play_id":"9b409c23-81a5-4f5e-8214-136da4de4365","local_time":"20181027184343","is_ascension_mode":true,"campfire_choices":[{"data":"Crippling Poison","floor":6,"key":"SMITH"},{"data":"After Image","floor":10,"key":"SMITH"},{"data":"Bane","floor":15,"key":"SMITH"}],"neow_cost":"NONE","seed_source_timestamp":1549584774698978,"circlet_count":0,"master_deck":["Defend_G+1","Defend_G","Defend_G","Defend_G+1","Defend_G+1","Strike_G","Strike_G+1","Strike_G","Strike_G","Strike_G","Survivor","Neutralize","AscendersBane","Crippling Poison+1","Doubt","Noxious Fumes","Dagger Spray","After Image+1","Backflip","Terror","Bane+1"],"relics":["Ring of the Snake","War Paint","Strawberry","Golden Idol","Tiny Chest","MawBank"],"potions_floor_usage":[12,12],"damage_taken":[{"damage":1,"enemies":"Jaw Worm","floor":1,"turns":7},{"damage":0,"enemies":"Cultist","floor":5,"turns":6},{"damage":0,"enemies":"2 Louse","floor":7,"turns":3},{"damage":0,"enemies":"Exordium Wildlife","floor":11,"turns":3},{"damage":13,"enemies":"Lagavulin","floor":12,"turns":8},{"damage":1,"enemies":"2 Fungi Beasts","floor":14,"turns":4},{"damage":19,"enemies":"Slime Boss","floor":16,"turns":6}],"seed_played":"-3561527470768645450","potions_obtained":[{"floor":5,"key":"Strength Potion"},{"floor":7,"key":"EssenceOfSteel"}],"is_trial":false,"path_per_floor":["M","?","$","?","M","R","M","?","T","R","M","E","?","M","R"],"character_chosen":"THE_SILENT","items_purchased":["Noxious Fumes","Strawberry"],"campfire_rested":0,"item_purchase_floors":[3,3],"current_hp_per_floor":[58,58,65,65,65,65,65,65,65,65,65,52,32,31,31,12],"gold":216,"neow_bonus":"RANDOM_COMMON_RELIC","is_prod":false,"is_daily":false,"chose_seed":false,"campfire_upgraded":3,"win_rate":0,"timestamp":1540680223,"path_taken":["M","?","$","?","M","R","M","?","T","R","M","E","?","M","R","BOSS"],"build_version":"2018-10-25v2","purchased_purges":0,"victory":false,"max_hp_per_floor":[66,66,73,66,66,66,66,66,66,66,66,66,66,66,66,66],"card_choices":[{"not_picked":["Dagger Throw","Dodge and Roll"],"picked":"Crippling Poison","floor":1},{"not_picked":["Noxious Fumes","Deadly Poison"],"picked":"Dagger Spray","floor":5},{"not_picked":["Slice","Cloak And Dagger"],"picked":"After Image","floor":7},{"not_picked":["Riddle With Holes","Flying Knee"],"picked":"Backflip","floor":11},{"not_picked":["Deflect","Underhanded Strike"],"picked":"Terror","floor":12},{"not_picked":["Escape Plan","Concentrate"],"picked":"Bane","floor":14}],"player_experience":850652,"relics_obtained":[{"floor":9,"key":"Tiny Chest"},{"floor":12,"key":"MawBank"}],"event_choices":[{"damage_healed":0,"gold_gain":150,"player_choice":"AGREE","damage_taken":0,"max_hp_gain":0,"max_hp_loss":0,"event_name":"Liars Game","floor":2,"gold_loss":0,"cards_obtained":["Doubt"]},{"damage_healed":0,"gold_gain":0,"player_choice":"Lose Max HP","damage_taken":0,"relics_obtained":["Golden Idol"],"max_hp_gain":0,"max_hp_loss":7,"event_name":"Golden Idol","floor":4,"gold_loss":0},{"damage_healed":0,"gold_gain":0,"player_choice":"Left Gold","damage_taken":0,"max_hp_gain":0,"max_hp_loss":0,"event_name":"World of Goop","floor":8,"gold_loss":47},{"damage_healed":0,"gold_gain":0,"player_choice":"Entered Light","damage_taken":20,"max_hp_gain":0,"max_hp_loss":0,"event_name":"Shining Light","floor":13,"gold_loss":0,"cards_upgraded":["Defend_G","Strike_G"]}],"is_beta":false,"boss_relics":[],"items_purged_floors":[],"is_endless":false,"potions_floor_spawned":[5,7],"killed_by":"Slime Boss","ascension_level":20}