{"gold_per_floor":[114,129,304,319,334,364,364,379,379,81,81,81,96,111,111,231,231,246,261,276,38,38,68,68,80,117,129,141,168,195,222,234,346,358,385,797,824,879,906,918,945,957,994,104,134,149,149,164,164,164],"floor_reached":51,"playtime":1702,"items_purged":["Strike_G","Strike_G","Blade Dance"],"score":1003,"play_id":"62676b4a-d136-4416-81e9-9f3e630ed136","local_time":"20181102222426","daily_mods":["Cursed Run","Uncertain Future","Terminal"],"is_ascension_mode":false,"campfire_choices":[{"data":"Neutralize","floor":7,"key":"SMITH"},{"data":"Cloak And Dagger","floor":12,"key":"SMITH"},{"data":"Cloak And Dagger","floor":15,"key":"SMITH"},{"floor":24,"key":"DIG"},{"floor":27,"key":"DIG"},{"data":"A Thousand Cuts","floor":32,"key":"SMITH"},{"data":"Footwork","floor":40,"key":"SMITH"},{"floor":47,"key":"DIG"},{"floor":49,"key":"DIG"}],"neow_cost":"","seed_source_timestamp":0,"circlet_count":0,"master_deck":["Survivor","Neutralize+1","Bane","Poisoned Stab","Doubt","Cloak And Dagger+1","Cloak And Dagger+1","Dash","Tools of the Trade","Clumsy","Predator","Finisher","Writhe","Corpse Explosion","Dagger Spray","Dodge and Roll","A Thousand Cuts+1","Riddle With Holes+1","Injury","Terror+1","Backstab","Poisoned Stab+1","Parasite","Adrenaline+1","Slice","Underhanded Strike","Deadly Poison+1","Footwork+1","Poisoned Stab","Eviscerate","Underhanded Strike","Catalyst+1","Footwork","Cloak And Dagger+1","Tactician+1","Bane","Dagger Spray","Quick Slash+1","Bullet Time+1","Dodge and Roll+1","Writhe","Decay","Adrenaline+1","Acrobatics+1","Secret Technique+1","Escape Plan+1","Parasite","Blade Dance+1","Cloak And Dagger+1","Pain"],"special_seed":17838,"relics":["Cursed Key","Darkstone Periapt","Du-Vu Doll","Strawberry","Bird Faced Urn","Toolbox","Tingsha","Sozu","Shovel","MawBank","Bag of Preparation","Toxic Egg 2","Pandora\u0027s Box","Old Coin","Prayer Wheel","Bronze Scales","Singing Bowl","DollysMirror","Unceasing Top","Paper Crane","Bag of Marbles"],"potions_floor_usage":[6,16],"damage_taken":[{"damage":0,"enemies":"2 Louse","floor":1,"turns":3},{"damage":0,"enemies":"Jaw Worm","floor":2,"turns":4},{"damage":0,"enemies":"Cultist","floor":4,"turns":3},{"damage":0,"enemies":"Red Slaver","floor":5,"turns":2},{"damage":0,"enemies":"Gremlin Nob","floor":6,"turns":3},{"damage":0,"enemies":"Exordium Wildlife","floor":8,"turns":4},{"damage":0,"enemies":"Large Slime","floor":13,"turns":4},{"damage":0,"enemies":"3 Louse","floor":14,"turns":3},{"damage":0,"enemies":"Slime Boss","floor":16,"turns":5},{"damage":0,"enemies":"Shell Parasite","floor":18,"turns":3},{"damage":0,"enemies":"Spheric Guardian","floor":19,"turns":4},{"damage":0,"enemies":"Snecko","floor":20,"turns":3},{"damage":1,"enemies":"Book of Stabbing","floor":23,"turns":5},{"damage":0,"enemies":"Snake Plant","floor":29,"turns":3},{"damage":0,"enemies":"Sentry and Sphere","floor":30,"turns":2},{"damage":0,"enemies":"Cultist and Chosen","floor":31,"turns":3},{"damage":16,"enemies":"Collector","floor":33,"turns":7},{"damage":5,"enemies":"Orb Walker","floor":35,"turns":2},{"damage":19,"enemies":"Mind Bloom Boss Battle","floor":36,"turns":3},{"damage":2,"enemies":"3 Shapes","floor":37,"turns":4},{"damage":8,"enemies":"2 Orb Walkers","floor":38,"turns":2},{"damage":0,"enemies":"Spire Growth","floor":39,"turns":2},{"damage":0,"enemies":"3 Darklings","floor":41,"turns":2},{"damage":27,"enemies":"Reptomancer","floor":45,"turns":5},{"damage":0,"enemies":"Jaw Worm Horde","floor":46,"turns":3},{"damage":7,"enemies":"Writhing Mass","floor":48,"turns":3},{"damage":50,"enemies":"Awakened One","floor":50,"turns":8}],"seed_played":"-2706670259643309342","potions_obtained":[{"floor":4,"key":"Strength Potion"},{"floor":8,"key":"Weak Potion"},{"floor":14,"key":"Energy Potion"}],"is_trial":false,"path_per_floor":["M","M","?","M","M","E","R","M","T","$","?","R","M","M","R","B",null,"M","M","M","$","?","E","R","$","T","R","$","M","M","M","R","B",null,"M","?","M","?","M","R","M","?","T","$","E","M","R","M","R","B",null],"character_chosen":"THE_SILENT","items_purchased":["Toolbox","Blade Dance","A Thousand Cuts","Singing Bowl","DollysMirror","Acrobatics+1","Secret Technique+1","Escape Plan+1"],"campfire_rested":0,"item_purchase_floors":[10,10,21,44,44,44,44,44],"current_hp_per_floor":[68,67,72,71,70,76,75,74,79,78,77,76,75,74,73,78,77,76,75,74,73,72,71,70,69,74,73,72,71,70,69,68,58,72,67,52,54,48,52,52,54,70,75,74,50,58,58,61,61,27],"gold":164,"neow_bonus":"","is_prod":false,"is_daily":true,"chose_seed":false,"campfire_upgraded":5,"win_rate":0,"timestamp":1541211866,"path_taken":["M","M","?","M","M","E","R","M","T","$","?","R","M","?","R","BOSS","M","M","M","?","?","E","R","$","T","R","?","M","M","M","R","BOSS","M","?","M","?","M","R","M","?","T","$","E","M","R","M","R","BOSS"],"build_version":"2018-11-01","purchased_purges":3,"victory":true,"max_hp_per_floor":[68,67,72,71,70,76,75,74,79,78,77,76,75,74,73,78,77,76,75,74,73,72,71,70,69,74,73,72,71,70,69,68,73,72,71,70,69,68,67,66,65,70,75,74,75,78,77,82,81,86],"card_choices":[{"not_picked":["Distraction","Eviscerate"],"picked":"Bane","floor":1},{"not_picked":["Quick Slash","Crippling Poison"],"picked":"Poisoned Stab","floor":2},{"not_picked":["Reflex","Tactician"],"picked":"Cloak And Dagger","floor":4},{"not_picked":["Flying Knee","Dagger Throw"],"picked":"Cloak And Dagger","floor":5},{"not_picked":["Distraction","Blade Dance"],"picked":"Dash","floor":6},{"not_picked":["Outmaneuver","Deflect"],"picked":"Tools of the Trade","floor":8},{"not_picked":["Outmaneuver","Escape Plan"],"picked":"Predator","floor":13},{"not_picked":["Sucker Punch","Calculated Gamble"],"picked":"Finisher","floor":14},{"not_picked":["Wraith Form v2","Doppelganger"],"picked":"Corpse Explosion","floor":16},{"not_picked":["Accuracy","Skewer+1"],"picked":"Dagger Spray","floor":18},{"not_picked":["Outmaneuver","Flying Knee+1","Prepared"],"picked":"SKIP","floor":19},{"not_picked":["Deadly Poison","Blade Dance"],"picked":"Dodge and Roll","floor":20},{"not_picked":["Choke","PiercingWail+1"],"picked":"Riddle With Holes+1","floor":23},{"not_picked":["Dodge and Roll+1","Predator"],"picked":"Terror+1","floor":29},{"not_picked":["Slice","Well Laid Plans"],"picked":"Backstab","floor":30},{"not_picked":["Grand Finale","All Out Attack"],"picked":"Poisoned Stab+1","floor":31},{"not_picked":["Phantasmal Killer+1","Glass Knife"],"picked":"Adrenaline+1","floor":33},{"not_picked":["Prepared+1","Setup+1"],"picked":"Footwork","floor":35},{"not_picked":["Slice","Flying Knee"],"picked":"Cloak And Dagger+1","floor":36},{"not_picked":["Well Laid Plans","Slice+1"],"picked":"Tactician+1","floor":37},{"not_picked":["Infinite Blades+1","Slice+1"],"picked":"Bane","floor":38},{"not_picked":["Poisoned Stab","Acrobatics+1"],"picked":"Dagger Spray","floor":39},{"not_picked":["Setup+1","Dagger Spray+1"],"picked":"Quick Slash+1","floor":39},{"not_picked":["Concentrate+1","Finisher+1"],"picked":"Bullet Time+1","floor":41},{"not_picked":["Deflect+1","Outmaneuver+1"],"picked":"Dodge and Roll+1","floor":41},{"not_picked":["Well Laid Plans","Distraction+1","Poisoned Stab"],"picked":"Singing Bowl","floor":45},{"not_picked":["Outmaneuver+1","Accuracy","Tactician+1"],"picked":"Singing Bowl","floor":46},{"not_picked":["Caltrops","Accuracy","Quick Slash"],"picked":"Singing Bowl","floor":46},{"not_picked":["Dagger Spray+1","Underhanded Strike+1"],"picked":"Blade Dance+1","floor":48},{"not_picked":["Tools of the Trade","Poisoned Stab"],"picked":"Cloak And Dagger+1","floor":48}],"player_experience":885077,"relics_obtained":[{"floor":6,"key":"Strawberry"},{"floor":9,"key":"Bird Faced Urn"},{"floor":23,"key":"Shovel"},{"floor":24,"key":"MawBank"},{"floor":26,"key":"Bag of Preparation"},{"floor":27,"key":"Toxic Egg 2"},{"floor":36,"key":"Old Coin"},{"floor":38,"key":"Prayer Wheel"},{"floor":43,"key":"Bronze Scales"},{"floor":45,"key":"Unceasing Top"},{"floor":47,"key":"Paper Crane"},{"floor":49,"key":"Bag of Marbles"}],"event_choices":[{"damage_healed":0,"gold_gain":175,"player_choice":"AGREE","damage_taken":0,"max_hp_gain":0,"max_hp_loss":0,"event_name":"Liars Game","floor":3,"gold_loss":0,"cards_obtained":["Doubt"]},{"damage_healed":0,"gold_gain":0,"player_choice":"Gave Potion","damage_taken":0,"relics_obtained":["Tingsha"],"max_hp_gain":0,"max_hp_loss":0,"event_name":"WeMeetAgain","floor":11,"gold_loss":0},{"damage_healed":0,"gold_gain":0,"player_choice":"Ignored","damage_taken":0,"max_hp_gain":0,"max_hp_loss":0,"event_name":"Beggar","floor":22,"gold_loss":0},{"damage_healed":0,"gold_gain":0,"player_choice":"Fight","damage_taken":0,"max_hp_gain":0,"max_hp_loss":0,"event_name":"MindBloom","floor":36,"gold_loss":0},{"damage_healed":0,"gold_gain":0,"player_choice":"Fight","damage_taken":0,"max_hp_gain":0,"max_hp_loss":0,"event_name":"Mysterious Sphere","floor":38,"gold_loss":0},{"damage_healed":16,"gold_gain":0,"player_choice":"Writhe","damage_taken":0,"max_hp_gain":0,"max_hp_loss":0,"event_name":"Winding Halls","floor":42,"gold_loss":0,"cards_obtained":["Writhe"]}],"is_beta":false,"boss_relics":[{"not_picked":["Philosopher\u0027s Stone","Lizard Tail"],"picked":"Sozu"},{"not_picked":["White Beast Statue","Velvet Choker"],"picked":"Pandora\u0027s Box"}],"items_purged_floors":[10,21,44],"is_endless":false,"potions_floor_spawned":[4,8,14,19,30,31,36,37,45,48],"ascension_level":0}