{"gold_per_floor":[116,126,51,51,0,0,28,40,66,85,85,85,8,36,36,107,107,119,138,156,174,14,49,49,83,135,135,135,135,152,185,185,262,262,281,296,296,296,316,316,316],"floor_reached":41,"playtime":1578,"items_purged":["Strike_B"],"score":1018,"play_id":"c5539c69-c30d-48ea-bb45-06bc2a6e3fe1","local_time":"20181111232336","is_ascension_mode":true,"campfire_choices":[{"data":"Rip and Tear","floor":6,"key":"SMITH"},{"data":"Electrodynamics","floor":12,"key":"SMITH"},{"data":"Zap","floor":15,"key":"SMITH"},{"floor":24,"key":"REST"},{"floor":28,"key":"REST"},{"floor":32,"key":"REST"},{"data":"Sunder","floor":40,"key":"SMITH"}],"neow_cost":"TEN_PERCENT_HP_LOSS","seed_source_timestamp":116586612979550,"circlet_count":0,"master_deck":["AscendersBane","Strike_B","Strike_B","Defend_B","Defend_B","Zap+1","Dualcast","Echo Form","Rip and Tear+1","Self Repair","Conserve Battery+1","Compile Driver","Electrodynamics+1","Tempest","Undo+1","Creative AI+1","Sunder+1","Cold Snap","Go for the Eyes","Beam Cell+1","Writhe","Force Field"],"relics":["FrozenCore","Ancient Tea Set","Bottled Tornado","Omamori","WarpedTongs","Frozen Egg 2","Nuclear Battery","DataDisk","War Paint","Vajra","PreservedInsect"],"potions_floor_usage":[7,16,16,23,25,39,41],"damage_taken":[{"damage":0,"enemies":"2 Louse","floor":1,"turns":1},{"damage":0,"enemies":"Cultist","floor":2,"turns":2},{"damage":20,"enemies":"3 Sentries","floor":7,"turns":8},{"damage":12,"enemies":"Jaw Worm","floor":8,"turns":4},{"damage":6,"enemies":"Exordium Thugs","floor":10,"turns":4},{"damage":8,"enemies":"Gremlin Nob","floor":14,"turns":3},{"damage":0,"enemies":"Slime Boss","floor":16,"turns":4},{"damage":22,"enemies":"3 Byrds","floor":18,"turns":4},{"damage":2,"enemies":"Chosen","floor":19,"turns":5},{"damage":22,"enemies":"Centurion and Healer","floor":20,"turns":4},{"damage":2,"enemies":"3 Cultists","floor":21,"turns":3},{"damage":31,"enemies":"Book of Stabbing","floor":23,"turns":6},{"damage":24,"enemies":"Slavers","floor":25,"turns":3},{"damage":7,"enemies":"Snecko","floor":30,"turns":4},{"damage":40,"enemies":"Book of Stabbing","floor":31,"turns":5},{"damage":5,"enemies":"Collector","floor":33,"turns":9},{"damage":17,"enemies":"3 Shapes","floor":35,"turns":4},{"damage":3,"enemies":"Orb Walker","floor":36,"turns":3},{"damage":26,"enemies":"3 Darklings","floor":39,"turns":5},{"damage":51,"enemies":"2 Orb Walkers","floor":41,"turns":3}],"seed_played":"-4107059178301275555","potions_obtained":[{"floor":1,"key":"SteroidPotion"},{"floor":2,"key":"Fire Potion"},{"floor":7,"key":"SkillPotion"},{"floor":10,"key":"FocusPotion"},{"floor":18,"key":"SneckoOil"},{"floor":21,"key":"Weak Potion"},{"floor":33,"key":"Energy Potion"},{"floor":36,"key":"Swift Potion"}],"is_trial":false,"path_per_floor":["M","M","?","?","?","R","E","M","T","M","?","R","$","E","R","B",null,"M","M","M","M","$","E","R","E","T","?","R","?","M","E","R","B",null,"M","M","?","?","M","R","?"],"character_chosen":"DEFECT","items_purchased":["Tempest","Ancient Potion"],"campfire_rested":3,"item_purchase_floors":[13,22],"current_hp_per_floor":[64,64,64,57,57,57,51,53,53,47,47,47,47,46,46,46,60,52,60,52,50,50,26,45,21,21,21,40,40,43,10,29,38,58,41,38,38,51,39,39,0],"gold":316,"neow_bonus":"THREE_RARE_CARDS","is_prod":false,"is_daily":false,"chose_seed":false,"campfire_upgraded":4,"win_rate":0,"timestamp":1541996616,"path_taken":["M","M","?","?","?","R","E","?","T","M","?","R","?","E","R","BOSS","M","M","M","M","$","E","R","E","T","?","R","?","M","E","R","BOSS","M","M","?","?","M","R","?"],"build_version":"2018-11-08","purchased_purges":1,"victory":false,"max_hp_per_floor":[64,64,64,64,64,64,64,64,64,64,64,64,64,64,64,64,64,64,64,64,64,64,64,64,64,64,64,64,64,64,64,64,64,64,64,64,64,64,64,64,64],"card_choices":[{"not_picked":["Creative AI","Machine Learning"],"picked":"Echo Form","floor":0},{"not_picked":["Beam Cell","Doom and Gloom"],"picked":"Rip and Tear","floor":1},{"not_picked":["Capacitor","Skim"],"picked":"Self Repair","floor":2},{"not_picked":["Tempest","Blizzard"],"picked":"Conserve Battery","floor":7},{"not_picked":["Steam","Rebound"],"picked":"Compile Driver","floor":8},{"not_picked":["Melter","Sweeping Beam"],"picked":"Electrodynamics","floor":10},{"not_picked":["Darkness","Consume"],"picked":"Undo","floor":14},{"not_picked":["Reboot","All For One"],"picked":"Creative AI+1","floor":16},{"not_picked":["Coolheaded","Rip and Tear"],"picked":"Sunder","floor":18},{"not_picked":["Sunder","Compile Driver+1","Leap"],"picked":"SKIP","floor":19},{"not_picked":["Stack","Beam Cell","Melter"],"picked":"SKIP","floor":20},{"not_picked":["Beam Cell+1","Gash","Compile Driver+1"],"picked":"SKIP","floor":21},{"not_picked":["Lockon+1","Barrage"],"picked":"Cold Snap","floor":23},{"not_picked":["Gash","Reboot"],"picked":"Go for the Eyes","floor":25},{"not_picked":["Hello World+1","Go for the Eyes","Sweeping Beam"],"picked":"SKIP","floor":30},{"not_picked":["Steam Power","Heatsinks+1","Gash+1"],"picked":"SKIP","floor":31},{"not_picked":["Hello World+1","Defragment+1"],"picked":"Beam Cell+1","floor":35},{"not_picked":["Rebound","Beam Cell","Hologram"],"picked":"SKIP","floor":36},{"not_picked":["Redo","Go for the Eyes"],"picked":"Force Field","floor":39}],"player_experience":894151,"relics_obtained":[{"floor":7,"key":"Bottled Tornado"},{"floor":9,"key":"Omamori"},{"floor":14,"key":"Frozen Egg 2"},{"floor":23,"key":"DataDisk"},{"floor":25,"key":"War Paint"},{"floor":26,"key":"Vajra"},{"floor":31,"key":"PreservedInsect"}],"event_choices":[{"cards_removed":["Strike_B"],"damage_healed":0,"gold_gain":0,"player_choice":"Card Removal","damage_taken":0,"max_hp_gain":0,"max_hp_loss":0,"event_name":"The Cleric","floor":3,"gold_loss":75},{"cards_removed":["Defend_B"],"damage_healed":0,"gold_gain":0,"player_choice":"Card Removal","damage_taken":7,"max_hp_gain":0,"max_hp_loss":0,"event_name":"Golden Wing","floor":4,"gold_loss":0},{"damage_healed":0,"gold_gain":0,"player_choice":"Paid Gold","damage_taken":0,"relics_obtained":["Ancient Tea Set"],"max_hp_gain":0,"max_hp_loss":0,"event_name":"WeMeetAgain","floor":5,"gold_loss":51},{"damage_healed":0,"gold_gain":0,"player_choice":"Rummage","damage_taken":0,"relics_obtained":["WarpedTongs"],"max_hp_gain":0,"max_hp_loss":0,"event_name":"Accursed Blacksmith","floor":11,"gold_loss":0,"cards_obtained":["Pain"]},{"damage_healed":0,"gold_gain":0,"player_choice":"Ignored","damage_taken":0,"max_hp_gain":0,"max_hp_loss":0,"event_name":"Cursed Tome","floor":27,"gold_loss":0},{"damage_healed":0,"gold_gain":0,"player_choice":"Smashed Altar","damage_taken":0,"max_hp_gain":0,"max_hp_loss":0,"event_name":"Forgotten Altar","floor":29,"gold_loss":0,"cards_obtained":["Decay"]},{"cards_removed":["Defend_B"],"damage_healed":0,"gold_gain":0,"player_choice":"Removed Skill","damage_taken":0,"max_hp_gain":0,"max_hp_loss":0,"event_name":"Falling","floor":37,"gold_loss":0},{"damage_healed":13,"gold_gain":0,"player_choice":"Writhe","damage_taken":0,"max_hp_gain":0,"max_hp_loss":0,"event_name":"Winding Halls","floor":38,"gold_loss":0,"cards_obtained":["Writhe"]},{"damage_healed":0,"gold_gain":0,"player_choice":"Fight","damage_taken":0,"max_hp_gain":0,"max_hp_loss":0,"event_name":"Mysterious Sphere","floor":41,"gold_loss":0}],"is_beta":false,"boss_relics":[{"not_picked":["Inserter","Calling Bell"],"picked":"Nuclear Battery"},{"not_picked":["Lizard Tail","Philosopher\u0027s Stone"],"picked":"FrozenCore"}],"items_purged_floors":[22],"is_endless":false,"potions_floor_spawned":[1,2,7,10,18,21,33,36],"killed_by":"2 Orb Walkers","ascension_level":20}