{"gold_per_floor":[119,137,137,154,164,194,194,209,236,236,256,290,290,316,316,389,389,399,32,82,96,96,96,122,122,122,138,138,38,38,49,49,128,128,144,0,300,300,49,84,84,118,118,153,153,169,189,207,207,207,207,207,2,27,27],"floor_reached":55,"playtime":3164,"items_purged":["Strike_B","Strike_B"],"score":1632,"play_id":"c6cd49da-6089-4267-aae8-d30e97453387","local_time":"20190225151629","is_ascension_mode":true,"campfire_choices":[{"data":"Zap","floor":7,"key":"SMITH"},{"data":"Buffer","floor":10,"key":"SMITH"},{"floor":13,"key":"REST"},{"data":"Defragment","floor":15,"key":"SMITH"},{"data":"Dualcast","floor":23,"key":"SMITH"},{"data":"Scrape","floor":25,"key":"SMITH"},{"data":"Chill","floor":28,"key":"SMITH"},{"data":"Electrodynamics","floor":32,"key":"SMITH"},{"data":"Loop","floor":41,"key":"SMITH"},{"floor":49,"key":"RECALL"},{"data":"Hello World","floor":52,"key":"SMITH"}],"neow_cost":"NONE","seed_source_timestamp":1087795054708643,"circlet_count":0,"master_deck":["AscendersBane","Defend_B","Defend_B","Zap+1","Dualcast+1","Reboot+1","Beam Cell","Cold Snap","Steam","Conserve Battery","Go for the Eyes","Buffer+1","Chill+1","Defragment+1","Turbo","Coolheaded","Electrodynamics+1","Self Repair","Go for the Eyes","Gash","Scrape+1","BootSequence","Conserve Battery","Hello World+1","Conserve Battery","Multi-Cast","Core Surge","Undo+1","Steam+1","Meteor Strike+1","Loop+1","Heatsinks+1","Steam","Turbo","Finesse","Capacitor+1","Chaos+1","Steam Power","All For One","Tempest","Blizzard+1","Static Discharge+1","Hologram"],"relics":["Cracked Core","PreservedInsect","Dream Catcher","Art of War","Regal Pillow","Omamori","Runic Pyramid","Membership Card","Boot","Bronze Scales","Ice Cream","Astrolabe","Red Mask","Old Coin","Frozen Egg 2","Nunchaku","Bottled Tornado","DataDisk","OrangePellets","Lantern","Happy Flower"],"potions_floor_usage":[11,14,24,24,40,54,55],"damage_taken":[{"damage":0,"enemies":"2 Louse","floor":1,"turns":2},{"damage":7,"enemies":"Jaw Worm","floor":2,"turns":2},{"damage":0,"enemies":"Small Slimes","floor":4,"turns":3},{"damage":1,"enemies":"Red Slaver","floor":5,"turns":2},{"damage":9,"enemies":"Gremlin Nob","floor":6,"turns":3},{"damage":0,"enemies":"Exordium Thugs","floor":8,"turns":4},{"damage":13,"enemies":"3 Louse","floor":11,"turns":2},{"damage":0,"enemies":"3 Sentries","floor":12,"turns":9},{"damage":0,"enemies":"Lagavulin","floor":14,"turns":5},{"damage":21,"enemies":"The Guardian","floor":16,"turns":19},{"damage":0,"enemies":"Spheric Guardian","floor":18,"turns":5},{"damage":2,"enemies":"Shell Parasite","floor":21,"turns":8},{"damage":14,"enemies":"Slavers","floor":24,"turns":5},{"damage":8,"enemies":"Snake Plant","floor":27,"turns":3},{"damage":0,"enemies":"Centurion and Healer","floor":31,"turns":4},{"damage":0,"enemies":"Automaton","floor":33,"turns":11},{"damage":0,"enemies":"3 Shapes","floor":35,"turns":3},{"damage":0,"enemies":"Reptomancer","floor":40,"turns":8},{"damage":0,"enemies":"Giant Head","floor":42,"turns":8},{"damage":0,"enemies":"Nemesis","floor":44,"turns":7},{"damage":0,"enemies":"3 Darklings","floor":46,"turns":3},{"damage":0,"enemies":"4 Shapes","floor":47,"turns":4},{"damage":0,"enemies":"Sphere and 2 Shapes","floor":48,"turns":5},{"damage":11,"enemies":"Awakened One","floor":50,"turns":11},{"damage":21,"enemies":"Shield and Spear","floor":54,"turns":6},{"damage":60,"enemies":"The Heart","floor":55,"turns":3}],"seed_played":"8091227264685385021","potions_obtained":[{"floor":5,"key":"SpeedPotion"},{"floor":6,"key":"Poison Potion"},{"floor":12,"key":"SpeedPotion"},{"floor":27,"key":"Dexterity Potion"},{"floor":33,"key":"LiquidBronze"},{"floor":44,"key":"AttackPotion"},{"floor":54,"key":"SmokeBomb"}],"is_trial":false,"path_per_floor":["M","M","?","M","M","E","R","M","T","R","M","E","R","E","R","B",null,"M","$","?","M","?","R","E","R","T","M","R","$","?","M","R","B",null,"M","?","T","?","$","E","R","E","T","E","?","M","M","M","R","B",null,"R","$","E","B"],"character_chosen":"DEFECT","items_purchased":["Membership Card","Boot","Go for the Eyes","Gash","Poison Potion","Hello World","Conserve Battery","Frozen Egg 2","Heatsinks+1","Steam","Turbo","Finesse","Static Discharge+1","OrangePellets","Lantern"],"campfire_rested":1,"item_purchase_floors":[19,19,19,19,19,29,29,39,39,39,39,39,53,53,53],"current_hp_per_floor":[64,57,39,39,38,29,29,29,29,29,16,16,52,52,52,31,61,61,61,61,66,66,66,59,59,59,58,58,58,58,58,58,65,70,70,70,70,67,67,67,67,67,67,67,67,67,67,67,67,63,66,66,66,52,0],"gold":27,"neow_bonus":"ONE_RANDOM_RARE_CARD","is_prod":false,"is_daily":false,"chose_seed":false,"campfire_upgraded":9,"win_rate":0,"timestamp":1551125789,"path_taken":["M","M","?","M","M","E","R","M","T","R","M","E","R","E","R","BOSS","M","$","?","M","?","R","E","R","T","?","R","$","?","?","R","BOSS","M","?","?","?","$","E","R","E","T","E","?","M","?","M","R","BOSS","R","$","E","BOSS"],"build_version":"2019-01-23","purchased_purges":2,"victory":false,"max_hp_per_floor":[71,71,71,71,71,71,71,71,71,71,71,71,71,71,71,71,71,71,71,71,71,71,71,71,71,71,71,71,71,71,71,71,71,71,71,71,71,67,67,67,67,67,67,67,67,67,67,67,67,67,67,67,67,67,67],"card_choices":[{"not_picked":["Conserve Battery","Heatsinks"],"picked":"Beam Cell","floor":1},{"not_picked":["Reinforced Body","Glacier"],"picked":"Cold Snap","floor":2},{"not_picked":["Redo","Stack"],"picked":"Steam","floor":4},{"not_picked":["Rebound","Compile Driver"],"picked":"Conserve Battery","floor":5},{"not_picked":["Conserve Battery","Sweeping Beam"],"picked":"Go for the Eyes","floor":6},{"not_picked":["Barrage","Beam Cell"],"picked":"Buffer","floor":8},{"not_picked":["Coolheaded","White Noise"],"picked":"Chill","floor":11},{"not_picked":["Turbo","Undo"],"picked":"Defragment","floor":12},{"not_picked":["Reinforced Body","Go for the Eyes"],"picked":"Turbo","floor":13},{"not_picked":["Tempest","Redo"],"picked":"Coolheaded","floor":14},{"not_picked":["Buffer","Hyperbeam"],"picked":"Electrodynamics","floor":16},{"not_picked":["Hologram","Redo"],"picked":"Self Repair","floor":18},{"not_picked":["Hello World","Reprogram+1"],"picked":"Scrape","floor":21},{"not_picked":["Barrage","Ball Lightning"],"picked":"BootSequence","floor":24},{"not_picked":["Compile Driver","Barrage"],"picked":"Conserve Battery","floor":27},{"not_picked":["Capacitor","Compile Driver"],"picked":"Multi-Cast","floor":31},{"not_picked":["Seek","Hyperbeam"],"picked":"Core Surge","floor":33},{"not_picked":["Fusion","Redo"],"picked":"Loop","floor":35},{"not_picked":["Ball Lightning+1","Stack"],"picked":"Capacitor+1","floor":40},{"not_picked":["Coolheaded","Ball Lightning+1"],"picked":"Chaos+1","floor":42},{"not_picked":["BootSequence+1","Gash+1"],"picked":"Steam Power","floor":44},{"not_picked":["Steam Power","Coolheaded"],"picked":"All For One","floor":46},{"not_picked":["Go for the Eyes","Capacitor+1"],"picked":"Tempest","floor":47},{"not_picked":["Ball Lightning","Leap"],"picked":"Blizzard+1","floor":48},{"not_picked":["Capacitor+1","Streamline"],"picked":"Hologram","floor":54}],"player_experience":374397,"relics_obtained":[{"floor":6,"key":"Dream Catcher"},{"floor":9,"key":"Art of War"},{"floor":12,"key":"Regal Pillow"},{"floor":14,"key":"Omamori"},{"floor":24,"key":"Bronze Scales"},{"floor":26,"key":"Ice Cream"},{"floor":37,"key":"Old Coin"},{"floor":40,"key":"Nunchaku"},{"floor":42,"key":"Bottled Tornado"},{"floor":44,"key":"DataDisk"},{"floor":54,"key":"Happy Flower"}],"event_choices":[{"damage_healed":0,"gold_gain":0,"player_choice":"Success","damage_taken":18,"relics_obtained":["PreservedInsect"],"max_hp_gain":0,"max_hp_loss":0,"event_name":"Scrap Ooze","floor":3,"gold_loss":0},{"damage_healed":0,"gold_gain":50,"player_choice":"Stole From Cult","damage_taken":0,"max_hp_gain":0,"max_hp_loss":0,"event_name":"Nest","floor":20,"gold_loss":0},{"damage_healed":0,"gold_gain":0,"player_choice":"Forge","damage_taken":0,"max_hp_gain":0,"max_hp_loss":0,"event_name":"Accursed Blacksmith","floor":22,"gold_loss":0,"cards_upgraded":["Reboot"]},{"cards_removed":["Strike_B"],"damage_healed":0,"gold_gain":0,"player_choice":"Purged","damage_taken":0,"max_hp_gain":0,"max_hp_loss":0,"event_name":"Purifier","floor":30,"gold_loss":0},{"damage_healed":0,"gold_gain":0,"player_choice":"Paid","damage_taken":0,"relics_obtained":["Red Mask"],"max_hp_gain":0,"max_hp_loss":0,"event_name":"Tomb of Lord Red Mask","floor":36,"gold_loss":144},{"damage_healed":0,"gold_gain":0,"player_choice":"Max HP","damage_taken":0,"max_hp_gain":0,"max_hp_loss":4,"event_name":"Winding Halls","floor":38,"gold_loss":0},{"damage_healed":0,"gold_gain":0,"player_choice":"Got Potions","damage_taken":0,"max_hp_gain":0,"max_hp_loss":0,"event_name":"Lab","floor":45,"gold_loss":0}],"is_beta":false,"boss_relics":[{"not_picked":["Lizard Tail","Philosopher\u0027s Stone"],"picked":"Runic Pyramid"},{"not_picked":["Eternal Feather","Coffee Dripper"],"picked":"Astrolabe"}],"items_purged_floors":[19,29],"is_endless":false,"potions_floor_spawned":[5,6,12,21,27,33,35,44,47,54],"killed_by":"The Heart","ascension_level":15}