{"gold_per_floor":[112,124,142,157,181,181,214,214,265,282,300,334,3,17,17,94,94,105,118,130,145,0,0,28,28,55,66,66],"floor_reached":28,"playtime":1089,"items_purged":["Strike_B"],"score":508,"play_id":"f051d07d-557a-46e0-8d23-9969f4f31c89","local_time":"20190109165044","is_ascension_mode":true,"campfire_choices":[{"data":"Sweeping Beam","floor":6,"key":"SMITH"},{"data":"Go for the Eyes","floor":8,"key":"SMITH"},{"floor":15,"key":"REST"},{"data":"Loop","floor":23,"key":"SMITH"},{"data":"Seek","floor":25,"key":"SMITH"}],"neow_cost":"NONE","seed_source_timestamp":683636890445,"circlet_count":0,"master_deck":["AscendersBane","Strike_B","Strike_B","Strike_B","Defend_B+1","Defend_B","Defend_B+1","Defend_B","Zap","Dualcast","Sweeping Beam+1","FTL","Go for the Eyes+1","Auto Shields","Streamline","All For One","Conserve Battery","Seek+1","Cold Snap","Coolheaded","Genetic Algorithm+1","Loop+1","Beam Cell"],"relics":["Cracked Core","Pen Nib","Happy Flower","Centennial Puzzle","War Paint","Symbiotic Virus","Sling","Sozu","Art of War"],"potions_floor_usage":[7,7,12,24,28],"damage_taken":[{"damage":7,"enemies":"Cultist","floor":1,"turns":4},{"damage":0,"enemies":"Small Slimes","floor":2,"turns":3},{"damage":2,"enemies":"Jaw Worm","floor":3,"turns":3},{"damage":2,"enemies":"2 Fungi Beasts","floor":4,"turns":3},{"damage":8,"enemies":"Gremlin Nob","floor":7,"turns":4},{"damage":1,"enemies":"Exordium Thugs","floor":10,"turns":3},{"damage":0,"enemies":"Large Slime","floor":11,"turns":3},{"damage":20,"enemies":"3 Sentries","floor":12,"turns":5},{"damage":4,"enemies":"3 Louse","floor":14,"turns":2},{"damage":38,"enemies":"Slime Boss","floor":16,"turns":5},{"damage":0,"enemies":"3 Byrds","floor":18,"turns":4},{"damage":6,"enemies":"2 Thieves","floor":19,"turns":3},{"damage":8,"enemies":"Cultist and Chosen","floor":20,"turns":4},{"damage":0,"enemies":"Snecko","floor":21,"turns":3},{"damage":12,"enemies":"Slavers","floor":24,"turns":4},{"damage":7,"enemies":"Centurion and Healer","floor":27,"turns":7},{"damage":22,"enemies":"Snake Plant","floor":28,"turns":2}],"seed_played":"8522897232053190833","potions_obtained":[{"floor":1,"key":"Block Potion"},{"floor":2,"key":"FearPotion"},{"floor":7,"key":"Fire Potion"},{"floor":11,"key":"AttackPotion"},{"floor":16,"key":"Fire Potion"}],"is_trial":false,"path_per_floor":["M","M","M","M","T","R","E","R","T","M","M","E","$","M","R","B",null,"M","M","M","M","?","R","E","R","T","M","M"],"character_chosen":"DEFECT","items_purchased":["Sling","Conserve Battery"],"campfire_rested":1,"item_purchase_floors":[13,13],"current_hp_per_floor":[57,57,55,53,53,53,45,45,45,44,44,24,24,20,41,3,54,54,48,40,40,40,40,28,28,28,21,0],"gold":66,"neow_bonus":"RANDOM_COMMON_RELIC","is_prod":false,"is_daily":false,"chose_seed":false,"campfire_upgraded":4,"win_rate":0,"timestamp":1547070644,"path_taken":["M","M","M","M","?","R","E","R","T","?","M","E","?","M","R","BOSS","M","M","M","M","?","R","E","R","T","M","M"],"build_version":"2019-01-03v4","purchased_purges":1,"victory":false,"max_hp_per_floor":[71,71,71,71,71,71,71,71,71,71,71,71,71,71,71,71,71,71,71,71,71,71,71,71,71,71,71,71],"card_choices":[{"not_picked":["Loop","Fusion"],"picked":"Sweeping Beam","floor":1},{"not_picked":["Consume","Barrage"],"picked":"FTL","floor":2},{"not_picked":["Coolheaded","Chill"],"picked":"Go for the Eyes","floor":3},{"not_picked":["Genetic Algorithm","Barrage","Redo"],"picked":"SKIP","floor":4},{"not_picked":["Beam Cell","Chaos"],"picked":"Auto Shields","floor":7},{"not_picked":["Chill","Go for the Eyes"],"picked":"Streamline","floor":10},{"not_picked":["Go for the Eyes","Leap"],"picked":"All For One","floor":11},{"not_picked":["Blizzard","Scrape","Ball Lightning"],"picked":"SKIP","floor":12},{"not_picked":["Steam","Redo","Sweeping Beam"],"picked":"SKIP","floor":14},{"not_picked":["All For One","Fission"],"picked":"Seek","floor":16},{"not_picked":["Darkness","Redo"],"picked":"Cold Snap","floor":18},{"not_picked":["Heatsinks","Stack"],"picked":"Coolheaded","floor":19},{"not_picked":["Stack","Chaos"],"picked":"Genetic Algorithm+1","floor":20},{"not_picked":["Consume+1","Conserve Battery"],"picked":"Loop","floor":21},{"not_picked":["Doom and Gloom","Coolheaded","Sweeping Beam+1"],"picked":"SKIP","floor":24},{"not_picked":["Rebound","Ball Lightning"],"picked":"Beam Cell","floor":27}],"player_experience":1009818,"relics_obtained":[{"floor":5,"key":"Happy Flower"},{"floor":7,"key":"Centennial Puzzle"},{"floor":9,"key":"War Paint"},{"floor":12,"key":"Symbiotic Virus"},{"floor":24,"key":"Art of War"}],"event_choices":[{"damage_healed":0,"gold_gain":0,"player_choice":"Paid Fearfully","damage_taken":0,"max_hp_gain":0,"max_hp_loss":0,"event_name":"Masked Bandits","floor":22,"gold_loss":145}],"is_beta":false,"boss_relics":[{"not_picked":["Lizard Tail","Runic Dome"],"picked":"Sozu"}],"items_purged_floors":[13],"is_endless":false,"potions_floor_spawned":[1,2,7,11,16,18,19,27],"killed_by":"Snake Plant","ascension_level":20}