{"path_per_floor":["M","?","?","M","M","E","?","R","T","M","R","?","M","M","R","B",null,"M","M"],"character_chosen":"THE_SILENT","items_purchased":[],"gold_per_floor":[115,115,115,125,137,163,113,113,113,133,133,133,152,166,166,268,268,248,263],"floor_reached":20,"campfire_rested":2,"playtime":1105,"current_hp_per_floor":[69,69,62,62,58,16,16,37,37,35,35,23,23,11,32,18,59,49,17],"items_purged":[],"gold":263,"score":220,"play_id":"53629763-f9b0-46f5-b27b-25fe3560b0b2","is_prod":false,"is_daily":false,"is_ascension_mode":true,"campfire_upgraded":1,"path_taken":["M","?","?","?","M","E","?","R","T","M","R","?","M","M","R","BOSS","M","?","M"],"build_version":"2018-02-15-PROD1","purchased_purges":0,"victory":false,"master_deck":["Defend_G","Defend_G","Defend_G","Defend_G","Strike_G","Strike_G","Strike_G","Strike_G","Survivor+1","Neutralize+1","Setup","Infinite Blades","Phantasmal Killer","Slice","Well Laid Plans","Poisoned Stab","Caltrops+1"],"max_hp_per_floor":[70,70,70,70,70,70,70,70,70,70,70,70,70,70,70,72,72,74,74],"relics":["Ring of the Snake","Bag of Preparation","Sundial","Singing Bowl","Snecko Eye"],"card_choices":[{"not_picked":["Sucker Punch","All Out Attack"],"picked":"Setup"},{"not_picked":["Underhanded Strike","Deadly Poison"],"picked":"Infinite Blades"},{"not_picked":["Calculated Gamble","Sucker Punch"],"picked":"Phantasmal Killer"},{"not_picked":["Dodge and Roll","Setup"],"picked":"Slice"},{"not_picked":["Deadly Poison","Dagger Spray"],"picked":"Well Laid Plans"},{"not_picked":["Deflect","Quick Slash"],"picked":"Poisoned Stab"},{"not_picked":["Deflect","Slice"],"picked":"Caltrops"}],"player_experience":187679,"potions_floor_usage":[6,14,16],"damage_taken":[{"damage":1,"enemies":"Jaw Worm","floor":1,"turns":5},{"damage":0,"enemies":"2 Louse","floor":4,"turns":4},{"damage":4,"enemies":"Small Slimes","floor":5,"turns":5},{"damage":42,"enemies":"Gremlin Nob","floor":6,"turns":5},{"damage":2,"enemies":"2 Fungi Beasts","floor":10,"turns":4},{"damage":0,"enemies":"Exordium Wildlife","floor":13,"turns":3},{"damage":12,"enemies":"Exordium Thugs","floor":14,"turns":6},{"damage":16,"enemies":"Slime Boss","floor":16,"turns":11},{"damage":12,"enemies":"2 Thieves","floor":18,"turns":4},{"damage":32,"enemies":"Spheric Guardian","floor":19,"turns":6},{"damage":19,"enemies":"Centurion and Healer","floor":20,"turns":5}],"event_choices":[{"event_name":"Living Wall","player_choice":"Grow","floor":2,"damage_taken":0},{"event_name":"Golden Wing","player_choice":"Card Removal","floor":3,"damage_taken":0},{"event_name":"The Cleric","player_choice":"Card Removal","floor":7,"damage_taken":0},{"event_name":"Scrap Ooze","player_choice":"success","floor":12,"damage_taken":12}],"boss_relics":[{"not_picked":["Orrery","Astrolabe"],"picked":"Snecko Eye"}],"potions_floor_spawned":[5,6,10,19],"seed_played":"7472079961856135225","killed_by":"Centurion and Healer","ascension_level":5,"is_trial":false}