{"gold_per_floor":[113,126,53,53,71,71,105,105,105,105,124,139,155,113,113,113],"floor_reached":16,"playtime":506,"items_purged":[],"score":138,"play_id":"928a3707-4d0e-4b15-a36c-6b8a29245f00","local_time":"20190123085334","is_ascension_mode":true,"campfire_choices":[{"data":"Chill","floor":6,"key":"SMITH"},{"data":"Zap","floor":8,"key":"SMITH"},{"data":"Hologram","floor":10,"key":"SMITH"},{"floor":15,"key":"REST"}],"neow_cost":"NONE","seed_source_timestamp":487978194949084,"circlet_count":0,"master_deck":["Strike_B","Strike_B","Defend_B","Defend_B","Defend_B","Zap+1","Dualcast","Conserve Battery","Ball Lightning","Hologram+1","Beam Cell","Chill+1","Ball Lightning","Steam"],"relics":["Empty Cage","Shuriken","Singing Bowl"],"potions_floor_usage":[],"damage_taken":[{"damage":0,"enemies":"Cultist","floor":1,"turns":4},{"damage":0,"enemies":"2 Louse","floor":2,"turns":3},{"damage":0,"enemies":"Jaw Worm","floor":5,"turns":3},{"damage":18,"enemies":"Gremlin Nob","floor":7,"turns":4},{"damage":4,"enemies":"Exordium Wildlife","floor":11,"turns":3},{"damage":5,"enemies":"Blue Slaver","floor":12,"turns":3},{"damage":11,"enemies":"Exordium Thugs","floor":13,"turns":4},{"damage":36,"enemies":"Slime Boss","floor":16,"turns":8}],"seed_played":"-9069425748494272572","potions_obtained":[{"floor":5,"key":"FearPotion"},{"floor":11,"key":"Poison Potion"},{"floor":13,"key":"Swift Potion"}],"is_trial":false,"path_per_floor":["M","M","$","?","M","R","E","R","T","R","M","M","M","?","R","B"],"character_chosen":"DEFECT","items_purchased":["Hologram","Beam Cell"],"campfire_rested":1,"item_purchase_floors":[3,3],"current_hp_per_floor":[68,68,68,61,61,61,43,43,43,43,39,34,25,25,48,12],"gold":113,"neow_bonus":"BOSS_RELIC","is_prod":false,"is_daily":false,"chose_seed":false,"campfire_upgraded":3,"win_rate":0,"timestamp":1548251614,"path_taken":["M","?","?","?","M","R","E","R","T","R","M","M","M","?","R","BOSS"],"build_version":"2019-01-17v2","purchased_purges":0,"victory":false,"max_hp_per_floor":[75,75,75,75,75,75,75,75,75,75,75,75,77,77,77,77],"card_choices":[{"not_picked":["Tempest","Turbo"],"picked":"Conserve Battery","floor":1},{"not_picked":["Steam Power","Rebound"],"picked":"Ball Lightning","floor":2},{"not_picked":["Fusion","Hologram"],"picked":"Chill","floor":5},{"not_picked":["Storm","Lockon","Meteor Strike"],"picked":"SKIP","floor":7},{"not_picked":["Loop","Rebound"],"picked":"Ball Lightning","floor":11},{"not_picked":["Skim","Scrape"],"picked":"Steam","floor":12},{"not_picked":["Sweeping Beam","Chill","Streamline"],"picked":"Singing Bowl","floor":13}],"player_experience":219189,"relics_obtained":[{"floor":7,"key":"Shuriken"},{"floor":9,"key":"Singing Bowl"}],"event_choices":[{"cards_removed":["Strike_B"],"damage_healed":0,"gold_gain":0,"player_choice":"Card Removal","damage_taken":7,"max_hp_gain":0,"max_hp_loss":0,"event_name":"Golden Wing","floor":4,"gold_loss":0},{"damage_healed":0,"gold_gain":0,"player_choice":"Left Gold","damage_taken":0,"max_hp_gain":0,"max_hp_loss":0,"event_name":"World of Goop","floor":14,"gold_loss":42}],"is_beta":false,"boss_relics":[],"items_purged_floors":[],"is_endless":false,"potions_floor_spawned":[5,11,13],"killed_by":"Slime Boss","ascension_level":7}