{"gold_per_floor":[116,116,41,0,18,45,45,62,87,97,116,116,43,75,75,177,177,189,189,36,51,64,75,75,75,75,75,88,88],"floor_reached":29,"playtime":3393,"items_purged":["Defend_G","Strike_G"],"score":235,"play_id":"beba76fc-4e92-4edd-bc69-c64b6cae53ee","local_time":"20180705141234","is_ascension_mode":false,"campfire_choices":[{"floor":7,"key":"REST"},{"data":"Neutralize","floor":15,"key":"SMITH"},{"floor":24,"key":"REST"}],"neow_cost":"NONE","seed_source_timestamp":37739263352450,"circlet_count":0,"master_deck":["Defend_G","Defend_G+1","Survivor","Neutralize+1","Footwork","Noxious Fumes","Deadly Poison+1","Backstab","Noxious Fumes","Well Laid Plans","Grand Finale","Bane+1","Choke+1","Noxious Fumes+1","Heel Hook","Bane","Prepared","Backstab","Escape Plan+1"],"relics":["Ring of the Snake","Boot","War Paint","Orichalcum","Astrolabe","Blood Vial"],"potions_floor_usage":[16,21,23,23],"damage_taken":[{"damage":8,"enemies":"Small Slimes","floor":1,"turns":7},{"damage":2,"enemies":"Cultist","floor":5,"turns":4},{"damage":25,"enemies":"3 Sentries","floor":6,"turns":7},{"damage":1,"enemies":"Jaw Worm","floor":8,"turns":4},{"damage":0,"enemies":"Looter","floor":10,"turns":3},{"damage":3,"enemies":"Lots of Slimes","floor":11,"turns":4},{"damage":4,"enemies":"Gremlin Nob","floor":14,"turns":4},{"damage":2,"enemies":"The Guardian","floor":16,"turns":8},{"damage":0,"enemies":"3 Byrds","floor":18,"turns":4},{"damage":9,"enemies":"2 Thieves","floor":21,"turns":4},{"damage":8,"enemies":"Cultist and Chosen","floor":22,"turns":6},{"damage":14,"enemies":"Snake Plant","floor":23,"turns":2},{"damage":32,"enemies":"Slaver and Parasite","floor":28,"turns":4},{"damage":36,"enemies":"Slavers","floor":29,"turns":3}],"seed_played":"6818663096738056783","potions_obtained":[{"floor":8,"key":"LiquidBronze"},{"floor":10,"key":"SteroidPotion"},{"floor":11,"key":"Block Potion"},{"floor":18,"key":"LiquidBronze"},{"floor":22,"key":"Poison Potion"}],"is_trial":false,"path_per_floor":["M","?","$","$","M","E","R","M","T","M","M","?","$","E","R","B",null,"M","?","$","M","M","M","R","?","T","?","M"],"character_chosen":"THE_SILENT","items_purchased":["Noxious Fumes","Noxious Fumes","Bane"],"campfire_rested":2,"item_purchase_floors":[4,13,20],"current_hp_per_floor":[62,62,62,62,60,35,56,55,55,55,52,52,52,48,48,46,70,70,63,63,54,46,32,53,53,53,53,23,0],"gold":88,"neow_bonus":"TRANSFORM_CARD","is_prod":false,"is_daily":false,"chose_seed":false,"campfire_upgraded":1,"win_rate":0,"timestamp":1530796354,"path_taken":["M","?","?","$","M","E","R","M","T","M","M","?","$","E","R","BOSS","M","?","$","?","M","M","R","?","T","?","M","E"],"build_version":"2018-06-28","purchased_purges":2,"victory":false,"max_hp_per_floor":[70,70,70,70,70,70,70,70,70,70,70,70,70,70,70,70,70,70,70,70,70,70,70,70,70,70,70,70,70],"card_choices":[{"not_picked":["Flying Knee","PiercingWail","Sucker Punch"],"picked":"SKIP","floor":1},{"not_picked":["Concentrate","Deflect"],"picked":"Deadly Poison","floor":5},{"not_picked":["A Thousand Cuts","Choke"],"picked":"Backstab","floor":6},{"not_picked":["Skewer","Slice","Deflect"],"picked":"SKIP","floor":8},{"not_picked":["Quick Slash","Choke","Crippling Poison"],"picked":"SKIP","floor":10},{"not_picked":["Slice","Skewer","Underhanded Strike"],"picked":"SKIP","floor":11},{"not_picked":["Bullet Time","Flying Knee"],"picked":"Well Laid Plans","floor":14},{"not_picked":["Night Terror","Wraith Form v2"],"picked":"Grand Finale","floor":16},{"not_picked":["Quick Slash","Eviscerate+1"],"picked":"Heel Hook","floor":18},{"not_picked":["Poisoned Stab","Deadly Poison"],"picked":"Prepared","floor":21},{"not_picked":["Endless Agony","Cloak And Dagger"],"picked":"Backstab","floor":22},{"not_picked":["Crippling Poison","Footwork"],"picked":"Escape Plan+1","floor":23},{"not_picked":["Slice","Dodge and Roll","All Out Attack"],"picked":"SKIP","floor":28}],"player_experience":246634,"relics_obtained":[{"floor":6,"key":"Boot"},{"floor":9,"key":"War Paint"},{"floor":14,"key":"Orichalcum"},{"floor":26,"key":"Blood Vial"}],"event_choices":[{"event_name":"Purifier","player_choice":"One Purge","floor":2,"damage_taken":0},{"event_name":"Wheel of Change","player_choice":"Card Removal","floor":12,"damage_taken":0},{"event_name":"Wheel of Change","player_choice":"Damage","floor":19,"damage_taken":0},{"event_name":"Addict","player_choice":"Ignored","floor":25,"damage_taken":0},{"event_name":"Drug Dealer","player_choice":"Ignored","floor":27,"damage_taken":0}],"boss_relics":[{"not_picked":["Pandora\u0027s Box","Calling Bell"],"picked":"Astrolabe"}],"items_purged_floors":[3,20],"is_endless":false,"potions_floor_spawned":[8,10,11,18,22],"killed_by":"Slavers","ascension_level":0}