{"gold_per_floor":[144,189,241,241,241,331,331,376,376,376,466,416,77,122,122,422,422,467,467,512,106,106,196,196,241,266,266,356,356,401,446,446,746,746,791,836,25,70,70,70,160,160,210,267,279,291,348,450,462,474],"floor_reached":51,"playtime":2252,"items_purged":[],"score":903,"play_id":"1c07249c-f118-4194-a9ce-a668bd71b09a","local_time":"20180808235947","daily_mods":["Insanity","Midas","Lethality"],"is_ascension_mode":false,"campfire_choices":[{"floor":7,"key":"REST"},{"floor":15,"key":"REST"},{"floor":24,"key":"REST"},{"floor":29,"key":"REST"},{"floor":32,"key":"REST"},{"floor":40,"key":"REST"},{"floor":46,"key":"REST"},{"floor":49,"key":"REST"}],"neow_cost":"","seed_source_timestamp":0,"circlet_count":0,"master_deck":["Compile Driver","White Noise","Dualcast","Recycle","Loop","Cold Snap","Chill","Turbo","Cold Snap+1","Glacier","Rainbow+1","Chill","Steam Power","Self Repair","Barrage","Force Field","Consume","Undo","Steam","Redo","Blizzard","Amplify","Sunder","Recycle","Defend_B","Reinforced Body","Fission","Steam","Go for the Eyes","Stack","Skim","Heatsinks","Melter","Hyperbeam","Undo","White Noise","Aggregate","Creative AI","Barrage","Lockon","Doom and Gloom","Turbo","Coolheaded","Leap","Scrape","Ball Lightning","Doom and Gloom","Steam Power","FTL","Loop","Undo","Coolheaded","Stack","Bandage Up","Core Surge","Self Repair+1","Conserve Battery+1","All For One","Fusion+1","Compile Driver+1","Chill+1","Double Energy+1","Meteor Strike+1","Hologram+1","Force Field+1","Enlightenment+1","Sweeping Beam+1","Panache","Madness+1","Barrage+1","Echo Form","Skim+1","Barrage+1"],"special_seed":17752,"relics":["FrozenCore","Regal Pillow","DataDisk","Pantograph","Bronze Scales","Mummified Hand","Fusion Hammer","Dodecahedron","Toxic Egg 2","Lantern","Enchiridion","Omamori","Molten Egg 2","Toolbox","Strawberry","Cables","Bird Faced Urn","MawBank","The Courier"],"potions_floor_usage":[6,11,16,18,20,28,28,41,50,50],"damage_taken":[{"damage":10,"enemies":"Jaw Worm","floor":1,"turns":2},{"damage":0,"enemies":"Small Slimes","floor":2,"turns":2},{"damage":15,"enemies":"Gremlin Nob","floor":6,"turns":3},{"damage":0,"enemies":"Cultist","floor":8,"turns":3},{"damage":8,"enemies":"3 Sentries","floor":11,"turns":4},{"damage":1,"enemies":"Lots of Slimes","floor":14,"turns":2},{"damage":61,"enemies":"Hexaghost","floor":16,"turns":8},{"damage":0,"enemies":"3 Byrds","floor":18,"turns":3},{"damage":0,"enemies":"2 Thieves","floor":20,"turns":3},{"damage":34,"enemies":"Gremlin Leader","floor":23,"turns":5},{"damage":10,"enemies":"3 Cultists","floor":25,"turns":4},{"damage":26,"enemies":"Slavers","floor":28,"turns":4},{"damage":0,"enemies":"Snake Plant","floor":30,"turns":2},{"damage":6,"enemies":"Slaver and Parasite","floor":31,"turns":4},{"damage":55,"enemies":"Automaton","floor":33,"turns":8},{"damage":0,"enemies":"Flame Bruiser 1 Orb","floor":35,"turns":6},{"damage":5,"enemies":"Orb Walker","floor":36,"turns":3},{"damage":0,"enemies":"4 Shapes","floor":38,"turns":7},{"damage":22,"enemies":"2 Orb Walkers","floor":41,"turns":5},{"damage":18,"floor":42,"turns":6},{"damage":13,"enemies":"Maw","floor":44,"turns":8},{"damage":2,"enemies":"Spire Growth","floor":47,"turns":4},{"damage":0,"enemies":"Giant Head","floor":48,"turns":8},{"damage":10,"enemies":"Donu and Deca","floor":50,"turns":6}],"seed_played":"-5890948259059833138","potions_obtained":[{"floor":2,"key":"Fire Potion"},{"floor":4,"key":"Dexterity Potion"},{"floor":4,"key":"Fruit Juice"},{"floor":6,"key":"Explosive Potion"},{"floor":14,"key":"SteroidPotion"},{"floor":18,"key":"FocusPotion"},{"floor":23,"key":"Fire Potion"},{"floor":33,"key":"SpeedPotion"},{"floor":35,"key":"Fire Potion"},{"floor":36,"key":"LiquidBronze"},{"floor":42,"key":"Poison Potion"},{"floor":47,"key":"FocusPotion"}],"is_trial":false,"path_per_floor":["M","M","?","?","?","E","R","M","T","?","E","?","$","M","R","B",null,"M","?","M","$","?","E","R","M","T","?","E","R","M","M","R","B",null,"M","M","$","M","?","R","E","?","T","M","?","R","M","E","R","B"],"character_chosen":"DEFECT","items_purchased":["Mummified Hand","Bandage Up","All For One","Dodecahedron","Molten Egg 2","Toolbox","Enlightenment+1","Strawberry"],"campfire_rested":8,"item_purchase_floors":[13,13,21,21,37,37,37,37],"current_hp_per_floor":[65,65,65,65,65,55,80,80,80,64,56,56,56,59,80,30,80,80,80,80,80,80,60,80,80,80,64,48,80,80,80,80,46,80,80,80,87,87,77,87,72,87,87,83,83,87,87,87,87,87],"gold":486,"neow_bonus":"","is_prod":false,"is_daily":true,"chose_seed":false,"campfire_upgraded":0,"win_rate":0,"timestamp":1533787187,"path_taken":["M","M","?","?","?","E","R","M","T","?","E","?","$","M","R","BOSS","M","?","M","$","?","E","R","M","T","?","E","R","?","M","R","BOSS","M","M","$","M","?","R","E","?","T","M","?","R","M","E","R","BOSS"],"build_version":"2018-08-02","purchased_purges":0,"victory":true,"max_hp_per_floor":[75,75,75,75,75,80,80,80,80,80,80,80,80,80,80,80,80,80,80,80,80,80,80,80,80,80,80,80,80,80,80,80,80,80,80,80,87,87,87,87,87,87,87,87,87,87,87,87,87,87],"card_choices":[{"not_picked":["Gash","Hologram"],"picked":"FTL","floor":1},{"not_picked":["Hologram","Tempest"],"picked":"Loop","floor":2},{"not_picked":["Gash","Consume"],"picked":"Undo","floor":6},{"not_picked":["Beam Cell","Hyperbeam"],"picked":"Coolheaded","floor":8},{"not_picked":["Compile Driver","Steam Power"],"picked":"Stack","floor":11},{"not_picked":["Double Energy","Streamline","Steam"],"picked":"SKIP","floor":14},{"not_picked":["Amplify","Machine Learning"],"picked":"Core Surge","floor":16},{"not_picked":["Stack","FTL"],"picked":"Self Repair+1","floor":18},{"not_picked":["Chill","Consume"],"picked":"Conserve Battery+1","floor":20},{"not_picked":["Coolheaded","Melter+1"],"picked":"Fusion","floor":23},{"not_picked":["Barrage","Steam+1"],"picked":"Compile Driver+1","floor":25},{"not_picked":["Reprogram+1","Blizzard+1"],"picked":"Chill+1","floor":28},{"not_picked":["Heatsinks+1","Conserve Battery+1"],"picked":"Double Energy+1","floor":30},{"not_picked":["Conserve Battery+1","Double Energy+1","Ball Lightning"],"picked":"SKIP","floor":31},{"not_picked":["Core Surge","Machine Learning"],"picked":"Meteor Strike","floor":33},{"not_picked":["Scrape+1","Rip and Tear+1"],"picked":"Hologram+1","floor":35},{"not_picked":["Rebound+1","Capacitor"],"picked":"Force Field+1","floor":36},{"not_picked":["Melter+1","Chill+1"],"picked":"Sweeping Beam+1","floor":38},{"not_picked":["Deep Breath+1","Thinking Ahead+1"],"picked":"Panache","floor":39},{"not_picked":["Dramatic Entrance+1","Thinking Ahead+1"],"picked":"Madness+1","floor":39},{"not_picked":["Sweeping Beam+1","Go for the Eyes+1"],"picked":"Barrage+1","floor":41},{"not_picked":["Steam Power+1","Go for the Eyes+1"],"picked":"Echo Form","floor":42},{"not_picked":["Recycle+1","Ball Lightning+1","Go for the Eyes+1"],"picked":"SKIP","floor":44},{"not_picked":["Doom and Gloom+1","Conserve Battery+1"],"picked":"Skim+1","floor":47},{"not_picked":["Sweeping Beam+1","Capacitor"],"picked":"Barrage+1","floor":48}],"player_experience":561762,"relics_obtained":[{"floor":6,"key":"DataDisk"},{"floor":9,"key":"Pantograph"},{"floor":11,"key":"Bronze Scales"},{"floor":23,"key":"Toxic Egg 2"},{"floor":26,"key":"Lantern"},{"floor":27,"key":"Enchiridion"},{"floor":28,"key":"Omamori"},{"floor":41,"key":"Cables"},{"floor":42,"key":"Bird Faced Urn"},{"floor":43,"key":"MawBank"},{"floor":48,"key":"The Courier"}],"event_choices":[{"event_name":"Golden Wing","player_choice":"Gained Gold","floor":3,"damage_taken":0},{"event_name":"The Lab","player_choice":"Got Potions","floor":4,"damage_taken":0},{"event_name":"Accursed Blacksmith","player_choice":"Rummage","floor":5,"damage_taken":0},{"event_name":"Shining Light","player_choice":"Entered Light","floor":10,"damage_taken":0},{"event_name":"The Cleric","player_choice":"Card Removal","floor":12,"damage_taken":0},{"event_name":"Purifier","player_choice":"One Purge","floor":19,"damage_taken":0},{"event_name":"Ghosts","player_choice":"Ignored","floor":22,"damage_taken":0},{"event_name":"Cursed Tome","player_choice":"Obtained Book","floor":27,"damage_taken":0},{"event_name":"SensoryStone","player_choice":"Memory 3","floor":39,"damage_taken":0},{"event_name":"MindBloom","player_choice":"Fight","floor":42,"damage_taken":0},{"event_name":"Upgrade Shrine","player_choice":"Upgraded","floor":45,"damage_taken":0}],"is_beta":false,"boss_relics":[{"not_picked":["Runic Dome","Cursed Key"],"picked":"Fusion Hammer"},{"not_picked":["Snecko Eye","Orrery"],"picked":"FrozenCore"}],"items_purged_floors":[],"is_endless":false,"potions_floor_spawned":[2,6,14,18,23,33,35,36,42,47],"ascension_level":0}