{"path_per_floor":["M","?","M","$","M","E","R","E","T","M","M","R","M","M","R","B",null,"M","?","M","M","?","R","E","R","T","M","?","M","$","M","R"],"character_chosen":"THE_SILENT","items_purchased":["Footwork"],"gold_per_floor":[99,99,99,21,21,21,21,21,21,21,21,21,21,21,21,21,21,21,21,21,21,21,21,21,21,21,21,21,21,21,21,21],"floor_reached":33,"campfire_rested":3,"playtime":3173,"current_hp_per_floor":[70,56,56,56,56,43,43,41,41,41,41,41,41,34,55,54,70,68,68,42,13,13,34,22,22,22,22,22,20,20,20,41],"items_purged":[],"gold":21,"play_id":"5109b47f-1194-4e81-b5e2-e7eb1507b7f3","is_prod":false,"is_daily":false,"is_ascension_mode":false,"campfire_upgraded":3,"path_taken":["M","?","M","$","M","E","R","E","T","M","M","R","M","?","R","BOSS","M","?","M","M","?","R","E","R","T","?","?","M","$","M","R","BOSS"],"build_version":"2018-01-25-PROD3","purchased_purges":0,"victory":false,"master_deck":["Defend_G","Defend_G","Defend_G","Defend_G","Defend_G+1","Strike_G","Strike_G","Strike_G","Strike_G","Strike_G+1","Survivor","Neutralize","Infinite Blades","Skewer+1","Footwork+1","Backflip","Infinite Blades+1","Acrobatics","Well Laid Plans+1","Outmaneuver","Venomology","Phantasmal Killer","Footwork","Dagger Throw","Prepared+1","Tools of the Trade"],"max_hp_per_floor":[70,70,70,70,70,70,70,70,70,70,70,70,70,70,70,70,70,70,70,70,70,70,70,70,70,70,70,70,70,70,70,70],"relics":["Ectoplasm","Snake Skull","Sundial","Darkstone Periapt","Velvet Choker","Gambling Chip","Torii"],"card_choices":[{"not_picked":["Prepared","Outmaneuver"],"picked":"Infinite Blades"},{"not_picked":["Dagger Throw","Slice"],"picked":"Skewer"},{"not_picked":["Endless Agony","Well Laid Plans"],"picked":"Backflip"},{"not_picked":["Caltrops","Calculated Gamble"],"picked":"Infinite Blades"},{"not_picked":["Flying Knee","Masterful Stab"],"picked":"Acrobatics"},{"not_picked":["Deflect","Prepared"],"picked":"Well Laid Plans"},{"not_picked":["Sucker Punch","Riddle With Holes"],"picked":"Outmaneuver"},{"not_picked":["Outmaneuver","Dodge and Roll"],"picked":"Venomology"},{"not_picked":["Glass Knife","Adrenaline"],"picked":"Phantasmal Killer"},{"not_picked":["Dodge and Roll","Riddle With Holes"],"picked":"Footwork"},{"not_picked":["Outmaneuver","Caltrops"],"picked":"Dagger Throw"},{"not_picked":["PiercingWail","Sucker Punch"],"picked":"Prepared"},{"not_picked":["Outmaneuver","Backstab"],"picked":"Tools of the Trade"}],"player_experience":80065,"potions_floor_usage":[6,16,16,16,18,20,24,29,33,33],"damage_taken":[{"damage":0,"enemies":"2 Louse","floor":1,"turns":2},{"damage":0,"enemies":"Small Slimes","floor":3,"turns":5},{"damage":0,"enemies":"Jaw Worm","floor":5,"turns":3},{"damage":13,"enemies":"Gremlin Nob","floor":6,"turns":4},{"damage":2,"enemies":"Lagavulin","floor":8,"turns":7},{"damage":0,"enemies":"Red Slaver","floor":10,"turns":4},{"damage":0,"enemies":"3 Louse","floor":11,"turns":4},{"damage":0,"enemies":"Exordium Thugs","floor":13,"turns":4},{"damage":7,"enemies":"2 Fungi Beasts","floor":14,"turns":3},{"damage":16,"enemies":"The Guardian","floor":16,"turns":8},{"damage":2,"enemies":"Spheric Guardian","floor":18,"turns":3},{"damage":26,"enemies":"Chosen","floor":20,"turns":6},{"damage":29,"enemies":"Snake Plant","floor":21,"turns":4},{"damage":12,"enemies":"Book of Stabbing","floor":24,"turns":6},{"damage":0,"enemies":"Centurion and Healer","floor":27,"turns":6},{"damage":2,"enemies":"Chosen and Byrds","floor":29,"turns":7},{"damage":0,"enemies":"Snecko","floor":31,"turns":3},{"damage":51,"enemies":"Champ","floor":33,"turns":9}],"event_choices":[{"event_name":"Shining Light","player_choice":"Entered Light","floor":2,"damage_taken":0},{"event_name":"Addict","player_choice":"Ignored","floor":19,"damage_taken":0},{"event_name":"Beggar","player_choice":"Ignored","floor":22,"damage_taken":0},{"event_name":"Upgrade Shrine","player_choice":"Upgraded","floor":28,"damage_taken":0}],"boss_relics":[{"not_picked":["Runic Pyramid","Philosopher\u0027s Stone"],"picked":"Velvet Choker"}],"potions_floor_spawned":[3,10,13,14,18,27,31],"seed_played":"-138827317638480085","killed_by":"Champ","ascension_level":0,"is_trial":false}