{"gold_per_floor":[113,113,129,145,160,187,198,198,198,198,223,242,254,309,309,406,406,426,426,479,498,498,498,524,524,551,651,651,662,250,260,260,364,414,429,14,0,47,67,67,78,78,129,79,111,126,52,72,72,72],"floor_reached":50,"playtime":2854,"items_purged":["Strike_B","Strike_B"],"score":542,"play_id":"b22c4b2d-6af4-4233-b92a-22f8d8e34cd7","local_time":"20190115114304","is_ascension_mode":false,"campfire_choices":[{"data":"Sunder","floor":10,"key":"SMITH"},{"data":"Fusion","floor":15,"key":"SMITH"},{"data":"Chill","floor":23,"key":"SMITH"},{"floor":25,"key":"REST"},{"data":"White Noise","floor":28,"key":"SMITH"},{"data":"Double Energy","floor":32,"key":"SMITH"},{"data":"Electrodynamics","floor":40,"key":"SMITH"},{"floor":42,"key":"REST"},{"floor":49,"key":"REST"}],"neow_cost":"NONE","seed_source_timestamp":494070052976308,"circlet_count":0,"master_deck":["Strike_B","Strike_B+1","Defend_B","Defend_B","Defend_B","Defend_B","Zap","Dualcast","Ball Lightning","Barrage","Sunder+1","Sweeping Beam+1","Chill+1","Reinforced Body","Parasite","White Noise+1","Fusion+1","Steam","Electrodynamics+1","Beam Cell+1","Double Energy+1","Thunder Strike","Ball Lightning+1","Melter","Meteor Strike","Tempest","Sweeping Beam+1","Multi-Cast+1","Steam+1","Defragment+1","Compile Driver","Master of Strategy","Aggregate","Steam+1","Conserve Battery+1","Tempest+1"],"relics":["Cracked Core","Darkstone Periapt","Mercury Hourglass","Happy Flower","Letter Opener","Nuclear Battery","Whetstone","Question Card","Potion Belt","PreservedInsect","Tiny House","Membership Card","Gremlin Horn","Red Mask","Du-Vu Doll","Pen Nib","Bag of Preparation","Lantern"],"potions_floor_usage":[16,16,21,33,38,38,38,41,50],"damage_taken":[{"damage":3,"enemies":"Jaw Worm","floor":1,"turns":4},{"damage":0,"enemies":"Small Slimes","floor":3,"turns":3},{"damage":5,"enemies":"2 Louse","floor":4,"turns":3},{"damage":7,"enemies":"Exordium Thugs","floor":5,"turns":4},{"damage":21,"enemies":"3 Sentries","floor":6,"turns":6},{"damage":2,"enemies":"Blue Slaver","floor":7,"turns":3},{"damage":0,"enemies":"Large Slime","floor":12,"turns":4},{"damage":0,"enemies":"Red Slaver","floor":13,"turns":2},{"damage":5,"enemies":"3 Sentries","floor":14,"turns":4},{"damage":8,"enemies":"Hexaghost","floor":16,"turns":7},{"damage":5,"enemies":"Chosen","floor":18,"turns":3},{"damage":15,"enemies":"3 Byrds","floor":21,"turns":2},{"damage":8,"enemies":"Gremlin Leader","floor":24,"turns":6},{"damage":12,"enemies":"3 Cultists","floor":29,"turns":4},{"damage":0,"enemies":"Snake Plant","floor":31,"turns":3},{"damage":24,"enemies":"Automaton","floor":33,"turns":8},{"damage":20,"enemies":"Orb Walker","floor":35,"turns":3},{"damage":0,"enemies":"2 Orb Walkers","floor":38,"turns":3},{"damage":0,"enemies":"3 Darklings","floor":39,"turns":3},{"damage":31,"enemies":"Spire Growth","floor":41,"turns":4},{"damage":28,"enemies":"Giant Head","floor":45,"turns":6},{"damage":2,"enemies":"Jaw Worm Horde","floor":46,"turns":2},{"damage":0,"enemies":"3 Darklings","floor":48,"turns":3},{"damage":89,"enemies":"Time Eater","floor":50,"turns":9}],"seed_played":"-5676788637289112379","potions_obtained":[{"floor":3,"key":"SkillPotion"},{"floor":12,"key":"PowerPotion"},{"floor":13,"key":"LiquidBronze"},{"floor":31,"key":"GamblersBrew"},{"floor":33,"key":"GamblersBrew"},{"floor":34,"key":"PowerPotion"},{"floor":35,"key":"Block Potion"},{"floor":39,"key":"Poison Potion"},{"floor":41,"key":"Explosive Potion"},{"floor":46,"key":"Poison Potion"}],"is_trial":false,"path_per_floor":["M","?","M","M","M","E","M","?","T","R","T","M","M","?","R","B",null,"M","?","T","M","?","R","E","R","T","?","R","M","$","M","R","B",null,"M","$","?","?","M","R","M","R","T","$","E","M","$","M","R","B"],"character_chosen":"DEFECT","items_purchased":["PreservedInsect","Meteor Strike","Tempest","Membership Card","Gremlin Horn","Compile Driver","Master of Strategy","Lantern"],"campfire_rested":3,"item_purchase_floors":[30,30,30,36,36,36,36,47],"current_hp_per_floor":[79,84,84,79,72,51,49,76,76,76,76,76,76,71,71,63,93,88,88,88,73,73,73,65,92,92,92,92,80,80,80,80,56,98,78,78,78,78,78,78,47,76,76,76,48,46,46,46,75,0],"gold":72,"neow_bonus":"TEN_PERCENT_HP_BONUS","is_prod":false,"is_daily":false,"chose_seed":false,"campfire_upgraded":6,"win_rate":0.0,"timestamp":1547570584,"path_taken":["M","?","M","M","M","E","M","?","T","R","?","M","M","?","R","BOSS","M","?","?","M","?","R","E","R","T","?","R","?","$","M","R","BOSS","M","$","?","?","?","R","M","R","T","$","E","M","$","M","R","BOSS"],"build_version":"2019-01-10","purchased_purges":2,"victory":false,"max_hp_per_floor":[82,87,87,87,87,87,87,93,93,93,93,93,93,93,93,93,93,93,93,93,93,93,93,93,93,93,93,93,93,93,93,93,93,98,98,98,98,98,98,98,98,98,98,98,98,98,98,98,98,98],"card_choices":[{"not_picked":["Steam Power","Turbo"],"picked":"Ball Lightning","floor":1},{"not_picked":["Heatsinks","Turbo"],"picked":"Barrage","floor":3},{"not_picked":["Streamline","Turbo"],"picked":"Sunder","floor":4},{"not_picked":["Go for the Eyes","Stack"],"picked":"Sweeping Beam","floor":5},{"not_picked":["Sweeping Beam","Go for the Eyes"],"picked":"Chill","floor":6},{"not_picked":["Ball Lightning","Storm"],"picked":"Reinforced Body","floor":7},{"not_picked":["Coolheaded","Stack"],"picked":"White Noise","floor":12},{"not_picked":["Turbo","Leap"],"picked":"Fusion","floor":13},{"not_picked":["Skim","Undo"],"picked":"Steam","floor":14},{"not_picked":["Machine Learning","Creative AI"],"picked":"Electrodynamics","floor":16},{"not_picked":["Steam","Darkness"],"picked":"Beam Cell+1","floor":18},{"not_picked":["Streamline","Turbo"],"picked":"Double Energy","floor":21},{"not_picked":["Hologram+1","Undo"],"picked":"Ball Lightning+1","floor":24},{"not_picked":["Gash","Double Energy","Coolheaded"],"picked":"Melter","floor":29},{"not_picked":["Auto Shields","Steam","Coolheaded"],"picked":"Sweeping Beam+1","floor":31},{"not_picked":["Echo Form","Amplify","Meteor Strike"],"picked":"Multi-Cast","floor":33},{"not_picked":["Go for the Eyes","Self Repair","Leap"],"picked":"Steam+1","floor":34},{"not_picked":["Darkness+1","Sweeping Beam","Biased Cognition"],"picked":"Defragment+1","floor":35},{"not_picked":["Auto Shields+1","Melter","Reprogram"],"picked":"Aggregate","floor":38},{"not_picked":["Streamline","Cold Snap","Leap"],"picked":"Steam+1","floor":39},{"not_picked":["Barrage","Stack","Scrape+1"],"picked":"Conserve Battery+1","floor":41},{"not_picked":["Glacier","Ball Lightning","Stack+1"],"picked":"Tempest+1","floor":45},{"not_picked":["Compile Driver","Stack+1","Reinforced Body","Multi-Cast"],"picked":"SKIP","floor":46},{"not_picked":["Hologram","Rebound","Skim","Doom and Gloom+1"],"picked":"SKIP","floor":48}],"player_experience":50992,"relics_obtained":[{"floor":6,"key":"Darkstone Periapt"},{"floor":9,"key":"Mercury Hourglass"},{"floor":11,"key":"Happy Flower"},{"floor":14,"key":"Letter Opener"},{"floor":20,"key":"Whetstone"},{"floor":24,"key":"Question Card"},{"floor":26,"key":"Potion Belt"},{"floor":38,"key":"Du-Vu Doll"},{"floor":43,"key":"Pen Nib"},{"floor":45,"key":"Bag of Preparation"}],"event_choices":[{"damage_healed":0,"gold_gain":0,"player_choice":"Donut","damage_taken":0,"max_hp_gain":5,"max_hp_loss":0,"event_name":"Big Fish","floor":2,"gold_loss":0},{"damage_healed":21,"gold_gain":0,"player_choice":"Healed and dodged fight","damage_taken":0,"max_hp_gain":0,"max_hp_loss":0,"event_name":"Mushrooms","floor":8,"gold_loss":0,"cards_obtained":["Parasite"]},{"damage_healed":0,"gold_gain":30,"player_choice":"Searched \u00272\u0027 times","damage_taken":0,"max_hp_gain":0,"max_hp_loss":0,"event_name":"Dead Adventurer","floor":14,"gold_loss":0},{"damage_healed":0,"gold_gain":0,"player_choice":"Ignored","damage_taken":0,"max_hp_gain":0,"max_hp_loss":0,"event_name":"Ghosts","floor":19,"gold_loss":0},{"damage_healed":0,"gold_gain":0,"player_choice":"Read","damage_taken":0,"max_hp_gain":0,"max_hp_loss":0,"event_name":"The Library","floor":22,"gold_loss":0,"cards_obtained":["Thunder Strike"]},{"damage_healed":0,"gold_gain":100,"player_choice":"Pray","damage_taken":0,"max_hp_gain":0,"max_hp_loss":0,"event_name":"Golden Shrine","floor":27,"gold_loss":0},{"damage_healed":0,"gold_gain":0,"player_choice":"Paid","damage_taken":0,"relics_obtained":["Red Mask"],"max_hp_gain":0,"max_hp_loss":0,"event_name":"Tomb of Lord Red Mask","floor":37,"gold_loss":14},{"damage_healed":0,"gold_gain":0,"player_choice":"Fight","damage_taken":0,"max_hp_gain":0,"max_hp_loss":0,"event_name":"Mysterious Sphere","floor":38,"gold_loss":0}],"is_beta":false,"boss_relics":[{"not_picked":["Coffee Dripper","Busted Crown"],"picked":"Nuclear Battery"},{"not_picked":["Calling Bell","Black Star"],"picked":"Tiny House"}],"items_purged_floors":[30,44],"is_endless":false,"potions_floor_spawned":[3,12,13,14,31,33,35,39,41,46],"killed_by":"Time Eater","ascension_level":0}