{"gold_per_floor":[118,118,118,128,53,85,85,118,175,207,217,234,245,245,245,373,373,396,25,49,49,49],"floor_reached":22,"playtime":1720,"items_purged":["Strike_R"],"score":288,"play_id":"9946ef25-a8be-438b-a193-dbf857a91d6b","local_time":"20190118100308","is_ascension_mode":true,"campfire_choices":[{"data":"Armaments","floor":7,"key":"SMITH"},{"data":"Bash","floor":15,"key":"SMITH"}],"neow_cost":"NONE","seed_source_timestamp":58938382359144,"circlet_count":0,"master_deck":["Strike_R","Strike_R","Strike_R","Defend_R","Defend_R","Defend_R","Defend_R","Bash+1","Armaments+1","Headbutt","Warcry","Bloodletting","Feed","Second Wind","Power Through","Injury","Reaper","Power Through+1","Fiend Fire","Reckless Charge","Evolve+1"],"relics":["Burning Blood","NeowsBlessing","Blue Candle","Matryoshka","Anchor","Dream Catcher","Tiny Chest","Art of War","Golden Idol","Coffee Dripper","Vajra","Torii"],"potions_floor_usage":[8,10,16,16,16,20],"damage_taken":[{"damage":0,"enemies":"2 Louse","floor":1,"turns":1},{"damage":0,"enemies":"Jaw Worm","floor":4,"turns":1},{"damage":0,"enemies":"Gremlin Nob","floor":6,"turns":1},{"damage":36,"enemies":"3 Sentries","floor":8,"turns":10},{"damage":20,"enemies":"Gremlin Nob","floor":10,"turns":4},{"damage":1,"enemies":"Cultist","floor":11,"turns":3},{"damage":2,"enemies":"3 Louse","floor":12,"turns":4},{"damage":1,"enemies":"Large Slime","floor":13,"turns":9},{"damage":44,"enemies":"Slime Boss","floor":16,"turns":22},{"damage":36,"enemies":"Shell Parasite","floor":18,"turns":9},{"damage":55,"enemies":"3 Byrds","floor":20,"turns":9},{"damage":52,"enemies":"Centurion and Healer","floor":22,"turns":7}],"seed_played":"4277457474324359324","potions_obtained":[{"floor":6,"key":"LiquidBronze"},{"floor":8,"key":"Energy Potion"},{"floor":10,"key":"Explosive Potion"},{"floor":11,"key":"EssenceOfSteel"},{"floor":13,"key":"PowerPotion"},{"floor":18,"key":"EssenceOfSteel"},{"floor":20,"key":"Poison Potion"}],"is_trial":false,"path_per_floor":["M","?","T","M","$","E","R","E","T","E","M","M","M","?","R","B",null,"M","$","M","?","M"],"character_chosen":"IRONCLAD","items_purchased":["Vajra","Fiend Fire","Reckless Charge"],"campfire_rested":0,"item_purchase_floors":[19,19,19],"current_hp_per_floor":[80,73,73,79,79,80,80,50,50,36,44,51,60,60,60,26,94,74,74,34,34,0],"gold":49,"neow_bonus":"THREE_ENEMY_KILL","is_prod":false,"is_daily":false,"chose_seed":false,"campfire_upgraded":2,"win_rate":0,"timestamp":1547823788,"path_taken":["M","?","?","?","$","E","R","E","T","E","M","M","M","?","R","BOSS","M","$","M","?","?"],"build_version":"2019-01-17v2","purchased_purges":1,"victory":false,"max_hp_per_floor":[80,80,80,80,80,80,80,80,80,80,83,86,90,90,90,94,94,98,98,101,101,104],"card_choices":[{"not_picked":["Heavy Blade","Cleave"],"picked":"Armaments","floor":1},{"not_picked":["Evolve","Cleave"],"picked":"Headbutt","floor":4},{"not_picked":["Combust","Anger"],"picked":"Warcry","floor":6},{"not_picked":["Rage","Intimidate"],"picked":"Bloodletting","floor":8},{"not_picked":["Seeing Red","Headbutt"],"picked":"Feed","floor":10},{"not_picked":["True Grit","Armaments"],"picked":"Second Wind","floor":11},{"not_picked":["Reckless Charge","Thunderclap"],"picked":"Power Through","floor":12},{"not_picked":["Cleave","Flex","Havoc"],"picked":"SKIP","floor":13},{"not_picked":["Limit Break","Double Tap"],"picked":"Reaper","floor":16},{"not_picked":["Armaments","Heavy Blade"],"picked":"Power Through+1","floor":18},{"not_picked":["Headbutt","Thunderclap"],"picked":"Evolve+1","floor":20}],"player_experience":147218,"relics_obtained":[{"floor":3,"key":"Blue Candle"},{"floor":6,"key":"Matryoshka"},{"floor":8,"key":"Anchor"},{"floor":9,"key":"Dream Catcher"},{"floor":9,"key":"Tiny Chest"},{"floor":10,"key":"Art of War"}],"event_choices":[{"cards_removed":["Strike_R"],"damage_healed":0,"gold_gain":0,"player_choice":"Card Removal","damage_taken":7,"max_hp_gain":0,"max_hp_loss":0,"event_name":"Golden Wing","floor":2,"gold_loss":0},{"damage_healed":0,"gold_gain":0,"player_choice":"Take Wound","damage_taken":0,"relics_obtained":["Golden Idol"],"max_hp_gain":0,"max_hp_loss":0,"event_name":"Golden Idol","floor":14,"gold_loss":0,"cards_obtained":["Injury"]},{"damage_healed":0,"gold_gain":0,"player_choice":"Gave Potion","damage_taken":0,"relics_obtained":["Torii"],"max_hp_gain":0,"max_hp_loss":0,"event_name":"WeMeetAgain","floor":21,"gold_loss":0}],"is_beta":false,"boss_relics":[{"not_picked":["Runic Dome","Runic Cube"],"picked":"Coffee Dripper"}],"items_purged_floors":[5],"is_endless":false,"potions_floor_spawned":[6,8,10,11,13,18,20],"killed_by":"Centurion and Healer","ascension_level":3}