{"gold_per_floor":[117,129,141,160,160,189,189,222,245,11,11,11,41,57,57,161,161,171,191,114,114,14,14,24,44,44,63,63,77,25,41,41,41],"floor_reached":33,"playtime":1556,"items_purged":["Strike_B","Strike_B"],"score":479,"play_id":"d87a7391-678d-4eb7-bfb7-09e35ea6e556","local_time":"20180707135537","is_ascension_mode":true,"campfire_choices":[{"data":"Scrape","floor":7,"key":"SMITH"},{"data":"Zap","floor":12,"key":"SMITH"},{"data":"Dualcast","floor":15,"key":"SMITH"},{"data":"J.A.X.","floor":23,"key":"SMITH"},{"data":"Hologram","floor":28,"key":"SMITH"},{"floor":32,"key":"REST"}],"neow_cost":"","seed_source_timestamp":627458586913093,"circlet_count":0,"master_deck":["Strike_B","Defend_B","Defend_B","Defend_B","Defend_B","Zap+1","Dualcast+1","AscendersBane","FTL","Auto Shields","Scrape+1","Reinforced Body","Gash","Stack","FTL","Finesse","All For One","Streamline","Self Repair","J.A.X.+1","Hologram+1","Turbo","Consume","Redo+1"],"relics":["Cracked Core","Letter Opener","Happy Flower","DataDisk","Art of War","Inserter","Bird Faced Urn"],"potions_floor_usage":[4,6,6,19,24,24,33],"damage_taken":[{"damage":1,"enemies":"Cultist","floor":1,"turns":3},{"damage":4,"enemies":"Jaw Worm","floor":2,"turns":3},{"damage":1,"enemies":"2 Louse","floor":3,"turns":2},{"damage":0,"enemies":"Gremlin Gang","floor":4,"turns":3},{"damage":4,"enemies":"Gremlin Nob","floor":6,"turns":4},{"damage":15,"enemies":"3 Sentries","floor":8,"turns":7},{"damage":4,"enemies":"Lagavulin","floor":13,"turns":5},{"damage":8,"enemies":"Blue Slaver","floor":14,"turns":2},{"damage":0,"enemies":"Slime Boss","floor":16,"turns":5},{"damage":4,"enemies":"Spheric Guardian","floor":18,"turns":3},{"damage":0,"enemies":"Chosen","floor":19,"turns":4},{"damage":20,"enemies":"Snecko","floor":24,"turns":5},{"damage":23,"enemies":"Centurion and Healer","floor":25,"turns":4},{"damage":21,"enemies":"Cultist and Chosen","floor":27,"turns":5},{"damage":14,"enemies":"Snake Plant","floor":29,"turns":3},{"damage":12,"enemies":"Snecko","floor":31,"turns":5},{"damage":38,"enemies":"Champ","floor":33,"turns":7}],"seed_played":"6652728395067124631","potions_obtained":[{"floor":2,"key":"Explosive Potion"},{"floor":4,"key":"Block Potion"},{"floor":5,"key":"Ancient Potion"},{"floor":5,"key":"Poison Potion"},{"floor":14,"key":"Weak Potion"},{"floor":19,"key":"SneckoOil"},{"floor":31,"key":"Strength Potion"}],"is_trial":false,"path_per_floor":["M","M","M","M","?","E","R","E","T","$","?","R","E","M","R","B",null,"M","M","?","?","$","R","M","M","T","M","R","M","$","M","R"],"character_chosen":"DEFECT","items_purchased":["FTL","Finesse","Energy Potion"],"campfire_rested":1,"item_purchase_floors":[10,10,30],"current_hp_per_floor":[67,63,62,62,62,58,58,43,43,43,43,43,39,31,31,31,64,60,60,60,60,60,60,47,31,31,19,19,14,14,11,33,0],"gold":41,"neow_bonus":"","is_prod":false,"is_daily":false,"chose_seed":false,"campfire_upgraded":5,"win_rate":0,"timestamp":1530986137,"path_taken":["M","M","M","?","?","E","R","E","T","$","?","R","E","?","R","BOSS","M","?","?","?","$","R","M","M","T","M","R","?","$","M","R","BOSS"],"build_version":"2018-07-05","purchased_purges":2,"victory":false,"max_hp_per_floor":[75,75,75,75,75,75,75,75,75,75,75,75,75,75,75,75,75,75,75,75,75,75,75,75,75,75,75,75,75,75,75,75,75],"card_choices":[{"not_picked":["Go for the Eyes","Scrape"],"picked":"FTL","floor":1},{"not_picked":["Compile Driver","Sweeping Beam"],"picked":"Auto Shields","floor":2},{"not_picked":["Heatsinks","Gash"],"picked":"Scrape","floor":3},{"not_picked":["Barrage","BootSequence"],"picked":"Reinforced Body","floor":4},{"not_picked":["Melter","Darkness"],"picked":"Gash","floor":6},{"not_picked":["Loop","Lockon"],"picked":"Stack","floor":8},{"not_picked":["Redo","Streamline"],"picked":"All For One","floor":13},{"not_picked":["Heatsinks","Genetic Algorithm"],"picked":"Streamline","floor":14},{"not_picked":["Rebound","Hello World+1","Melter"],"picked":"SKIP","floor":18},{"not_picked":["Compile Driver","Hologram"],"picked":"Self Repair","floor":19},{"not_picked":["Compile Driver+1","Cold Snap","Lockon"],"picked":"SKIP","floor":24},{"not_picked":["Barrage","Hyperbeam"],"picked":"Hologram","floor":25},{"not_picked":["Rebound+1","Hello World"],"picked":"Turbo","floor":27},{"not_picked":["Aggregate","Hologram"],"picked":"Consume","floor":29},{"not_picked":["Sweeping Beam+1","Force Field"],"picked":"Redo+1","floor":31}],"player_experience":395958,"relics_obtained":[{"floor":6,"key":"Letter Opener"},{"floor":8,"key":"Happy Flower"},{"floor":9,"key":"DataDisk"},{"floor":13,"key":"Art of War"},{"floor":26,"key":"Bird Faced Urn"}],"event_choices":[{"event_name":"The Lab","player_choice":"Got Potions","floor":5,"damage_taken":0},{"event_name":"Bonfire Elementals","player_choice":"BASIC","floor":11,"damage_taken":0},{"event_name":"Drug Dealer","player_choice":"Got JAXXED","floor":20,"damage_taken":0},{"event_name":"Vampires","player_choice":"Ignored","floor":21,"damage_taken":0}],"boss_relics":[{"not_picked":["Eternal Feather","Busted Crown"],"picked":"Inserter"}],"items_purged_floors":[10,22],"is_endless":false,"potions_floor_spawned":[2,4,14,19,31],"killed_by":"Champ","ascension_level":10}