{"gold_per_floor":[116,41,41,54,54,54,86,97,165,179,179,193,253,287,287,287],"floor_reached":16,"playtime":541,"items_purged":[],"score":263,"play_id":"cdfafabc-038e-4cd7-a30f-c32e723d4e7c","local_time":"20181021102142","is_ascension_mode":true,"campfire_choices":[{"data":"Neutralize","floor":6,"key":"SMITH"},{"data":"Footwork","floor":11,"key":"SMITH"},{"floor":15,"key":"REST"}],"neow_cost":"NONE","seed_source_timestamp":1001079853808133,"circlet_count":0,"master_deck":["Defend_G","Defend_G","Defend_G","Defend_G","Defend_G","Strike_G","Strike_G","Strike_G","Strike_G","Survivor","Neutralize+1","AscendersBane","Flying Knee","Dagger Spray","Footwork+1","Backstab","Dagger Throw","Tools of the Trade","Dodge and Roll"],"relics":["Ring of the Snake","NeowsBlessing","Regal Pillow","Bottled Flame","Bottled Lightning","Art of War"],"potions_floor_usage":[12,14,16],"damage_taken":[{"damage":0,"enemies":"Small Slimes","floor":1,"turns":1},{"damage":0,"enemies":"Jaw Worm","floor":4,"turns":1},{"damage":0,"enemies":"3 Sentries","floor":7,"turns":1},{"damage":1,"enemies":"2 Louse","floor":8,"turns":4},{"damage":6,"enemies":"Looter","floor":10,"turns":3},{"damage":5,"enemies":"Gremlin Gang","floor":12,"turns":3},{"damage":20,"enemies":"Lagavulin","floor":14,"turns":10},{"damage":31,"enemies":"Hexaghost","floor":16,"turns":15}],"seed_played":"-8222118277836001334","potions_obtained":[{"floor":5,"key":"SneckoOil"},{"floor":5,"key":"Regen Potion"},{"floor":8,"key":"AttackPotion"},{"floor":14,"key":"SkillPotion"}],"is_trial":false,"path_per_floor":["M","?","?","M","?","R","E","M","T","M","R","M","?","E","R"],"character_chosen":"THE_SILENT","items_purchased":[],"campfire_rested":1,"item_purchase_floors":[],"current_hp_per_floor":[59,59,33,33,33,33,33,32,32,26,26,21,21,16,50,19],"gold":287,"neow_bonus":"THREE_ENEMY_KILL","is_prod":false,"is_daily":false,"chose_seed":false,"campfire_upgraded":2,"win_rate":0,"timestamp":1540131702,"path_taken":["M","?","?","?","?","R","E","M","T","M","R","M","?","E","R","BOSS"],"build_version":"2018-10-18","purchased_purges":0,"victory":false,"max_hp_per_floor":[66,66,66,66,66,66,66,66,66,66,66,66,66,66,66,66],"card_choices":[{"not_picked":["Backflip","Underhanded Strike"],"picked":"Flying Knee","floor":1},{"not_picked":["Heel Hook","Backflip"],"picked":"Dagger Spray","floor":4},{"not_picked":["Flying Knee","Slice"],"picked":"Footwork","floor":7},{"not_picked":["Sucker Punch","Blade Dance"],"picked":"Backstab","floor":8},{"not_picked":["Slice","Poisoned Stab"],"picked":"Dagger Throw","floor":10},{"not_picked":["Masterful Stab","Backflip"],"picked":"Tools of the Trade","floor":12},{"not_picked":["Storm of Steel","Backflip"],"picked":"Dodge and Roll","floor":14}],"player_experience":780596,"relics_obtained":[{"floor":7,"key":"Bottled Flame"},{"floor":9,"key":"Bottled Lightning"},{"floor":14,"key":"Art of War"}],"event_choices":[{"cards_removed":["Strike_G"],"damage_healed":0,"gold_gain":0,"player_choice":"Card Removal","damage_taken":0,"max_hp_gain":0,"max_hp_loss":0,"event_name":"The Cleric","floor":2,"gold_loss":75},{"damage_healed":0,"gold_gain":0,"player_choice":"Success","damage_taken":26,"relics_obtained":["Regal Pillow"],"max_hp_gain":0,"max_hp_loss":0,"event_name":"Scrap Ooze","floor":3,"gold_loss":0},{"damage_healed":0,"gold_gain":0,"player_choice":"Got Potions","damage_taken":0,"max_hp_gain":0,"max_hp_loss":0,"event_name":"The Lab","floor":5,"gold_loss":0},{"damage_healed":0,"gold_gain":60,"player_choice":"Gained Gold","damage_taken":0,"max_hp_gain":0,"max_hp_loss":0,"event_name":"Golden Wing","floor":13,"gold_loss":0}],"is_beta":false,"boss_relics":[],"items_purged_floors":[],"is_endless":false,"potions_floor_spawned":[8,10,14],"killed_by":"Hexaghost","ascension_level":19}