{"gold_per_floor":[110,127,1,1,20,45,64,83,83,111,111],"floor_reached":11,"playtime":422,"items_purged":["Strike_B"],"score":123,"play_id":"fa0e4da8-cae7-4f30-8f48-a6b6b3d7270c","local_time":"20190210181203","is_ascension_mode":true,"campfire_choices":[],"neow_cost":"NONE","seed_source_timestamp":2076783252801210,"circlet_count":0,"master_deck":["Strike_B","Strike_B","Strike_B","Defend_B","Defend_B","Defend_B","Defend_B","Zap","Dualcast","Coolheaded","Tempest","Conserve Battery","Ball Lightning","Loop","Cold Snap","Loop"],"relics":["Cracked Core","NeowsBlessing","Cables","Lantern","Omamori"],"potions_floor_usage":[6,8,10],"damage_taken":[{"damage":0,"enemies":"Cultist","floor":1,"turns":1},{"damage":0,"enemies":"2 Louse","floor":2,"turns":1},{"damage":0,"enemies":"Small Slimes","floor":5,"turns":1},{"damage":1,"enemies":"Lagavulin","floor":6,"turns":6},{"damage":5,"enemies":"Looter","floor":7,"turns":3},{"damage":6,"enemies":"Exordium Wildlife","floor":8,"turns":3},{"damage":40,"enemies":"Gremlin Nob","floor":10,"turns":6},{"damage":18,"enemies":"Large Slime","floor":11,"turns":3}],"seed_played":"-2191605646735956933","potions_obtained":[{"floor":2,"key":"Weak Potion"},{"floor":6,"key":"PowerPotion"},{"floor":7,"key":"Block Potion"}],"is_trial":false,"path_per_floor":["M","M","$","$","M","E","M","M","T","E","M"],"character_chosen":"DEFECT","items_purchased":["Conserve Battery"],"campfire_rested":0,"item_purchase_floors":[3],"current_hp_per_floor":[68,68,68,68,68,67,62,56,56,16,0],"gold":111,"neow_bonus":"THREE_ENEMY_KILL","is_prod":false,"is_daily":false,"chose_seed":false,"campfire_upgraded":0,"win_rate":0,"timestamp":1549840323,"path_taken":["M","M","?","$","M","E","M","M","T","E","M"],"build_version":"2019-01-23","purchased_purges":1,"victory":false,"max_hp_per_floor":[75,75,75,75,75,75,75,75,75,75,75],"card_choices":[{"not_picked":["Hologram","Hello World"],"picked":"Coolheaded","floor":1},{"not_picked":["Undo","Reprogram"],"picked":"Tempest","floor":2},{"not_picked":["Leap","Compile Driver"],"picked":"Ball Lightning","floor":5},{"not_picked":["Stack","Seek"],"picked":"Loop","floor":6},{"not_picked":["Rip and Tear","Go for the Eyes"],"picked":"Cold Snap","floor":7},{"not_picked":["Sweeping Beam","Lockon","Coolheaded"],"picked":"SKIP","floor":8},{"not_picked":["Rebound","Hello World"],"picked":"Loop","floor":10}],"player_experience":271661,"relics_obtained":[{"floor":6,"key":"Cables"},{"floor":9,"key":"Lantern"},{"floor":10,"key":"Omamori"}],"event_choices":[],"is_beta":false,"boss_relics":[],"items_purged_floors":[3],"is_endless":false,"potions_floor_spawned":[2,6,7],"killed_by":"Large Slime","ascension_level":9}