{"gold_per_floor":[112,127,127,140,58,86,86,121,167,242,261,261,275,293,293,396,396,415,415,415,72,89,122,140,165,188,203,219,219,25,43,43,139,139,150,160,173,188,188,222,222,222,247,121,121,141,155,9,9,9],"floor_reached":51,"playtime":4332,"items_purged":["Sever Soul"],"score":781,"play_id":"c685e8cd-1968-4ff5-a849-c6d1c467612e","local_time":"20190114141242","is_ascension_mode":false,"campfire_choices":[{"floor":7,"key":"REST"},{"floor":12,"key":"REST"},{"data":"Bash","floor":15,"key":"SMITH"},{"floor":32,"key":"REST"},{"data":"Armaments","floor":41,"key":"SMITH"},{"data":"Pommel Strike","floor":45,"key":"SMITH"},{"data":"Rage","floor":49,"key":"SMITH"}],"neow_cost":"","seed_source_timestamp":415127800584209,"circlet_count":0,"master_deck":["Defend_R","Defend_R","Bash+1","Pommel Strike+1","Iron Wave","Whirlwind","Twin Strike+1","Rage+1","Anger+1","Armaments+1","Pummel+1","Feed+1","Thunderclap+1","Bite+1","Bite+1","Bite+1","Bite+1","Bite+1","Feed+1","Whirlwind+1","Rampage+1","Sword Boomerang+1","Thunderclap+1","Twin Strike+1","Body Slam+1","Iron Wave+1","Pummel+1","Inflame","Flex","Reaper+1","Heavy Blade+1","Iron Wave+1","Shrug It Off","Heavy Blade+1","Madness","Madness","Iron Wave+1"],"relics":["Burning Blood","Molten Egg 2","Potion Belt","Regal Pillow","Mark of Pain","Brimstone","Bottled Lightning","Paper Frog","Bag of Marbles","Happy Flower","Coffee Dripper","Orichalcum","Lantern","Vajra"],"potions_floor_usage":[11,33,40,50,50,50,50,50],"damage_taken":[{"damage":0,"enemies":"Small Slimes","floor":1,"turns":3},{"damage":1,"enemies":"Cultist","floor":2,"turns":3},{"damage":11,"enemies":"Jaw Worm","floor":4,"turns":2},{"damage":24,"enemies":"3 Sentries","floor":6,"turns":9},{"damage":20,"enemies":"Gremlin Nob","floor":8,"turns":4},{"damage":2,"enemies":"3 Louse","floor":11,"turns":2},{"damage":8,"enemies":"Red Slaver","floor":13,"turns":3},{"damage":6,"enemies":"Lots of Slimes","floor":14,"turns":2},{"damage":41,"enemies":"The Guardian","floor":16,"turns":10},{"damage":8,"enemies":"2 Thieves","floor":18,"turns":4},{"damage":0,"enemies":"3 Byrds","floor":22,"turns":3},{"damage":0,"enemies":"Gremlin Leader","floor":23,"turns":3},{"damage":16,"enemies":"Centurion and Healer","floor":24,"turns":2},{"damage":29,"enemies":"Book of Stabbing","floor":25,"turns":3},{"damage":0,"enemies":"Chosen and Byrds","floor":27,"turns":3},{"damage":26,"enemies":"Shelled Parasite and Fungi","floor":28,"turns":3},{"damage":0,"enemies":"3 Cultists","floor":31,"turns":2},{"damage":8,"enemies":"Champ","floor":33,"turns":5},{"damage":11,"enemies":"3 Shapes","floor":35,"turns":2},{"damage":0,"enemies":"Orb Walker","floor":36,"turns":2},{"damage":16,"enemies":"Jaw Worm Horde","floor":37,"turns":3},{"damage":0,"enemies":"Spire Growth","floor":38,"turns":2},{"damage":55,"enemies":"Nemesis","floor":40,"turns":5},{"damage":0,"enemies":"3 Darklings","floor":46,"turns":1},{"damage":20,"enemies":"4 Shapes","floor":47,"turns":2},{"damage":49,"enemies":"Awakened One","floor":50,"turns":5}],"seed_played":"3197155911959164452","potions_obtained":[{"floor":2,"key":"LiquidBronze"},{"floor":6,"key":"LiquidBronze"},{"floor":8,"key":"AttackPotion"},{"floor":11,"key":"Block Potion"},{"floor":16,"key":"LiquidBronze"},{"floor":18,"key":"Ancient Potion"},{"floor":24,"key":"Regen Potion"},{"floor":25,"key":"AttackPotion"},{"floor":35,"key":"Energy Potion"},{"floor":38,"key":"Energy Potion"},{"floor":40,"key":"LiquidBronze"}],"is_trial":false,"path_per_floor":["M","M","?","M","$","E","R","E","T","?","M","R","M","M","R","B",null,"M","?","?","$","M","E","M","E","T","M","M","?","$","M","R","B",null,"M","M","M","M","?","E","R","?","T","$","R","M","M","$","R","B",null],"character_chosen":"IRONCLAD","items_purchased":["Whirlwind","Whirlwind+1","Brimstone","Rampage+1","Happy Flower","Inflame","PowerPotion","Vajra"],"campfire_rested":3,"item_purchase_floors":[5,21,21,21,30,30,44,48],"current_hp_per_floor":[80,80,64,59,59,41,65,51,51,43,47,80,78,78,78,43,80,78,56,56,56,56,56,46,32,32,45,34,34,34,44,64,64,64,68,68,62,71,62,27,27,27,27,27,27,33,29,29,29,15],"gold":9,"neow_bonus":"","is_prod":false,"is_daily":false,"chose_seed":false,"campfire_upgraded":4,"win_rate":0.0,"timestamp":1547493162,"path_taken":["M","M","?","M","$","E","R","E","T","?","?","R","?","M","R","BOSS","M","?","?","$","M","E","?","E","T","?","M","?","$","M","R","BOSS","M","M","M","M","?","E","R","?","T","$","R","M","M","$","R","BOSS"],"build_version":"2019-01-10","purchased_purges":1,"victory":true,"max_hp_per_floor":[80,80,80,80,80,80,80,80,80,80,80,80,80,80,80,80,80,80,56,56,56,56,56,56,56,56,60,60,60,60,64,64,64,64,68,68,72,72,72,76,76,76,76,76,76,76,80,80,80,80],"card_choices":[{"not_picked":["Warcry","Armaments"],"picked":"Pommel Strike","floor":1},{"not_picked":["Reckless Charge","Clothesline"],"picked":"Sever Soul","floor":2},{"not_picked":["Infernal Blade","Flex"],"picked":"Iron Wave","floor":4},{"not_picked":["Shrug It Off","Burning Pact"],"picked":"Twin Strike","floor":6},{"not_picked":["Warcry","Pommel Strike+1"],"picked":"Rage","floor":8},{"not_picked":["Inflame","Power Through"],"picked":"Anger+1","floor":11},{"not_picked":["Warcry","Demon Form"],"picked":"Armaments","floor":13},{"not_picked":["Twin Strike+1","Shrug It Off"],"picked":"Pummel+1","floor":14},{"not_picked":["Fiend Fire+1","Juggernaut"],"picked":"Feed+1","floor":16},{"not_picked":["Body Slam+1","Ghostly Armor"],"picked":"Thunderclap+1","floor":18},{"not_picked":["Second Wind","Anger+1"],"picked":"Sword Boomerang+1","floor":22},{"not_picked":["Entrench","Feel No Pain"],"picked":"Thunderclap+1","floor":23},{"not_picked":["Warcry","Demon Form"],"picked":"Twin Strike+1","floor":24},{"not_picked":["Brutality","Twin Strike+1"],"picked":"Body Slam+1","floor":25},{"not_picked":["Combust","Cleave+1"],"picked":"Iron Wave+1","floor":27},{"not_picked":["Power Through","Rampage+1"],"picked":"Pummel+1","floor":28},{"not_picked":["Whirlwind+1","Blood for Blood+1"],"picked":"Flex","floor":31},{"not_picked":["Berserk","Impervious"],"picked":"Reaper+1","floor":33},{"not_picked":["Power Through","Flame Barrier+1"],"picked":"Heavy Blade+1","floor":35},{"not_picked":["Armaments","Twin Strike+1"],"picked":"Iron Wave+1","floor":36},{"not_picked":["Armaments","Searing Blow+1"],"picked":"Shrug It Off","floor":37},{"not_picked":["Clothesline+1","Clash+1"],"picked":"Heavy Blade+1","floor":38},{"not_picked":["Feel No Pain+1","Ghostly Armor","Sever Soul+1"],"picked":"SKIP","floor":40},{"not_picked":["Infernal Blade","Dark Embrace"],"picked":"Iron Wave+1","floor":46},{"not_picked":["Shrug It Off","Clash+1","Dual Wield"],"picked":"SKIP","floor":47}],"player_experience":0,"relics_obtained":[{"floor":6,"key":"Molten Egg 2"},{"floor":8,"key":"Potion Belt"},{"floor":9,"key":"Regal Pillow"},{"floor":23,"key":"Bottled Lightning"},{"floor":25,"key":"Paper Frog"},{"floor":26,"key":"Bag of Marbles"},{"floor":40,"key":"Orichalcum"},{"floor":43,"key":"Lantern"}],"event_choices":[{"damage_healed":0,"gold_gain":0,"player_choice":"Entered Light","damage_taken":16,"max_hp_gain":0,"max_hp_loss":0,"event_name":"Shining Light","floor":3,"gold_loss":0,"cards_upgraded":["Strike_R","Strike_R"]},{"damage_healed":0,"gold_gain":75,"player_choice":"Touch","damage_taken":8,"max_hp_gain":0,"max_hp_loss":0,"event_name":"FaceTrader","floor":10,"gold_loss":0},{"damage_healed":0,"gold_gain":0,"player_choice":"Became a vampire","damage_taken":0,"max_hp_gain":0,"max_hp_loss":24,"event_name":"Vampires","floor":19,"gold_loss":0,"cards_obtained":["Bite","Bite","Bite","Bite","Bite"]},{"damage_healed":0,"gold_gain":0,"player_choice":"Copied","damage_taken":0,"max_hp_gain":0,"max_hp_loss":0,"event_name":"Duplicator","floor":20,"gold_loss":0,"cards_obtained":["Feed"]},{"cards_removed":["Defend_R"],"damage_healed":0,"gold_gain":0,"player_choice":"Card Removal","damage_taken":0,"max_hp_gain":0,"max_hp_loss":0,"event_name":"Wheel of Change","floor":29,"gold_loss":0},{"damage_healed":0,"gold_gain":0,"player_choice":"Embrace Madness","damage_taken":9,"max_hp_gain":0,"max_hp_loss":0,"event_name":"Winding Halls","floor":39,"gold_loss":0,"cards_obtained":["Madness","Madness"]},{"cards_removed":["Defend_R"],"damage_healed":0,"gold_gain":0,"player_choice":"Removed Skill","damage_taken":0,"max_hp_gain":0,"max_hp_loss":0,"event_name":"Falling","floor":42,"gold_loss":0}],"is_beta":false,"boss_relics":[{"not_picked":["Astrolabe","Sozu"],"picked":"Mark of Pain"},{"not_picked":["Eternal Feather","Runic Cube"],"picked":"Coffee Dripper"}],"items_purged_floors":[44],"is_endless":false,"potions_floor_spawned":[2,6,8,11,16,18,24,25,35,38,40,46],"ascension_level":0}