{"gold_per_floor":[116,129,54,68,68,68,80,80,80,80,80,95,11,23,23,95,95,105,105,105,155,170,170,170,170,170,200,200,217,217,233,233,307,307,324,324,28,28,41,41,56,56,83,43,57,71,103,103,103,103],"floor_reached":51,"playtime":2473,"items_purged":["Strike_B"],"score":1386,"play_id":"4e2172f6-587b-4def-972a-f4a290586934","local_time":"20181017214014","is_ascension_mode":true,"campfire_choices":[{"data":"Zap","floor":6.0,"key":"SMITH"},{"data":"Go for the Eyes","floor":8.0,"key":"SMITH"},{"data":"Dualcast","floor":10.0,"key":"SMITH"},{"data":"Cold Snap","floor":15,"key":"SMITH"},{"floor":23,"key":"REST"},{"data":"Strike_B","floor":25,"key":"PURGE"},{"data":"Leap","floor":28,"key":"SMITH"},{"data":"Glacier","floor":30,"key":"SMITH"},{"data":"Skim","floor":32,"key":"SMITH"},{"data":"Writhe","floor":40,"key":"PURGE"},{"data":"Strike_B+1","floor":42,"key":"PURGE"},{"data":"Capacitor","floor":49,"key":"SMITH"}],"neow_cost":"TEN_PERCENT_HP_LOSS","seed_source_timestamp":694200861769888,"circlet_count":0,"master_deck":["Defend_B+1","Defend_B+1","Zap+1","Dualcast+1","AscendersBane","Go for the Eyes+1","Compile Driver+1","Coolheaded+1","Beam Cell+1","Zap+1","Gash+1","Leap+1","Doom and Gloom+1","Cold Snap+1","Biased Cognition+1","Cold Snap+1","Glacier+1","Skim+1","Seek+1","Compile Driver+1","Jack Of All Trades+1","Transmutation+1","Core Surge+1","Conserve Battery+1","BootSequence","Go for the Eyes+1","Capacitor+1","Auto Shields+1"],"special_seed":0,"relics":["FrozenCore","Dead Branch","Lizard Tail","Enchiridion","War Paint","Peace Pipe","Anchor","Letter Opener","Mark of the Bloom","Bronze Scales","Darkstone Periapt","The Courier"],"potions_floor_usage":[12,16,22,27,33,41,46],"damage_taken":[{"damage":0.0,"enemies":"2 Louse","floor":1.0,"turns":3.0},{"damage":5.0,"enemies":"Small Slimes","floor":2.0,"turns":3.0},{"damage":1.0,"enemies":"Cultist","floor":4.0,"turns":3.0},{"damage":5.0,"enemies":"3 Louse","floor":7.0,"turns":3.0},{"damage":3,"enemies":"Lots of Slimes","floor":12,"turns":3},{"damage":4,"enemies":"Blue Slaver","floor":14,"turns":3},{"damage":19,"enemies":"The Guardian","floor":16,"turns":10},{"damage":17,"enemies":"3 Byrds","floor":18,"turns":5},{"damage":10,"enemies":"Shell Parasite","floor":22,"turns":4},{"damage":27,"enemies":"Slavers","floor":27,"turns":5},{"damage":7,"enemies":"Snake Plant","floor":29,"turns":3},{"damage":0,"enemies":"Shelled Parasite and Fungi","floor":31,"turns":7},{"damage":19,"enemies":"Automaton","floor":33,"turns":12},{"damage":0,"enemies":"Orb Walker","floor":35,"turns":3},{"damage":0,"enemies":"3 Shapes","floor":39,"turns":3},{"damage":1,"enemies":"Maw","floor":41,"turns":8},{"damage":0,"enemies":"Spire Growth","floor":45,"turns":5},{"damage":0,"enemies":"3 Darklings","floor":46,"turns":3},{"damage":1,"enemies":"2 Orb Walkers","floor":47,"turns":4},{"damage":0,"enemies":"Donu and Deca","floor":50,"turns":12}],"seed_played":"-2009789051723301158","potions_obtained":[{"floor":1.0,"key":"Block Potion"},{"floor":14,"key":"FocusPotion"},{"floor":16,"key":"Ancient Potion"},{"floor":18,"key":"Ancient Potion"},{"floor":22,"key":"Strength Potion"},{"floor":33,"key":"SpeedPotion"},{"floor":39,"key":"SpeedPotion"},{"floor":41,"key":"Block Potion"}],"is_trial":false,"path_per_floor":["M","M","?","M","$","R","M","R","T","R","?","M","$","M","R","B",null,"M","?","?","T","M","R","?","R","T","E","R","M","R","M","R","B",null,"M","?","$","?","M","R","M","R","T","$","M","M","E","T","R","B"],"character_chosen":"DEFECT","items_purchased":["Doom and Gloom","Core Surge","Conserve Battery","Capacitor"],"campfire_rested":1,"item_purchase_floors":[13,37,37,44],"current_hp_per_floor":[64,59,59,58,58,58,53,53,53,53,53,50,50,46,46,27,55,38,17,17,17,7,26,26,26,26,32,32,25,25,25,25,6,50,50,45,45,45,45,45,44,44,44,44,44,44,43,43,43,43],"gold":103,"neow_bonus":"REMOVE_TWO","is_prod":false,"is_daily":false,"chose_seed":false,"campfire_upgraded":8,"win_rate":0,"timestamp":1539826814,"path_taken":["M","M","?","M","$","R","M","R","T","R","?","M","$","M","R","BOSS","M","?","?","?","?","R","?","R","T","E","R","?","R","M","R","BOSS","M","?","?","?","?","R","M","R","T","$","?","M","E","?","R","BOSS"],"build_version":"2018-10-11","purchased_purges":1,"victory":true,"max_hp_per_floor":[64,64,64,64,64,64,64,64,64,64,64,64,64,64,64,64,64,64,64,64,64,64,64,64,64,64,64,64,64,64,64,64,64,64,64,64,64,64,64,64,64,64,64,64,64,64,64,64,64,64],"card_choices":[{"not_picked":["Undo","Static Discharge"],"picked":"Go for the Eyes","floor":1.0},{"not_picked":["Gash","Beam Cell"],"picked":"Compile Driver","floor":2.0},{"not_picked":["Hello World","Streamline"],"picked":"Coolheaded","floor":4.0},{"not_picked":["Genetic Algorithm","Aggregate"],"picked":"Beam Cell","floor":7.0},{"not_picked":["Rip and Tear","Redo"],"picked":"Leap","floor":12},{"not_picked":["Stack","Capacitor"],"picked":"Cold Snap","floor":14},{"not_picked":["Buffer","Creative AI"],"picked":"Biased Cognition","floor":16},{"not_picked":["Go for the Eyes","Hologram","Stack"],"picked":"SKIP","floor":18},{"not_picked":["Cold Snap","Hello World+1","Turbo+1"],"picked":"SKIP","floor":22},{"not_picked":["Gash","Static Discharge","Cold Snap"],"picked":"SKIP","floor":27},{"not_picked":["Gash","Streamline"],"picked":"Glacier","floor":29},{"not_picked":["Go for the Eyes","Streamline"],"picked":"Skim","floor":31},{"not_picked":["Rainbow","Amplify"],"picked":"Seek","floor":33},{"not_picked":["Steam Power","Glacier+1"],"picked":"Compile Driver","floor":35},{"not_picked":["Swift Strike","Deep Breath"],"picked":"Jack Of All Trades","floor":36},{"not_picked":["Good Instincts","Panache"],"picked":"Transmutation","floor":36},{"not_picked":["Streamline+1","Glacier"],"picked":"BootSequence","floor":39},{"not_picked":["Sunder","Glacier"],"picked":"Go for the Eyes+1","floor":41},{"not_picked":["Hologram","Gash"],"picked":"Auto Shields+1","floor":45},{"not_picked":["Barrage","Cold Snap","Redo+1"],"picked":"SKIP","floor":46},{"not_picked":["Consume","Undo","Rebound"],"picked":"SKIP","floor":47}],"player_experience":762941,"relics_obtained":[{"floor":9.0,"key":"Dead Branch"},{"floor":19,"key":"Enchiridion"},{"floor":21,"key":"War Paint"},{"floor":26,"key":"Anchor"},{"floor":27,"key":"Letter Opener"},{"floor":43,"key":"Bronze Scales"},{"floor":47,"key":"Darkstone Periapt"},{"floor":48,"key":"The Courier"}],"event_choices":[{"event_name":"The Cleric","player_choice":"Card Removal","floor":3.0,"damage_taken":0.0},{"event_name":"Match and Keep!","player_choice":"2 cards matched","floor":11.0,"damage_taken":0.0},{"event_name":"Cursed Tome","player_choice":"Obtained Book","floor":19,"damage_taken":0},{"event_name":"Duplicator","player_choice":"One dupe","floor":20,"damage_taken":0},{"event_name":"The Mausoleum","player_choice":"Yes","floor":24,"damage_taken":0},{"event_name":"SensoryStone","player_choice":"Memory 2","floor":36,"damage_taken":0},{"event_name":"MindBloom","player_choice":"Upgrade","floor":38,"damage_taken":0}],"is_beta":false,"boss_relics":[{"not_picked":["Orrery","Busted Crown"],"picked":"Lizard Tail"},{"not_picked":["Philosopher\u0027s Stone","Tiny House"],"picked":"FrozenCore"}],"items_purged_floors":[37],"is_endless":false,"potions_floor_spawned":[1,14,16,18,22,33,39,41],"ascension_level":19}