{"gold_per_floor":[110,60,80,46,46,75,75,92,92,107,124,49,78,94,94,168,168,187,187,187,199,215,215,215],"floor_reached":24,"playtime":811,"items_purged":["Strike_R"],"score":354,"play_id":"f79c8084-0144-4bfd-9a60-0000874f636d","local_time":"20180715171840","is_ascension_mode":true,"campfire_choices":[{"data":"Whirlwind","floor":7.0,"key":"SMITH"},{"data":"True Grit","floor":15.0,"key":"SMITH"},{"data":"Shockwave","floor":23.0,"key":"SMITH"}],"neow_cost":"CURSE","seed_source_timestamp":122113870572588,"circlet_count":0,"master_deck":["Strike_R","Strike_R","Defend_R","Defend_R","Defend_R","Defend_R","Bash","AscendersBane","Bludgeon+1","Inflame","Shockwave+1","Shrug It Off","Inflame","Whirlwind+1","Seeing Red+1","True Grit+1","Seeing Red","Double Tap","True Grit+1","Ghostly Armor+1"],"special_seed":0,"relics":["Burning Blood","Ginger","Darkstone Periapt","Lantern","Mark of Pain"],"potions_floor_usage":[],"damage_taken":[{"damage":15.0,"enemies":"Small Slimes","floor":1.0,"turns":4.0},{"damage":7.0,"enemies":"2 Louse","floor":3.0,"turns":3.0},{"damage":14.0,"enemies":"Gremlin Nob","floor":6.0,"turns":4.0},{"damage":0.0,"enemies":"Cultist","floor":8.0,"turns":2.0},{"damage":0.0,"enemies":"Lots of Slimes","floor":10.0,"turns":2.0},{"damage":8.0,"enemies":"Looter","floor":11.0,"turns":3.0},{"damage":18.0,"enemies":"3 Sentries","floor":13.0,"turns":7.0},{"damage":3.0,"enemies":"2 Fungi Beasts","floor":14.0,"turns":3.0},{"damage":36.0,"enemies":"The Guardian","floor":16.0,"turns":12.0},{"damage":0.0,"enemies":"Shell Parasite","floor":18.0,"turns":2.0},{"damage":11.0,"enemies":"2 Thieves","floor":21.0,"turns":2.0},{"damage":30.0,"enemies":"Snake Plant","floor":22.0,"turns":4.0},{"damage":62,"enemies":"Book of Stabbing","floor":24,"turns":6}],"seed_played":"2743145632651362928","potions_obtained":[{"floor":3.0,"key":"Weak Potion"},{"floor":8.0,"key":"SkillPotion"},{"floor":13.0,"key":"SmokeBomb"},{"floor":14.0,"key":"BloodPotion"},{"floor":18.0,"key":"Fire Potion"}],"is_trial":false,"path_per_floor":["M","?","M","$","?","E","R","M","T","M","M","$","E","M","R","B",null,"M","?","?","M","M","R"],"character_chosen":"IRONCLAD","items_purchased":["Inflame"],"campfire_rested":0,"item_purchase_floors":[4],"current_hp_per_floor":[59,59,58,58,58,50,50,56,56,62,60,60,48,51,51,21,62,68,68,68,63,46,46,0],"gold":215,"neow_bonus":"TRANSFORM_TWO_CARDS","is_prod":false,"is_daily":false,"chose_seed":false,"campfire_upgraded":3,"win_rate":0,"timestamp":1531689520,"path_taken":["M","?","?","?","?","E","R","M","T","M","M","$","E","M","R","BOSS","M","?","?","M","M","R","E"],"build_version":"2018-07-12","purchased_purges":1,"victory":false,"max_hp_per_floor":[75,75,75,75,75,75,75,75,75,75,75,75,75,75,75,75,75,75,75,75,75,75,75,75],"card_choices":[{"not_picked":["Clash","Sentinel"],"picked":"Shockwave","floor":1.0},{"not_picked":["Body Slam","Havoc"],"picked":"Shrug It Off","floor":3.0},{"not_picked":["Juggernaut","Uppercut"],"picked":"Whirlwind","floor":6.0},{"not_picked":["Clash","Cleave"],"picked":"Seeing Red","floor":8.0},{"not_picked":["Headbutt","Twin Strike","Corruption"],"picked":"SKIP","floor":10.0},{"not_picked":["Iron Wave","Infernal Blade"],"picked":"True Grit","floor":11.0},{"not_picked":["Cleave","Thunderclap","True Grit"],"picked":"SKIP","floor":13.0},{"not_picked":["Havoc","Shrug It Off"],"picked":"Seeing Red","floor":14.0},{"not_picked":["Exhume","Reaper"],"picked":"Double Tap","floor":16.0},{"not_picked":["Armaments","Burning Pact","Heavy Blade"],"picked":"SKIP","floor":18.0},{"not_picked":["Flex","Perfected Strike"],"picked":"Ghostly Armor+1","floor":21.0},{"not_picked":["Uppercut","Shrug It Off","Perfected Strike"],"picked":"SKIP","floor":22.0}],"player_experience":468671,"relics_obtained":[{"floor":6.0,"key":"Ginger"},{"floor":9.0,"key":"Darkstone Periapt"},{"floor":13.0,"key":"Lantern"}],"event_choices":[{"event_name":"The Cleric","player_choice":"Card Removal","floor":2.0,"damage_taken":0.0},{"event_name":"Upgrade Shrine","player_choice":"Upgraded","floor":5.0,"damage_taken":0.0},{"event_name":"Duplicator","player_choice":"One dupe","floor":19.0,"damage_taken":0.0},{"event_name":"Upgrade Shrine","player_choice":"Upgraded","floor":20.0,"damage_taken":0.0}],"boss_relics":[{"not_picked":["Black Star","Pandora\u0027s Box"],"picked":"Mark of Pain"}],"items_purged_floors":[12],"is_endless":false,"potions_floor_spawned":[3,8,13,14,18],"killed_by":"Book of Stabbing","ascension_level":14}