{"gold_per_floor":[119,134,8,8,8,8,21,56,56,67,67,92,92,111,111,185,185,203,203,216,235,249,249],"floor_reached":23,"playtime":1135,"items_purged":["Strike_B"],"score":406,"play_id":"ef0dc792-11cc-4507-9b1a-b77ac8928bef","local_time":"20181024194320","is_ascension_mode":true,"campfire_choices":[{"data":"Gash","floor":6,"key":"SMITH"},{"data":"Zap","floor":13,"key":"SMITH"},{"data":"Go for the Eyes","floor":15,"key":"SMITH"}],"neow_cost":"NONE","seed_source_timestamp":1293389975735444,"circlet_count":0,"master_deck":["Strike_B","Strike_B","Strike_B","Defend_B","Defend_B","Defend_B","Zap+1","Dualcast","AscendersBane","Sweeping Beam","Gash+1","Cold Snap+1","Go for the Eyes+1","All For One","Gash","Auto Shields","Cold Snap","Defragment","Capacitor","Coolheaded","Hello World+1"],"relics":["Cracked Core","Omamori","Dead Branch","Pear","The Courier","Bag of Preparation","Lizard Tail"],"potions_floor_usage":[8,12,16,20,23],"damage_taken":[{"damage":0,"enemies":"2 Louse","floor":1,"turns":2},{"damage":2,"enemies":"Cultist","floor":2,"turns":4},{"damage":2,"enemies":"Jaw Worm","floor":7,"turns":3},{"damage":14,"enemies":"Lagavulin","floor":8,"turns":7},{"damage":2,"enemies":"2 Fungi Beasts","floor":10,"turns":2},{"damage":15,"enemies":"3 Sentries","floor":12,"turns":4},{"damage":2,"enemies":"Exordium Wildlife","floor":14,"turns":3},{"damage":21,"enemies":"The Guardian","floor":16,"turns":12},{"damage":2,"enemies":"Spheric Guardian","floor":18,"turns":3},{"damage":14,"enemies":"3 Byrds","floor":20,"turns":5},{"damage":23,"enemies":"Centurion and Healer","floor":21,"turns":7},{"damage":25,"enemies":"Shelled Parasite and Fungi","floor":22,"turns":8},{"damage":0,"enemies":"Gremlin Leader","floor":23,"turns":3}],"seed_played":"-1601655631787293163","potions_obtained":[{"floor":2,"key":"SteroidPotion"},{"floor":7,"key":"Energy Potion"},{"floor":8,"key":"PowerPotion"},{"floor":16,"key":"Weak Potion"},{"floor":22,"key":"AttackPotion"}],"is_trial":false,"path_per_floor":["M","M","$","?","?","R","M","E","T","M","T","E","R","M","R","B",null,"M","?","M","M","M"],"character_chosen":"DEFECT","items_purchased":["Cold Snap"],"campfire_rested":0,"item_purchase_floors":[3],"current_hp_per_floor":[64,62,62,62,62,62,60,46,56,54,54,39,39,37,37,16,65,63,63,49,26,1,1],"gold":249,"neow_bonus":"RANDOM_COMMON_RELIC","is_prod":false,"is_daily":false,"chose_seed":false,"campfire_upgraded":3,"win_rate":0,"timestamp":1540424600,"path_taken":["M","M","$","?","?","R","?","E","T","M","?","E","R","M","R","BOSS","M","?","M","M","?","E"],"build_version":"2018-10-18","purchased_purges":1,"victory":false,"max_hp_per_floor":[71,71,71,71,71,71,71,71,81,81,81,81,81,81,81,81,81,81,81,81,81,81,81],"card_choices":[{"not_picked":["Go for the Eyes","BootSequence"],"picked":"Sweeping Beam","floor":1},{"not_picked":["Capacitor","Coolheaded"],"picked":"Gash","floor":2},{"not_picked":["Cold Snap","Recycle"],"picked":"Go for the Eyes","floor":7},{"not_picked":["Compile Driver","Go for the Eyes"],"picked":"All For One","floor":8},{"not_picked":["Streamline","Sweeping Beam"],"picked":"Gash","floor":10},{"not_picked":["Double Energy","Leap"],"picked":"Auto Shields","floor":12},{"not_picked":["Ball Lightning","Darkness"],"picked":"Cold Snap","floor":14},{"not_picked":["Stack+1","Chill"],"picked":"Defragment","floor":18},{"not_picked":["Ball Lightning","Barrage"],"picked":"Capacitor","floor":20},{"not_picked":["Barrage","Turbo"],"picked":"Coolheaded","floor":21},{"not_picked":["Steam","Go for the Eyes"],"picked":"Hello World+1","floor":22}],"player_experience":815857,"relics_obtained":[{"floor":8,"key":"Dead Branch"},{"floor":9,"key":"Pear"},{"floor":11,"key":"The Courier"},{"floor":12,"key":"Bag of Preparation"}],"event_choices":[{"cards_removed":["Defend_B"],"damage_healed":0,"gold_gain":0,"player_choice":"Purged","damage_taken":0,"max_hp_gain":0,"max_hp_loss":0,"event_name":"Purifier","floor":4,"gold_loss":0},{"damage_healed":0,"gold_gain":0,"player_choice":"Grow","damage_taken":0,"max_hp_gain":0,"max_hp_loss":0,"event_name":"Living Wall","floor":5,"gold_loss":0,"cards_upgraded":["Cold Snap"]},{"damage_healed":0,"gold_gain":0,"player_choice":"Smashed Altar","damage_taken":0,"max_hp_gain":0,"max_hp_loss":0,"event_name":"Forgotten Altar","floor":19,"gold_loss":0,"cards_obtained":["Decay"]}],"is_beta":false,"boss_relics":[{"not_picked":["Philosopher\u0027s Stone","Coffee Dripper"],"picked":"Lizard Tail"}],"items_purged_floors":[3],"is_endless":false,"potions_floor_spawned":[2,7,8,10,16,22],"killed_by":"Gremlin Leader","ascension_level":20}