{"gold_per_floor":[17,92,111,135,135,163,174,174,174,203,168,181,207,223,223,300,300,311,311,321,336,350,350,377,394,394,419,432,432,432,532,532,605,605,624,83,94,94,111,139,139,169,169,204,204,14,26,37,37,37],"floor_reached":51,"playtime":2576,"items_purged":[],"score":1539,"play_id":"fc8a92ef-0eaa-4555-bd81-8fc2e6024392","local_time":"20190223203623","is_ascension_mode":true,"campfire_choices":[{"data":"Zap","floor":15,"key":"SMITH"},{"data":"Dualcast","floor":23,"key":"SMITH"},{"data":"Hologram","floor":29,"key":"SMITH"},{"data":"Beam Cell","floor":32,"key":"SMITH"},{"data":"Lockon","floor":41,"key":"SMITH"},{"data":"Electrodynamics","floor":45,"key":"SMITH"},{"data":"Hologram","floor":49,"key":"SMITH"}],"neow_cost":"NO_GOLD","seed_source_timestamp":934773589373680,"circlet_count":0,"master_deck":["AscendersBane","Defend_B","Defend_B","Defend_B","Defend_B","Zap+1","Dualcast+1","Electrodynamics+1","Beam Cell+1","Ball Lightning","Cold Snap","Cold Snap","Leap","Capacitor+1","Conserve Battery","Creative AI+1","Buffer+1","Self Repair+1","Blizzard+1","Defragment+1","Leap","Defragment+1","Gash","Biased Cognition+1","Hologram+1","Doom and Gloom","Consume+1","Ghostly","Ghostly","Ghostly","Ghostly","Ghostly","Go for the Eyes+1","Electrodynamics+1","Defragment+1","Mayhem+1","Lockon+1","Gash","Gash+1","Reboot","Reinforced Body","Chill+1","Panache+1","Hologram+1","Go for the Eyes+1"],"relics":["Cracked Core","DataDisk","Frozen Egg 2","Bottled Flame","Mummified Hand","Centennial Puzzle","Dodecahedron","Astrolabe","MutagenicStrength","Shuriken","Meat on the Bone","Turnip","StoneCalendar","Pear","Inserter","FossilizedHelix","Matryoshka","Blood Vial","Art of War","Molten Egg 2","Ornamental Fan"],"potions_floor_usage":[3,16,21,24,25,31,33,40,50],"damage_taken":[{"damage":0,"enemies":"Small Slimes","floor":1,"turns":3},{"damage":0,"enemies":"Jaw Worm","floor":3,"turns":2},{"damage":15,"enemies":"3 Sentries","floor":6,"turns":4},{"damage":0,"enemies":"Cultist","floor":7,"turns":2},{"damage":10,"enemies":"Lagavulin","floor":10,"turns":5},{"damage":0,"enemies":"Exordium Thugs","floor":12,"turns":2},{"damage":5,"enemies":"3 Sentries","floor":13,"turns":3},{"damage":13,"enemies":"Blue Slaver","floor":14,"turns":2},{"damage":12,"enemies":"Hexaghost","floor":16,"turns":9},{"damage":5,"enemies":"Shell Parasite","floor":18,"turns":5},{"damage":0,"enemies":"3 Byrds","floor":20,"turns":2},{"damage":2,"enemies":"Snecko","floor":21,"turns":4},{"damage":0,"enemies":"Sentry and Sphere","floor":22,"turns":4},{"damage":0,"enemies":"Gremlin Leader","floor":24,"turns":4},{"damage":0,"enemies":"Snake Plant","floor":25,"turns":4},{"damage":9,"enemies":"Book of Stabbing","floor":27,"turns":3},{"damage":0,"enemies":"Cultist and Chosen","floor":28,"turns":4},{"damage":0,"enemies":"Colosseum Slavers","floor":31,"turns":4},{"damage":1,"enemies":"Colosseum Nobs","floor":31,"turns":3},{"damage":25,"enemies":"Collector","floor":33,"turns":10},{"damage":5,"enemies":"Orb Walker","floor":35,"turns":5},{"damage":0,"enemies":"3 Darklings","floor":37,"turns":3},{"damage":0,"enemies":"Spire Growth","floor":39,"turns":5},{"damage":0,"enemies":"Giant Head","floor":40,"turns":7},{"damage":10,"enemies":"Nemesis","floor":42,"turns":7},{"damage":0,"enemies":"Reptomancer","floor":44,"turns":5},{"damage":0,"enemies":"Transient","floor":47,"turns":5},{"damage":0,"enemies":"Jaw Worm Horde","floor":48,"turns":4},{"damage":0,"enemies":"Donu and Deca","floor":50,"turns":7}],"seed_played":"-7980184368842240409","potions_obtained":[{"floor":1,"key":"Block Potion"},{"floor":3,"key":"SpeedPotion"},{"floor":13,"key":"Dexterity Potion"},{"floor":16,"key":"Swift Potion"},{"floor":22,"key":"Swift Potion"},{"floor":24,"key":"Swift Potion"},{"floor":27,"key":"SpeedPotion"},{"floor":28,"key":"FocusPotion"},{"floor":31,"key":"FearPotion"},{"floor":33,"key":"Regen Potion"},{"floor":42,"key":"Block Potion"},{"floor":48,"key":"FocusPotion"}],"is_trial":false,"path_per_floor":["M","?","M","T","?","E","M","T","T","E","?","M","E","M","R","B",null,"M","?","M","M","M","R","E","M","T","E","M","R","?","?","R","B",null,"M","$","M","?","M","E","R","E","T","E","R","$","M","M","R","B",null],"character_chosen":"DEFECT","items_purchased":["FossilizedHelix","Mayhem+1","Lockon","PowerPotion","Panache+1"],"campfire_rested":0,"item_purchase_floors":[36,36,36,36,46],"current_hp_per_floor":[68,57,57,57,57,42,42,42,42,32,50,50,45,32,32,20,61,66,66,75,75,75,75,75,75,75,75,75,75,37,47,47,44,46,47,47,47,47,47,47,47,47,47,47,47,47,47,47,47,47],"gold":37,"neow_bonus":"THREE_RARE_CARDS","is_prod":false,"is_daily":false,"chose_seed":false,"campfire_upgraded":7,"win_rate":0,"timestamp":1550972183,"path_taken":["M","?","M","?","?","E","?","?","T","E","?","M","E","M","R","BOSS","M","?","M","M","M","R","E","M","T","E","M","R","?","?","R","BOSS","M","$","M","?","?","E","R","E","T","E","R","$","M","M","R","BOSS"],"build_version":"2019-01-23","purchased_purges":0,"victory":true,"max_hp_per_floor":[75,75,75,75,75,75,75,75,75,75,75,75,75,75,75,75,75,75,75,75,75,75,75,75,75,75,75,75,75,37,47,47,47,47,47,47,47,47,47,47,47,47,47,47,47,47,47,47,47,47],"card_choices":[{"not_picked":["Echo Form","All For One"],"picked":"Electrodynamics","floor":0},{"not_picked":["Scrape","Steam Power"],"picked":"Beam Cell","floor":1},{"not_picked":["Scrape","Turbo"],"picked":"Ball Lightning","floor":3},{"not_picked":["Rainbow","Barrage"],"picked":"Cold Snap","floor":6},{"not_picked":["Hello World+1","Darkness"],"picked":"Cold Snap","floor":7},{"not_picked":["Chaos","Melter"],"picked":"Leap","floor":10},{"not_picked":["Fusion","Aggregate","Rebound"],"picked":"SKIP","floor":12},{"not_picked":["Conserve Battery","Loop+1"],"picked":"Capacitor+1","floor":13},{"not_picked":["Thunder Strike","Turbo"],"picked":"Conserve Battery","floor":14},{"not_picked":["Meteor Strike","All For One"],"picked":"Creative AI+1","floor":16},{"not_picked":["Cold Snap","Lockon"],"picked":"Defragment+1","floor":18},{"not_picked":["Melter","Ball Lightning"],"picked":"Leap","floor":20},{"not_picked":["Consume","FTL"],"picked":"Defragment+1","floor":21},{"not_picked":["Consume","Beam Cell"],"picked":"Gash","floor":22},{"not_picked":["Scrape","Loop+1"],"picked":"Biased Cognition+1","floor":24},{"not_picked":["Turbo","Reprogram"],"picked":"Hologram","floor":25},{"not_picked":["Tempest","Auto Shields"],"picked":"Doom and Gloom","floor":27},{"not_picked":["Hologram","Double Energy"],"picked":"Consume+1","floor":28},{"not_picked":["Turbo","Lockon"],"picked":"Go for the Eyes+1","floor":31},{"not_picked":["Meteor Strike","Multi-Cast"],"picked":"Electrodynamics+1","floor":33},{"not_picked":["Barrage+1","Stack+1"],"picked":"Defragment+1","floor":35},{"not_picked":["Skim","Rebound"],"picked":"Gash","floor":37},{"not_picked":["Genetic Algorithm","Blizzard"],"picked":"Gash+1","floor":39},{"not_picked":["Go for the Eyes","Steam"],"picked":"Reboot","floor":40},{"not_picked":["Compile Driver","Beam Cell"],"picked":"Reinforced Body","floor":42},{"not_picked":["Undo","Blizzard+1"],"picked":"Chill+1","floor":44},{"not_picked":["Sweeping Beam+1","Ball Lightning+1"],"picked":"Hologram","floor":47},{"not_picked":["Redo+1","Gash+1"],"picked":"Go for the Eyes+1","floor":48}],"player_experience":350106,"relics_obtained":[{"floor":4,"key":"DataDisk"},{"floor":6,"key":"Frozen Egg 2"},{"floor":8,"key":"Bottled Flame"},{"floor":9,"key":"Mummified Hand"},{"floor":10,"key":"Centennial Puzzle"},{"floor":13,"key":"Dodecahedron"},{"floor":24,"key":"Shuriken"},{"floor":26,"key":"Meat on the Bone"},{"floor":27,"key":"Turnip"},{"floor":31,"key":"StoneCalendar"},{"floor":31,"key":"Pear"},{"floor":40,"key":"Matryoshka"},{"floor":42,"key":"Blood Vial"},{"floor":43,"key":"Art of War"},{"floor":43,"key":"Molten Egg 2"},{"floor":44,"key":"Ornamental Fan"}],"event_choices":[{"damage_healed":0,"gold_gain":75,"player_choice":"Gather Gold","damage_taken":11,"max_hp_gain":0,"max_hp_loss":0,"event_name":"World of Goop","floor":2,"gold_loss":0},{"cards_removed":["Strike_B"],"damage_healed":0,"gold_gain":0,"player_choice":"Purged","damage_taken":0,"max_hp_gain":0,"max_hp_loss":0,"event_name":"Purifier","floor":5,"gold_loss":0},{"damage_healed":18,"gold_gain":0,"player_choice":"Healed","damage_taken":0,"max_hp_gain":0,"max_hp_loss":0,"event_name":"The Cleric","floor":11,"gold_loss":35},{"damage_healed":0,"gold_gain":0,"player_choice":"Inject Mutagens","damage_taken":0,"relics_obtained":["MutagenicStrength"],"max_hp_gain":0,"max_hp_loss":0,"event_name":"Drug Dealer","floor":19,"gold_loss":0},{"damage_healed":0,"gold_gain":0,"player_choice":"Became a Ghost","damage_taken":0,"max_hp_gain":0,"max_hp_loss":38,"event_name":"Ghosts","floor":30,"gold_loss":0,"cards_obtained":["Ghostly","Ghostly","Ghostly","Ghostly","Ghostly"]},{"damage_healed":0,"gold_gain":0,"player_choice":"Fight","damage_taken":0,"max_hp_gain":0,"max_hp_loss":0,"event_name":"Colosseum","floor":31,"gold_loss":0},{"damage_healed":0,"gold_gain":0,"player_choice":"Fought Nobs","damage_taken":0,"max_hp_gain":0,"max_hp_loss":0,"event_name":"Colosseum","floor":31,"gold_loss":0},{"damage_healed":0,"gold_gain":0,"player_choice":"Got Potions","damage_taken":0,"max_hp_gain":0,"max_hp_loss":0,"event_name":"Lab","floor":38,"gold_loss":0}],"is_beta":false,"boss_relics":[{"not_picked":["Orrery","Fusion Hammer"],"picked":"Astrolabe"},{"not_picked":["Black Star","Tiny House"],"picked":"Inserter"}],"items_purged_floors":[],"is_endless":false,"potions_floor_spawned":[1,3,13,16,22,24,27,28,31,33,42,44,47,48],"ascension_level":13}