{"gold_per_floor":[20,195,212,212,231,231,264,364,411,425,436,436],"floor_reached":12,"playtime":347,"items_purged":[],"score":136,"play_id":"414577f4-2d90-472f-ae6a-8e033ef0d1d6","local_time":"20190224151259","is_ascension_mode":true,"campfire_choices":[{"data":"Zap","floor":6,"key":"SMITH"}],"neow_cost":"NO_GOLD","seed_source_timestamp":1004014579173649,"circlet_count":0,"master_deck":["AscendersBane","Strike_B","Strike_B","Strike_B","Strike_B","Defend_B","Defend_B","Defend_B","Defend_B","Zap+1","Dualcast","Rainbow","Go for the Eyes","Doubt","Double Energy+1","Beam Cell","Genetic Algorithm","Conserve Battery","Compile Driver"],"relics":["Cracked Core","Smiling Mask","Oddly Smooth Stone"],"potions_floor_usage":[3,11,12,12],"damage_taken":[{"damage":0,"enemies":"Small Slimes","floor":1,"turns":3},{"damage":0,"enemies":"Jaw Worm","floor":3,"turns":3},{"damage":4,"enemies":"Cultist","floor":5,"turns":4},{"damage":31,"enemies":"Gremlin Nob","floor":7,"turns":5},{"damage":5,"enemies":"3 Louse","floor":10,"turns":3},{"damage":7,"enemies":"Red Slaver","floor":11,"turns":3},{"damage":23,"enemies":"Lagavulin","floor":12,"turns":5}],"seed_played":"4413819304331225509","potions_obtained":[{"floor":1,"key":"Block Potion"},{"floor":7,"key":"FearPotion"},{"floor":10,"key":"Block Potion"},{"floor":11,"key":"Energy Potion"}],"is_trial":false,"path_per_floor":["M","?","M","?","M","R","E","?","T","M","M","E"],"character_chosen":"DEFECT","items_purchased":[],"campfire_rested":0,"item_purchase_floors":[],"current_hp_per_floor":[64,64,64,64,60,60,29,29,29,24,17,0],"gold":436,"neow_bonus":"THREE_RARE_CARDS","is_prod":false,"is_daily":false,"chose_seed":false,"campfire_upgraded":1,"win_rate":0,"timestamp":1551039179,"path_taken":["M","?","M","?","?","R","E","?","T","M","?","E"],"build_version":"2019-01-23","purchased_purges":0,"victory":false,"max_hp_per_floor":[71,71,71,71,71,71,71,71,71,71,71,71],"card_choices":[{"not_picked":["All For One","Thunder Strike"],"picked":"Rainbow","floor":0},{"not_picked":["Beam Cell","Rebound"],"picked":"Go for the Eyes","floor":1},{"not_picked":["Rebound","Melter"],"picked":"Double Energy","floor":3},{"not_picked":["Fusion","Chaos"],"picked":"Beam Cell","floor":5},{"not_picked":["Conserve Battery","Chill"],"picked":"Genetic Algorithm","floor":7},{"not_picked":["Steam Power","Stack"],"picked":"Conserve Battery","floor":10},{"not_picked":["Reinforced Body","Beam Cell"],"picked":"Compile Driver","floor":11}],"player_experience":362763,"relics_obtained":[{"floor":7,"key":"Smiling Mask"},{"floor":9,"key":"Oddly Smooth Stone"}],"event_choices":[{"damage_healed":0,"gold_gain":175,"player_choice":"AGREE","damage_taken":0,"max_hp_gain":0,"max_hp_loss":0,"event_name":"Liars Game","floor":2,"gold_loss":0,"cards_obtained":["Doubt"]},{"damage_healed":0,"gold_gain":0,"player_choice":"Upgraded","damage_taken":0,"max_hp_gain":0,"max_hp_loss":0,"event_name":"Upgrade Shrine","floor":4,"gold_loss":0,"cards_upgraded":["Double Energy"]},{"damage_healed":0,"gold_gain":100,"player_choice":"Pray","damage_taken":0,"max_hp_gain":0,"max_hp_loss":0,"event_name":"Golden Shrine","floor":8,"gold_loss":0}],"is_beta":false,"boss_relics":[],"items_purged_floors":[],"is_endless":false,"potions_floor_spawned":[1,7,10,11],"killed_by":"Lagavulin","ascension_level":14}