{"path_per_floor":["M","?","M","T","$","R","E","M","T","M","?","R","?","M","R","B",null,"M","M","$","T","$","E","R","M","T","M","?","M","R","$","R","B",null,"M","?","M","$","M","R","M","R","T","M","M","M","E","M","R"],"character_chosen":"THE_SILENT","items_purchased":["Bane","Deadly Poison","Thinking Ahead","Well Laid Plans"],"gold_per_floor":[218,318,337,337,155,155,189,200,200,213,213,213,190,205,205,331,331,350,365,88,157,32,67,67,91,91,106,106,121,121,52,52,183,183,198,198,216,66,87,87,103,103,103,126,147,168,201,214,214,214],"floor_reached":50,"campfire_rested":3,"playtime":8052,"item_purchase_floors":[],"current_hp_per_floor":[70,70,69,69,69,69,46,46,46,46,29,50,50,50,50,44,70,65,42,42,42,42,28,57,52,52,42,42,42,52,52,62,42,70,39,39,39,39,36,46,38,48,48,41,38,36,36,25,58,0],"items_purged":["Strike_G","Strike_G","Strike_G","Strike_G"],"gold":214,"score":521,"play_id":"a2f49435-fdcb-4a02-b900-3fde39a16844","local_time":"20180528145325","is_prod":false,"is_daily":false,"chose_seed":false,"is_ascension_mode":false,"campfire_upgraded":6,"win_rate":0.0,"timestamp":1527515605,"campfire_choices":[{"data":"Deadly Poison","floor":6.0,"key":"SMITH"},{"floor":12.0,"key":"REST"},{"data":"Blur","floor":15.0,"key":"SMITH"},{"floor":24,"key":"REST"},{"data":"Outmaneuver","floor":30,"key":"SMITH"},{"data":"Bane","floor":32,"key":"SMITH"},{"data":"Neutralize","floor":40,"key":"SMITH"},{"data":"Acrobatics","floor":42,"key":"SMITH"},{"floor":49,"key":"REST"}],"path_taken":["M","?","M","?","$","R","E","?","T","M","?","R","?","M","R","BOSS","M","M","$","?","$","E","R","?","T","M","?","M","R","?","R","BOSS","M","?","M","$","?","R","M","R","T","M","M","M","E","M","R","BOSS"],"build_version":"2018-05-24","seed_source_timestamp":0,"purchased_purges":4,"victory":false,"master_deck":["Defend_G","Defend_G","Defend_G","Defend_G","Defend_G","Strike_G","Survivor","Neutralize+1","Flying Knee","Blur+1","Bane+1","Deadly Poison+1","Poisoned Stab","Deadly Poison","Acrobatics+1","After Image","Catalyst","Deadly Poison+1","Thinking Ahead","Deflect","Escape Plan","Footwork","Neutralize+1","Outmaneuver+1","Well Laid Plans","Adrenaline","Bouncing Flask","Prepared+1","Prepared","Acrobatics"],"max_hp_per_floor":[70,70,70,70,70,70,70,70,70,70,70,70,70,70,70,70,70,70,70,70,70,70,70,70,70,70,70,70,70,70,70,70,70,70,70,70,70,70,70,70,70,70,70,70,70,70,70,70,70,70],"relics":["Ring of the Snake","Mummified Hand","Lantern","Meat on the Bone","Golden Idol","Eternal Feather","Molten Egg 2","Gambling Chip","Paper Crane","Philosopher\u0027s Stone","Mercury Hourglass","Blue Candle"],"card_choices":[{"not_picked":["Dagger Throw","Riddle With Holes"],"picked":"Flying Knee","floor":1.0},{"not_picked":["Dagger Throw","Expertise"],"picked":"Blur","floor":3.0},{"not_picked":["Distraction","Dodge and Roll"],"picked":"Poisoned Stab","floor":7.0},{"not_picked":["Calculated Gamble","Poisoned Stab"],"picked":"Deadly Poison","floor":8.0},{"not_picked":["Skewer","Bane"],"picked":"Acrobatics","floor":10.0},{"not_picked":["Choke","Deadly Poison","Bane"],"picked":"SKIP","floor":14.0},{"not_picked":["Night Terror","A Thousand Cuts"],"picked":"After Image","floor":16.0},{"not_picked":["Dodge and Roll","Acrobatics+1"],"picked":"Catalyst","floor":18.0},{"not_picked":["Dagger Throw+1","Skewer+1"],"picked":"Deadly Poison+1","floor":19.0},{"not_picked":["Backflip","Poisoned Stab+1"],"picked":"Deflect","floor":23},{"not_picked":["Slice+1","Dagger Throw+1"],"picked":"Escape Plan","floor":25},{"not_picked":["Reflex+1","Expertise"],"picked":"Footwork","floor":27},{"not_picked":["Malaise","Quick Slash+1"],"picked":"Outmaneuver","floor":29},{"not_picked":["A Thousand Cuts","Doppelganger"],"picked":"Adrenaline","floor":33},{"not_picked":["Quick Slash+1","Blur"],"picked":"Bouncing Flask","floor":35},{"not_picked":["Quick Slash+1","Infinite Blades"],"picked":"Prepared+1","floor":37},{"not_picked":["Blur","Deadly Poison+1","Endless Agony+1"],"picked":"SKIP","floor":39},{"not_picked":["Well Laid Plans+1","Predator+1"],"picked":"Prepared","floor":41},{"not_picked":["Caltrops+1","Dagger Spray+1","Flying Knee+1"],"picked":"SKIP","floor":44},{"not_picked":["Caltrops+1","Dodge and Roll","Poisoned Stab+1"],"picked":"SKIP","floor":45},{"not_picked":["Dodge and Roll","Poisoned Stab+1","All Out Attack+1"],"picked":"SKIP","floor":46},{"not_picked":["Skewer+1","Prepared","Envenom"],"picked":"SKIP","floor":47},{"not_picked":["Masterful Stab+1","Deflect+1"],"picked":"Acrobatics","floor":48}],"player_experience":153335,"potions_floor_usage":[23,23,25,33,33,33,35,46,50],"damage_taken":[{"damage":0.0,"enemies":"Small Slimes","floor":1.0,"turns":5.0},{"damage":1.0,"enemies":"Cultist","floor":3.0,"turns":5.0},{"damage":23.0,"enemies":"Gremlin Nob","floor":7.0,"turns":4.0},{"damage":0.0,"enemies":"Jaw Worm","floor":8.0,"turns":2.0},{"damage":0.0,"enemies":"Exordium Wildlife","floor":10.0,"turns":4.0},{"damage":0.0,"enemies":"Looter","floor":14.0,"turns":3.0},{"damage":6.0,"enemies":"Hexaghost","floor":16.0,"turns":8.0},{"damage":5.0,"enemies":"Chosen","floor":18.0,"turns":6.0},{"damage":23.0,"enemies":"Spheric Guardian","floor":19.0,"turns":8.0},{"damage":26,"enemies":"Slavers","floor":23,"turns":6},{"damage":5,"enemies":"Centurion and Healer","floor":25,"turns":9},{"damage":10,"enemies":"Snake Plant","floor":27,"turns":4},{"damage":0,"enemies":"Snecko","floor":29,"turns":4},{"damage":32,"enemies":"Automaton","floor":33,"turns":11},{"damage":43,"enemies":"3 Darklings","floor":35,"turns":5},{"damage":0,"enemies":"Orb Walker","floor":37,"turns":4},{"damage":3,"enemies":"4 Shapes","floor":39,"turns":8},{"damage":20,"enemies":"Sphere and 2 Shapes","floor":41,"turns":8},{"damage":7,"enemies":"3 Darklings","floor":44,"turns":5},{"damage":3,"enemies":"4 Shapes","floor":45,"turns":8},{"damage":14,"enemies":"Sphere and 2 Shapes","floor":46,"turns":6},{"damage":0,"enemies":"Nemesis","floor":47,"turns":5},{"damage":23,"enemies":"3 Darklings","floor":48,"turns":6},{"damage":58,"enemies":"Time Eater","floor":50,"turns":13}],"relics_obtained":[{"floor":4.0,"key":"Mummified Hand"},{"floor":7.0,"key":"Lantern"},{"floor":9.0,"key":"Meat on the Bone"},{"floor":21.0,"key":"Molten Egg 2"},{"floor":23,"key":"Gambling Chip"},{"floor":26,"key":"Paper Crane"},{"floor":43,"key":"Mercury Hourglass"},{"floor":47,"key":"Blue Candle"}],"event_choices":[{"event_name":"Golden Shrine","player_choice":"Pray","floor":2.0,"damage_taken":0.0},{"event_name":"Golden Idol","player_choice":"Take Damage","floor":11.0,"damage_taken":0.0},{"event_name":"World of Goop","player_choice":"Left","floor":13.0,"damage_taken":0.0},{"event_name":"Match and Keep!","player_choice":"1 cards matched","floor":28,"damage_taken":0},{"event_name":"Tomb of Lord Red Mask","player_choice":"Ignored","floor":36,"damage_taken":0}],"boss_relics":[{"not_picked":["White Beast Statue","Orrery"],"picked":"Philosopher\u0027s Stone"}],"items_purged_floors":[],"potions_floor_spawned":[7,10,16,23,27,29,33,35,37,39,48],"seed_played":"-6297882428756559108","killed_by":"Time Eater","ascension_level":0,"potions_obtained":[{"floor":7.0,"key":"SneckoOil"},{"floor":10.0,"key":"LiquidBronze"},{"floor":16.0,"key":"Explosive Potion"},{"floor":23,"key":"SpeedPotion"},{"floor":27,"key":"EntropicBrew"},{"floor":29,"key":"GhostInAJar"},{"floor":33,"key":"GhostInAJar"},{"floor":35,"key":"SkillPotion"},{"floor":48,"key":"AttackPotion"}],"is_trial":false}