{"path_per_floor":["M","$","?","M","M","R","$","M","T","M","M","M","?","M","R","B",null,"M","?","M","$","M","R"],"character_chosen":"THE_SILENT","items_purchased":["Burst","Blur","Flying Knee"],"gold_per_floor":[219,76,76,91,108,108,28,38,63,79,92,112,112,122,122,218,218,237,237,250,150,166,166],"floor_reached":24,"campfire_rested":1,"playtime":1271,"current_hp_per_floor":[63,63,49,49,48,48,48,48,55,55,48,29,29,29,52,37,67,40,32,31,31,28,28],"items_purged":["Strike_G","Strike_G"],"gold":166,"score":259,"play_id":"9c59249f-0b8c-4b39-8f4e-9b5d44eb0384","is_prod":false,"is_daily":false,"is_ascension_mode":true,"campfire_upgraded":2,"path_taken":["M","$","?","M","?","R","$","M","T","M","M","M","?","M","R","BOSS","M","?","M","$","M","R","M"],"build_version":"2018-02-15-PROD1","purchased_purges":2,"victory":false,"master_deck":["Defend_G","Defend_G","Defend_G","Defend_G+1","Defend_G","Strike_G","Strike_G","Strike_G","Survivor","Neutralize+1","Backstab","Burst+1","Quick Slash","Blur+1","Flying Knee","Sucker Punch","Outmaneuver","Noxious Fumes","Injury","Noxious Fumes","Adrenaline+1","Bouncing Flask","Blur","Venomology","PiercingWail"],"max_hp_per_floor":[70,70,70,70,70,70,70,70,77,77,77,77,77,77,77,77,77,77,77,77,77,77,77],"relics":["Ring of the Snake","Strawberry","Orrery"],"card_choices":[{"not_picked":["Backflip","Cloak And Dagger"],"picked":"Backstab"},{"not_picked":["Dodge and Roll","Deflect"],"picked":"Quick Slash"},{"not_picked":["Deadly Poison","Outmaneuver"],"picked":"Sucker Punch"},{"not_picked":["Poisoned Stab","Corpse Explosion"],"picked":"Outmaneuver"},{"not_picked":["Deflect","Dagger Throw"],"picked":"Noxious Fumes"},{"not_picked":["Acrobatics","Deflect"],"picked":"Noxious Fumes"},{"not_picked":["A Thousand Cuts","Unload"],"picked":"Adrenaline"},{"not_picked":["Dash","Deflect"],"picked":"Bouncing Flask"},{"not_picked":["All Out Attack","Prepared"],"picked":"Blur"},{"not_picked":["Dagger Throw","Infinite Blades"],"picked":"Venomology"},{"not_picked":["Bane","Cloak And Dagger"],"picked":"PiercingWail"}],"player_experience":215277,"potions_floor_usage":[14,16,20,22,22,24,24,24],"damage_taken":[{"damage":0,"enemies":"Jaw Worm","floor":1,"turns":5},{"damage":0,"enemies":"2 Louse","floor":4,"turns":4},{"damage":1,"enemies":"Small Slimes","floor":5,"turns":4},{"damage":0,"enemies":"Red Slaver","floor":8,"turns":5},{"damage":0,"enemies":"Blue Slaver","floor":10,"turns":4},{"damage":7,"enemies":"Large Slime","floor":11,"turns":7},{"damage":19,"enemies":"Gremlin Gang","floor":12,"turns":6},{"damage":0,"enemies":"Exordium Thugs","floor":14,"turns":4},{"damage":15,"enemies":"The Guardian","floor":16,"turns":11},{"damage":27,"enemies":"Shell Parasite","floor":18,"turns":7},{"damage":1,"enemies":"3 Byrds","floor":20,"turns":6},{"damage":18,"enemies":"Snake Plant","floor":22,"turns":8},{"damage":10,"enemies":"Cultist and Chosen","floor":24,"turns":5}],"event_choices":[{"event_name":"Shining Light","player_choice":"Entered Light","floor":3,"damage_taken":0},{"event_name":"Accursed Blacksmith","player_choice":"Forge","floor":13,"damage_taken":0},{"event_name":"Knowing Skull","player_choice":"","floor":19,"damage_taken":0}],"boss_relics":[{"not_picked":["Eternal Feather","Snecko Eye"],"picked":"Orrery"}],"potions_floor_spawned":[1,11,12,14,18,20,22],"seed_played":"4360491195299218856","killed_by":"Cultist and Chosen","ascension_level":7,"is_trial":false}