{"gold_per_floor":[117,132,132,22,40,72,72,103,103,113,124,138,138,138,138,236,236,251,251,251,264,21,49,49,49,49,84,101,126,143,242,242,337,337,353,353,399,399,409,441,456,256,302,332,370,396,410,442,442,467],"floor_reached":51,"playtime":3489,"items_purged":["Strike_B","Strike_B"],"score":1287,"play_id":"5114113f-ca5c-4a9a-9516-f7a213ff212e","local_time":"20190125181729","is_ascension_mode":true,"campfire_choices":[{"data":"Self Repair","floor":7,"key":"SMITH"},{"data":"Sunder","floor":13,"key":"SMITH"},{"data":"Scrape","floor":15,"key":"SMITH"},{"data":"Buffer","floor":24,"key":"SMITH"},{"data":"Reboot","floor":32,"key":"SMITH"},{"floor":49,"key":"RECALL"}],"neow_cost":"NONE","seed_source_timestamp":691570151433206,"circlet_count":0,"master_deck":["Strike_B","Defend_B","Defend_B","Defend_B","Defend_B","Zap","Dualcast","Doom and Gloom","Self Repair+1","Glacier","Scrape+1","Sunder+1","Buffer+1","Reboot+1","Conserve Battery","Leap","Redo+1","Sunder+1","Thunder Strike+1","Compile Driver+1","Go for the Eyes+1","Recycle","Thunder Strike+1","Sweeping Beam+1","Apotheosis","Ball Lightning+1","Defragment+1","Multi-Cast","HandOfGreed+1","Heatsinks+1","Undo","Force Field+1","Self Repair+1"],"relics":["Snecko Eye","NlothsMask","Omamori","Letter Opener","Velvet Choker","Nilry\u0027s Codex","Membership Card","Pear","Frozen Egg 2","Molten Egg 2","Mummified Hand","Fusion Hammer","Unceasing Top","Emotion Chip","Lantern","Art of War","Vajra","The Courier"],"potions_floor_usage":[8,16,23,23,27,33,37,40,46,48,50],"damage_taken":[{"damage":0,"enemies":"2 Louse","floor":1,"turns":2},{"damage":1,"enemies":"Cultist","floor":2,"turns":3},{"damage":0,"enemies":"Small Slimes","floor":5,"turns":2},{"damage":4,"enemies":"Lagavulin","floor":6,"turns":5},{"damage":8,"enemies":"3 Sentries","floor":8,"turns":4},{"damage":2,"enemies":"Blue Slaver","floor":10,"turns":3},{"damage":6,"enemies":"Gremlin Gang","floor":11,"turns":2},{"damage":0,"enemies":"2 Fungi Beasts","floor":12,"turns":2},{"damage":58,"enemies":"Hexaghost","floor":16,"turns":10},{"damage":2,"enemies":"Shell Parasite","floor":18,"turns":5},{"damage":0,"enemies":"2 Thieves","floor":21,"turns":3},{"damage":0,"enemies":"Gremlin Leader","floor":23,"turns":9},{"damage":0,"enemies":"Book of Stabbing","floor":27,"turns":5},{"damage":0,"enemies":"3 Cultists","floor":28,"turns":4},{"damage":0,"enemies":"Gremlin Leader","floor":29,"turns":5},{"damage":0,"enemies":"Chosen and Byrds","floor":30,"turns":4},{"damage":29,"enemies":"Champ","floor":33,"turns":12},{"damage":4,"enemies":"3 Shapes","floor":35,"turns":4},{"damage":0,"enemies":"2 Orb Walkers","floor":37,"turns":4},{"damage":0,"enemies":"Orb Walker","floor":39,"turns":4},{"damage":41,"enemies":"Nemesis","floor":40,"turns":9},{"damage":0,"enemies":"Transient","floor":41,"turns":5},{"damage":0,"enemies":"Reptomancer","floor":44,"turns":6},{"damage":0,"enemies":"Sphere and 2 Shapes","floor":45,"turns":3},{"damage":0,"enemies":"Nemesis","floor":46,"turns":7},{"damage":0,"enemies":"Maw","floor":47,"turns":5},{"damage":0,"enemies":"Reptomancer","floor":48,"turns":5},{"damage":52,"enemies":"Awakened One","floor":50,"turns":10}],"seed_played":"-1598701022452231971","potions_obtained":[{"floor":6,"key":"Strength Potion"},{"floor":8,"key":"GamblersBrew"},{"floor":10,"key":"Regen Potion"},{"floor":16,"key":"SkillPotion"},{"floor":18,"key":"EssenceOfSteel"},{"floor":27,"key":"SmokeBomb"},{"floor":29,"key":"EssenceOfSteel"},{"floor":30,"key":"GamblersBrew"},{"floor":35,"key":"Weak Potion"},{"floor":39,"key":"FearPotion"},{"floor":45,"key":"Block Potion"},{"floor":46,"key":"FearPotion"}],"is_trial":false,"path_per_floor":["M","M","?","$","M","E","R","E","T","M","M","M","R","?","R","B",null,"M","?","?","M","$","E","R","?","T","E","M","E","M","?","R","B",null,"M","?","?","?","M","E","M","$","T","E","M","E","M","E","R","B",null],"character_chosen":"DEFECT","items_purchased":["Doom and Gloom","Self Repair","Membership Card","Leap","HandOfGreed+1","Heatsinks+1","PowerPotion"],"campfire_rested":0,"item_purchase_floors":[4,4,22,22,42,42,42],"current_hp_per_floor":[68,67,67,67,74,75,75,75,75,75,69,75,75,75,75,27,63,71,55,55,55,55,85,85,85,85,85,85,85,85,85,85,66,80,85,85,85,85,85,54,64,64,64,74,84,85,85,85,85,43],"gold":467,"neow_bonus":"BOSS_RELIC","is_prod":false,"is_daily":false,"chose_seed":false,"campfire_upgraded":5,"win_rate":0,"timestamp":1548458249,"path_taken":["M","M","?","?","M","E","R","E","T","M","M","M","R","?","R","BOSS","M","?","?","?","$","E","R","?","T","E","M","E","?","?","R","BOSS","M","?","?","?","M","E","M","$","T","E","M","E","M","E","R","BOSS"],"build_version":"2019-01-23","purchased_purges":2,"victory":true,"max_hp_per_floor":[75,75,75,75,75,75,75,75,75,75,75,75,75,75,75,75,75,75,75,75,75,75,85,85,85,85,85,85,85,85,85,85,85,85,85,85,85,85,85,85,85,85,85,85,85,85,85,85,85,85],"card_choices":[{"not_picked":["Rebound","Turbo","Sweeping Beam"],"picked":"SKIP","floor":1},{"not_picked":["Streamline","Aggregate","Redo"],"picked":"SKIP","floor":2},{"not_picked":["Compile Driver","Fusion"],"picked":"Glacier","floor":5},{"not_picked":["Reboot","Turbo","Reinforced Body"],"picked":"SKIP","floor":6},{"not_picked":["Darkness","Leap"],"picked":"Scrape","floor":8},{"not_picked":["Conserve Battery","Genetic Algorithm"],"picked":"Sunder","floor":10},{"not_picked":["Gash","Hologram","Skim"],"picked":"SKIP","floor":11},{"not_picked":["Redo","Rebound","Blizzard"],"picked":"SKIP","floor":12},{"not_picked":["Redo","Rebound","Blizzard"],"picked":"SKIP","floor":12},{"not_picked":["Redo","Rebound","Blizzard"],"picked":"SKIP","floor":12},{"not_picked":["Machine Learning","Amplify"],"picked":"Buffer","floor":16},{"not_picked":["Melter","Reprogram","Beam Cell+1"],"picked":"SKIP","floor":18},{"not_picked":["Loop+1","Stack"],"picked":"Conserve Battery","floor":21},{"not_picked":["Streamline+1","Gash"],"picked":"Redo+1","floor":23},{"not_picked":["Defragment+1","Aggregate+1"],"picked":"Thunder Strike","floor":27},{"not_picked":["Cold Snap+1","Capacitor+1"],"picked":"Compile Driver+1","floor":28},{"not_picked":["Steam","Reprogram"],"picked":"Go for the Eyes+1","floor":29},{"not_picked":["Steam+1","Skim"],"picked":"Recycle","floor":30},{"not_picked":["Biased Cognition+1","Rainbow"],"picked":"Thunder Strike+1","floor":33},{"not_picked":["Cold Snap+1","Gash+1"],"picked":"Sweeping Beam+1","floor":35},{"not_picked":["Blind","Violence"],"picked":"Apotheosis","floor":36},{"not_picked":["Gash+1","Turbo"],"picked":"Ball Lightning+1","floor":37},{"not_picked":["Ball Lightning+1","Capacitor+1"],"picked":"Defragment+1","floor":39},{"not_picked":["Blizzard+1","Glacier"],"picked":"Multi-Cast","floor":40},{"not_picked":["Sweeping Beam+1","BootSequence","Redo"],"picked":"SKIP","floor":41},{"not_picked":["Chaos+1","Gash+1"],"picked":"Undo","floor":44},{"not_picked":["Leap+1","BootSequence","Coolheaded"],"picked":"SKIP","floor":45},{"not_picked":["Stack+1","Compile Driver+1"],"picked":"Force Field+1","floor":46},{"not_picked":["Aggregate","Biased Cognition+1","Reinforced Body"],"picked":"SKIP","floor":47},{"not_picked":["Beam Cell+1","Redo"],"picked":"Self Repair+1","floor":48}],"player_experience":223418,"relics_obtained":[{"floor":6,"key":"Omamori"},{"floor":8,"key":"Letter Opener"},{"floor":19,"key":"Nilry\u0027s Codex"},{"floor":23,"key":"Pear"},{"floor":26,"key":"Frozen Egg 2"},{"floor":27,"key":"Molten Egg 2"},{"floor":29,"key":"Mummified Hand"},{"floor":37,"key":"Unceasing Top"},{"floor":40,"key":"Emotion Chip"},{"floor":43,"key":"Lantern"},{"floor":44,"key":"Art of War"},{"floor":46,"key":"Vajra"},{"floor":48,"key":"The Courier"}],"event_choices":[{"damage_healed":0,"gold_gain":0,"player_choice":"Trade","damage_taken":0,"relics_obtained":["NlothsMask"],"max_hp_gain":0,"max_hp_loss":0,"event_name":"FaceTrader","floor":3,"gold_loss":0},{"damage_healed":0,"gold_gain":0,"player_choice":"Ignored","damage_taken":0,"max_hp_gain":0,"max_hp_loss":0,"event_name":"Liars Game","floor":14,"gold_loss":0},{"damage_healed":0,"gold_gain":0,"player_choice":"Obtained Book","damage_taken":16,"max_hp_gain":0,"max_hp_loss":0,"event_name":"Cursed Tome","floor":19,"gold_loss":0},{"damage_healed":0,"gold_gain":0,"cards_transformed":["Strike_B"],"player_choice":"Transformed","damage_taken":0,"max_hp_gain":0,"max_hp_loss":0,"event_name":"Transmorgrifier","floor":20,"gold_loss":0,"cards_obtained":["Reboot"]},{"damage_healed":0,"gold_gain":0,"player_choice":"Copied","damage_taken":0,"max_hp_gain":0,"max_hp_loss":0,"event_name":"Duplicator","floor":25,"gold_loss":0,"cards_obtained":["Sunder"]},{"damage_healed":0,"gold_gain":99,"player_choice":"Stole From Cult","damage_taken":0,"max_hp_gain":0,"max_hp_loss":0,"event_name":"Nest","floor":31,"gold_loss":0},{"damage_healed":0,"gold_gain":0,"player_choice":"Memory 1","damage_taken":0,"max_hp_gain":0,"max_hp_loss":0,"event_name":"SensoryStone","floor":36,"gold_loss":0},{"damage_healed":0,"gold_gain":0,"player_choice":"Fight","damage_taken":0,"max_hp_gain":0,"max_hp_loss":0,"event_name":"Mysterious Sphere","floor":37,"gold_loss":0},{"damage_healed":0,"gold_gain":0,"player_choice":"Ignored","damage_taken":0,"max_hp_gain":0,"max_hp_loss":0,"event_name":"Tomb of Lord Red Mask","floor":38,"gold_loss":0}],"is_beta":false,"boss_relics":[{"not_picked":["Cursed Key","Eternal Feather"],"picked":"Velvet Choker"},{"not_picked":["Pandora\u0027s Box","Philosopher\u0027s Stone"],"picked":"Fusion Hammer"}],"items_purged_floors":[22,42],"is_endless":false,"potions_floor_spawned":[6,8,10,16,18,21,27,29,30,35,39,45,46],"ascension_level":7}