{"gold_per_floor":[116,116,130,140,150,150,184,199,199,199],"floor_reached":10,"playtime":298,"items_purged":[],"score":130,"play_id":"34e850ef-348b-4b25-a94f-9cd058a2e5f4","local_time":"20190227140232","is_ascension_mode":true,"campfire_choices":[{"floor":6,"key":"REST"}],"neow_cost":"NONE","seed_source_timestamp":1259038542441440,"circlet_count":0,"master_deck":["AscendersBane","Strike_B","Strike_B","Strike_B","Strike_B","Defend_B","Defend_B","Defend_B","Defend_B","Zap+1","Dualcast+1","Stack","Beam Cell","Loop","Cold Snap","Lockon"],"relics":["Cracked Core","Letter Opener","Pocketwatch"],"potions_floor_usage":[8],"damage_taken":[{"damage":1,"enemies":"2 Louse","floor":1,"turns":2},{"damage":0,"enemies":"Cultist","floor":3,"turns":4},{"damage":5,"enemies":"Small Slimes","floor":4,"turns":2},{"damage":25,"enemies":"Gremlin Gang","floor":5,"turns":5},{"damage":20,"enemies":"Lagavulin","floor":7,"turns":7},{"damage":17,"enemies":"Exordium Wildlife","floor":8,"turns":4},{"damage":35,"enemies":"Gremlin Nob","floor":10,"turns":3}],"seed_played":"-368754941606733336","potions_obtained":[{"floor":7,"key":"Poison Potion"}],"is_trial":false,"path_per_floor":["M","?","M","M","M","R","E","M","T","E"],"character_chosen":"DEFECT","items_purchased":[],"campfire_rested":1,"item_purchase_floors":[],"current_hp_per_floor":[63,63,63,58,33,54,34,17,17,0],"gold":199,"neow_bonus":"UPGRADE_CARD","is_prod":false,"is_daily":false,"chose_seed":false,"campfire_upgraded":0,"win_rate":0,"timestamp":1551294152,"path_taken":["M","?","M","M","M","R","E","M","T","E"],"build_version":"2019-01-23","purchased_purges":0,"victory":false,"max_hp_per_floor":[71,71,71,71,71,71,71,71,71,71],"card_choices":[{"not_picked":["Hologram","Steam"],"picked":"Stack","floor":1},{"not_picked":["Coolheaded","Aggregate"],"picked":"Beam Cell","floor":3},{"not_picked":["Streamline","Redo"],"picked":"Loop","floor":4},{"not_picked":["Conserve Battery","Stack"],"picked":"Cold Snap","floor":5},{"not_picked":["Gash","Auto Shields"],"picked":"Lockon","floor":7},{"not_picked":["Rip and Tear","Loop","Consume"],"picked":"SKIP","floor":8}],"player_experience":400965,"relics_obtained":[{"floor":7,"key":"Letter Opener"},{"floor":9,"key":"Pocketwatch"}],"event_choices":[{"damage_healed":0,"gold_gain":0,"player_choice":"Upgraded","damage_taken":0,"max_hp_gain":0,"max_hp_loss":0,"event_name":"Upgrade Shrine","floor":2,"gold_loss":0,"cards_upgraded":["Dualcast"]}],"is_beta":false,"boss_relics":[],"items_purged_floors":[],"is_endless":false,"potions_floor_spawned":[7],"killed_by":"Gremlin Nob","ascension_level":17}