{"gold_per_floor":[117,49,64,74,93,93,124,124,148,148,176,189,199,216,216,313,313,333,333,350,361,381,381,410,7,7,27,43,43,61,61,61,61],"floor_reached":33,"playtime":1987,"items_purged":["Strike_G"],"score":283,"play_id":"f34ed6f4-da85-4793-b2f3-d241abd3914a","local_time":"20190115093238","is_ascension_mode":false,"campfire_choices":[{"data":"Glass Knife","floor":6,"key":"SMITH"},{"data":"Neutralize","floor":8,"key":"SMITH"},{"data":"Skewer","floor":15,"key":"SMITH"},{"floor":23,"key":"REST"},{"floor":29,"key":"REST"},{"floor":32,"key":"REST"}],"neow_cost":"NONE","seed_source_timestamp":487120865090503,"circlet_count":0,"master_deck":["Defend_G","Defend_G+1","Defend_G","Defend_G","Strike_G","Strike_G","Strike_G","Strike_G","Survivor","Neutralize+1","Glass Knife+1","Backstab","Backstab","Quick Slash","Poisoned Stab","Die Die Die","PiercingWail","Flying Knee","Skewer+1","Glass Knife","Sucker Punch","Poisoned Stab+1","Dagger Throw","Trip","Slice","Deflect+1","Dagger Spray","Deflect+1","Shame"],"relics":["Ring of the Snake","War Paint","PreservedInsect","Strawberry","Black Star","Paper Crane","Potion Belt","TwistedFunnel","Snake Skull","Smiling Mask"],"potions_floor_usage":[16,24,33,33,33,33,33],"damage_taken":[{"damage":0,"enemies":"Cultist","floor":1,"turns":3},{"damage":0,"enemies":"Jaw Worm","floor":3,"turns":1},{"damage":0,"enemies":"2 Louse","floor":4,"turns":2},{"damage":0,"enemies":"Gremlin Gang","floor":5,"turns":3},{"damage":18,"enemies":"Lagavulin","floor":7,"turns":5},{"damage":1,"enemies":"3 Sentries","floor":11,"turns":3},{"damage":0,"enemies":"Exordium Wildlife","floor":12,"turns":3},{"damage":0,"enemies":"Exordium Thugs","floor":13,"turns":1},{"damage":0,"enemies":"2 Fungi Beasts","floor":14,"turns":2},{"damage":55,"enemies":"Slime Boss","floor":16,"turns":14},{"damage":10,"enemies":"2 Thieves","floor":18,"turns":3},{"damage":1,"enemies":"Chosen","floor":20,"turns":3},{"damage":9,"enemies":"Snecko","floor":21,"turns":5},{"damage":17,"enemies":"Chosen and Byrds","floor":22,"turns":5},{"damage":29,"enemies":"Slavers","floor":24,"turns":6},{"damage":12,"enemies":"Snake Plant","floor":27,"turns":3},{"damage":0,"enemies":"3 Cultists","floor":28,"turns":4},{"damage":14,"enemies":"Centurion and Healer","floor":30,"turns":3},{"damage":83,"enemies":"Automaton","floor":33,"turns":12}],"seed_played":"6541864163037039335","potions_obtained":[{"floor":1,"key":"SpeedPotion"},{"floor":3,"key":"Strength Potion"},{"floor":11,"key":"GamblersBrew"},{"floor":12,"key":"PowerPotion"},{"floor":20,"key":"SpeedPotion"},{"floor":21,"key":"GhostInAJar"},{"floor":27,"key":"AttackPotion"},{"floor":28,"key":"Poison Potion"},{"floor":30,"key":"GamblersBrew"}],"is_trial":false,"path_per_floor":["M","$","M","M","M","R","E","R","T","?","E","M","M","M","R","B",null,"M","?","M","M","M","R","E","$","T","M","M","R","M","?","R","B"],"character_chosen":"THE_SILENT","items_purchased":["Backstab","Trip","TwistedFunnel","Slice"],"campfire_rested":3,"item_purchase_floors":[2,25,25,25],"current_hp_per_floor":[70,70,70,70,70,70,52,52,52,52,58,58,58,58,58,3,77,67,67,66,57,40,63,34,34,34,22,22,45,31,31,54,0],"gold":61,"neow_bonus":"ONE_RANDOM_RARE_CARD","is_prod":false,"is_daily":false,"chose_seed":false,"campfire_upgraded":3,"win_rate":0.0,"timestamp":1547562758,"path_taken":["M","?","M","M","?","R","E","R","T","?","E","M","M","M","R","BOSS","M","?","M","M","?","R","E","$","T","M","M","R","M","?","R","BOSS"],"build_version":"2019-01-10","purchased_purges":1,"victory":false,"max_hp_per_floor":[70,70,70,70,70,70,70,70,70,70,77,77,77,77,77,77,77,77,77,77,77,77,77,77,77,77,77,77,77,77,77,77,77],"card_choices":[{"not_picked":["Deadly Poison","Poisoned Stab"],"picked":"Backstab","floor":1},{"not_picked":["Dash","Bane"],"picked":"Quick Slash","floor":3},{"not_picked":["Deflect","Sucker Punch"],"picked":"Poisoned Stab","floor":4},{"not_picked":["Dodge and Roll","Well Laid Plans","Underhanded Strike"],"picked":"SKIP","floor":5},{"not_picked":["Expertise","Dagger Throw"],"picked":"Die Die Die","floor":7},{"not_picked":["Calculated Gamble","Dodge and Roll"],"picked":"PiercingWail","floor":11},{"not_picked":["Dagger Spray","Predator"],"picked":"Flying Knee","floor":12},{"not_picked":["Dagger Spray","Acrobatics"],"picked":"Skewer","floor":13},{"not_picked":["Underhanded Strike","Noxious Fumes","PiercingWail"],"picked":"SKIP","floor":14},{"not_picked":["Tools of the Trade","Die Die Die"],"picked":"Glass Knife","floor":16},{"not_picked":["Calculated Gamble","Flechettes"],"picked":"Sucker Punch","floor":18},{"not_picked":["Reflex+1","Sucker Punch","Bouncing Flask+1"],"picked":"SKIP","floor":20},{"not_picked":["Outmaneuver","Reflex+1"],"picked":"Poisoned Stab+1","floor":21},{"not_picked":["Acrobatics","Reflex"],"picked":"Dagger Throw","floor":22},{"not_picked":["Calculated Gamble","Acrobatics","Predator+1"],"picked":"SKIP","floor":24},{"not_picked":["Footwork","Burst"],"picked":"Deflect+1","floor":27},{"not_picked":["PiercingWail","Blade Dance"],"picked":"Dagger Spray","floor":28},{"not_picked":["Poisoned Stab","Flying Knee+1"],"picked":"Deflect+1","floor":30}],"player_experience":44657,"relics_obtained":[{"floor":7,"key":"War Paint"},{"floor":9,"key":"PreservedInsect"},{"floor":11,"key":"Strawberry"},{"floor":24,"key":"Paper Crane"},{"floor":24,"key":"Potion Belt"},{"floor":26,"key":"Snake Skull"}],"event_choices":[{"damage_healed":0,"gold_gain":0,"player_choice":"Ignored","damage_taken":0,"max_hp_gain":0,"max_hp_loss":0,"event_name":"Liars Game","floor":10,"gold_loss":0},{"cards_removed":["Defend_G"],"damage_healed":0,"gold_gain":0,"player_choice":"Offered Basic","damage_taken":0,"max_hp_gain":0,"max_hp_loss":0,"event_name":"Bonfire Elementals","floor":19,"gold_loss":0},{"damage_healed":0,"gold_gain":0,"player_choice":"Stole Relic","damage_taken":0,"relics_obtained":["Smiling Mask"],"max_hp_gain":0,"max_hp_loss":0,"event_name":"Addict","floor":31,"gold_loss":0,"cards_obtained":["Shame"]}],"is_beta":false,"boss_relics":[{"not_picked":["Eternal Feather","Runic Dome"],"picked":"Black Star"}],"items_purged_floors":[25],"is_endless":false,"potions_floor_spawned":[1,3,11,12,20,21,27,28,30],"killed_by":"Automaton","ascension_level":0}