{"gold_per_floor":[112,73,90,102,102,128,128,189,189,216,216,241,241,241,241,318,318,331,347,347,347,73,73,104,155,181,212,212,212,212],"floor_reached":30,"playtime":989,"items_purged":[],"score":571,"play_id":"027e6b0f-ec48-478e-ad8d-69e66abdfa82","local_time":"20181017235812","is_ascension_mode":true,"campfire_choices":[{"data":"Intimidate","floor":7.0,"key":"SMITH"},{"data":"1","floor":11.0,"key":"LIFT"},{"data":"Perfected Strike","floor":13.0,"key":"SMITH"},{"floor":15.0,"key":"REST"},{"data":"2","floor":23.0,"key":"LIFT"},{"floor":29,"key":"REST"}],"neow_cost":"NONE","seed_source_timestamp":703811798384487,"circlet_count":0,"master_deck":["Strike_R+1","Strike_R+1","Strike_R+1","Strike_R+1","Defend_R+1","Defend_R+1","Defend_R+1","Defend_R+1","Bash","AscendersBane","Pommel Strike+1","Intimidate+1","Twin Strike","Iron Wave","Clothesline","Warcry","Pommel Strike","Perfected Strike+1","Demon Form","Whirlwind","Twin Strike","Perfected Strike","Corruption","Swift Strike","Shrug It Off","Pommel Strike+1","Berserk","RitualDagger","True Grit"],"special_seed":0,"relics":["Burning Blood","NeowsBlessing","Charon\u0027s Ashes","Unceasing Top","Girya","Mango","Pear","Sozu","Dream Catcher","Bag of Marbles","Blood Vial","Bronze Scales"],"potions_floor_usage":[],"damage_taken":[{"damage":0.0,"enemies":"Cultist","floor":1.0,"turns":1.0},{"damage":0.0,"enemies":"Small Slimes","floor":3.0,"turns":1.0},{"damage":0.0,"enemies":"Jaw Worm","floor":4.0,"turns":1.0},{"damage":34.0,"enemies":"Lagavulin","floor":6.0,"turns":6.0},{"damage":19.0,"enemies":"Gremlin Nob","floor":8.0,"turns":4.0},{"damage":17.0,"enemies":"3 Sentries","floor":10.0,"turns":5.0},{"damage":37.0,"enemies":"Lagavulin","floor":12.0,"turns":6.0},{"damage":31.0,"enemies":"Slime Boss","floor":16.0,"turns":8.0},{"damage":20.0,"enemies":"Spheric Guardian","floor":18.0,"turns":4.0},{"damage":0.0,"enemies":"3 Byrds","floor":19.0,"turns":3.0},{"damage":37.0,"enemies":"Slavers","floor":24.0,"turns":4.0},{"damage":40,"enemies":"Book of Stabbing","floor":27,"turns":4},{"damage":37,"enemies":"Sentry and Sphere","floor":30,"turns":4}],"seed_played":"8878168877114853366","potions_obtained":[{"floor":3.0,"key":"SkillPotion"},{"floor":4.0,"key":"BloodPotion"},{"floor":6.0,"key":"Explosive Potion"},{"floor":12.0,"key":"Energy Potion"}],"is_trial":false,"path_per_floor":["M","$","M","M","?","E","R","?","T","E","R","E","R","?","R","B",null,"M","M","?","?","$","R","E","T","T","E","?","R"],"character_chosen":"IRONCLAD","items_purchased":["Intimidate","Perfected Strike","Corruption","Swift Strike","Shrug It Off"],"campfire_rested":2,"item_purchase_floors":[2,22,22,22,22],"current_hp_per_floor":[74,74,75,75,75,47,47,41,41,44,44,23,23,23,52,27,81,67,73,73,73,73,73,42,42,42,10,4,33,0],"gold":212,"neow_bonus":"THREE_ENEMY_KILL","is_prod":false,"is_daily":false,"chose_seed":false,"campfire_upgraded":2,"win_rate":0,"timestamp":1539835092,"path_taken":["M","$","M","?","?","E","R","?","T","E","R","E","R","?","R","BOSS","M","M","?","?","$","R","E","?","T","E","?","R","M"],"build_version":"2018-10-11","purchased_purges":0,"victory":false,"max_hp_per_floor":[75,75,75,75,75,75,75,75,75,89,89,99,99,99,99,99,99,99,99,99,99,99,99,99,99,99,99,99,99,99],"card_choices":[{"not_picked":["Clash","Heavy Blade"],"picked":"Pommel Strike","floor":1.0},{"not_picked":["Clash","Burning Pact"],"picked":"Twin Strike","floor":3.0},{"not_picked":["Hemokinesis","Ghostly Armor"],"picked":"Iron Wave","floor":4.0},{"not_picked":["Shockwave","Disarm"],"picked":"Warcry","floor":6.0},{"not_picked":["Searing Blow","Double Tap"],"picked":"Pommel Strike","floor":10.0},{"not_picked":["Wild Strike","Sever Soul"],"picked":"Perfected Strike","floor":12.0},{"not_picked":["Bludgeon","Dark Embrace"],"picked":"Demon Form","floor":16.0},{"not_picked":["Combust","Rupture"],"picked":"Whirlwind","floor":18.0},{"not_picked":["Wild Strike","Body Slam"],"picked":"Twin Strike","floor":19.0},{"not_picked":["Armaments","Sentinel"],"picked":"Pommel Strike+1","floor":24.0},{"not_picked":["Flex","Anger"],"picked":"Berserk","floor":27},{"not_picked":["Pommel Strike","Warcry"],"picked":"True Grit","floor":29}],"player_experience":765641,"relics_obtained":[{"floor":6.0,"key":"Charon\u0027s Ashes"},{"floor":8.0,"key":"Unceasing Top"},{"floor":9.0,"key":"Girya"},{"floor":10.0,"key":"Mango"},{"floor":12.0,"key":"Pear"},{"floor":24.0,"key":"Dream Catcher"},{"floor":25.0,"key":"Bag of Marbles"},{"floor":26.0,"key":"Blood Vial"},{"floor":27,"key":"Bronze Scales"}],"event_choices":[{"event_name":"Transmorgrifier","player_choice":"Transform","floor":5.0,"damage_taken":0.0},{"event_name":"Dead Adventurer","player_choice":"Searched \u00272\u0027 times","floor":8.0,"damage_taken":0.0},{"event_name":"Living Wall","player_choice":"Grow","floor":14.0,"damage_taken":0.0},{"event_name":"Back to Basics","player_choice":"Simplicity","floor":20.0,"damage_taken":0.0},{"event_name":"The Lab","player_choice":"Got Potions","floor":21.0,"damage_taken":0.0},{"event_name":"Nest","player_choice":"Joined the Cult","floor":28,"damage_taken":0}],"is_beta":false,"boss_relics":[{"not_picked":["Fusion Hammer","White Beast Statue"],"picked":"Sozu"}],"items_purged_floors":[],"is_endless":false,"potions_floor_spawned":[3,4,6,12,18,19],"killed_by":"Sentry and Sphere","ascension_level":19}