{"gold_per_floor":[115,126,142,142,160,160,160,187,212,38,58,90,90,122,122,198,198,212,232,232,13,29,29,54,70,70,100,117,117,137,150,150,227,227,241,256,256,275,375,406,406,436,436,447,447,447,461,472,472,472,472,472,62,97,97],"floor_reached":56,"playtime":3605,"items_purged":["Strike_R","Decay"],"score":2037,"play_id":"b5a86480-d6fa-4208-a613-2658d5df0879","local_time":"20190525082336","is_ascension_mode":true,"campfire_choices":[{"data":"Fiend Fire","floor":6,"key":"SMITH"},{"data":"Metamorphosis","floor":13,"key":"SMITH"},{"data":"Disarm","floor":15,"key":"SMITH"},{"data":"Corruption","floor":23,"key":"SMITH"},{"data":"Shockwave","floor":29,"key":"SMITH"},{"data":"Inflame","floor":32,"key":"SMITH"},{"floor":41,"key":"RECALL"},{"data":"Apotheosis","floor":46,"key":"SMITH"},{"data":"Evolve","floor":49,"key":"SMITH"},{"data":"Burning Pact","floor":52,"key":"SMITH"}],"neow_cost":"NONE","seed_source_timestamp":270295004031922,"circlet_count":0,"master_deck":["AscendersBane","Strike_R","Defend_R","Defend_R","Defend_R","Defend_R","Bash","Fiend Fire+1","Clothesline","Battle Trance","Disarm+1","Metamorphosis+1","Battle Trance","Evolve+1","Reaper","Corruption+1","Shockwave+1","Exhume","True Grit+1","Burning Pact+1","Inflame+1","Reaper+1","Demon Form+1","Wild Strike+1","Entrench+1","Flame Barrier","Apotheosis+1","Secret Weapon","Shrug It Off+1","Corruption+1"],"relics":["Burning Blood","Orichalcum","Art of War","Centennial Puzzle","Sundial","Cursed Key","Bag of Preparation","Shuriken","Molten Egg 2","Astrolabe","Unceasing Top","Bronze Scales","Frozen Egg 2","Champion Belt","Blood Vial"],"potions_floor_usage":[8,25,40,55,55],"damage_taken":[{"damage":12,"enemies":"Small Slimes","floor":1,"turns":4},{"damage":2,"enemies":"2 Louse","floor":2,"turns":4},{"damage":2,"enemies":"Jaw Worm","floor":3,"turns":3},{"damage":12,"enemies":"3 Louse","floor":5,"turns":5},{"damage":32,"enemies":"3 Sentries","floor":8,"turns":11},{"damage":8,"enemies":"Blue Slaver","floor":11,"turns":3},{"damage":14,"enemies":"Lagavulin","floor":12,"turns":6},{"damage":1,"enemies":"Gremlin Nob","floor":14,"turns":3},{"damage":6,"enemies":"Hexaghost","floor":16,"turns":8},{"damage":20,"enemies":"Chosen","floor":18,"turns":5},{"damage":5,"enemies":"Spheric Guardian","floor":19,"turns":3},{"damage":18,"enemies":"Snake Plant","floor":22,"turns":4},{"damage":7,"enemies":"Book of Stabbing","floor":24,"turns":3},{"damage":16,"enemies":"Snecko","floor":25,"turns":5},{"damage":19,"enemies":"Gremlin Leader","floor":27,"turns":5},{"damage":9,"enemies":"Centurion and Healer","floor":28,"turns":5},{"damage":14,"enemies":"Chosen and Byrds","floor":30,"turns":5},{"damage":0,"enemies":"Snake Plant","floor":31,"turns":2},{"damage":30,"enemies":"Champ","floor":33,"turns":8},{"damage":2,"enemies":"Orb Walker","floor":35,"turns":2},{"damage":28,"enemies":"3 Shapes","floor":36,"turns":10},{"damage":2,"enemies":"Sphere and 2 Shapes","floor":38,"turns":5},{"damage":12,"enemies":"Mind Bloom Boss Battle","floor":39,"turns":6},{"damage":46,"enemies":"Reptomancer","floor":40,"turns":6},{"damage":17,"enemies":"Giant Head","floor":42,"turns":7},{"damage":14,"enemies":"Writhing Mass","floor":44,"turns":5},{"damage":27,"enemies":"Transient","floor":47,"turns":5},{"damage":8,"enemies":"Jaw Worm Horde","floor":48,"turns":4},{"damage":14,"enemies":"Donu and Deca","floor":50,"turns":5},{"damage":41,"enemies":"Shield and Spear","floor":54,"turns":6},{"damage":111,"enemies":"The Heart","floor":55,"turns":8}],"seed_played":"-1953706368889577697","potions_obtained":[{"floor":5,"key":"Block Potion"},{"floor":8,"key":"Swift Potion"},{"floor":12,"key":"BloodPotion"},{"floor":27,"key":"Explosive Potion"},{"floor":40,"key":"SteroidPotion"}],"is_trial":false,"path_per_floor":["M","M","M","?","M","R","?","E","T","$","M","E","R","E","R","B",null,"M","M","?","$","M","R","E","M","T","E","M","R","M","M","R","B",null,"M","M","?","M","?","E","R","E","T","M","?","R","M","M","R","B",null,"R","$","E","B",null],"character_chosen":"IRONCLAD","items_purchased":["Metamorphosis","Bag of Preparation","Champion Belt"],"campfire_rested":0,"item_purchase_floors":[10,21,53],"current_hp_per_floor":[62,66,70,75,69,69,69,43,43,43,41,33,33,38,38,38,70,60,61,61,61,52,52,57,48,48,76,80,80,72,78,78,70,78,80,80,70,80,80,80,80,80,80,72,72,72,77,80,80,80,80,80,80,75,34],"gold":97,"neow_bonus":"ONE_RANDOM_RARE_CARD","is_prod":false,"is_daily":false,"chose_seed":false,"campfire_upgraded":9,"win_rate":0,"timestamp":1558743816,"path_taken":["M","M","M","?","M","R","?","E","T","$","M","E","R","E","R","BOSS","M","M","?","$","M","R","E","M","T","E","M","R","M","M","R","BOSS","M","M","?","M","?","E","R","E","T","M","?","R","M","?","R","BOSS","R","$","E","BOSS"],"build_version":"2019-01-23","purchased_purges":2,"victory":true,"max_hp_per_floor":[75,75,75,80,80,80,80,80,80,80,80,80,80,80,80,80,80,80,80,80,80,80,80,80,80,80,80,80,80,80,80,80,80,80,80,80,80,80,80,80,80,80,80,80,80,80,80,80,80,80,80,80,80,80,80],"card_choices":[{"not_picked":["Body Slam","Ghostly Armor"],"picked":"Clothesline","floor":1},{"not_picked":["Wild Strike","Havoc"],"picked":"Battle Trance","floor":2},{"not_picked":["Iron Wave","Clothesline"],"picked":"Disarm","floor":3},{"not_picked":["Clothesline","Perfected Strike","Headbutt"],"picked":"SKIP","floor":5},{"not_picked":["Double Tap","Wild Strike","Warcry"],"picked":"SKIP","floor":8},{"not_picked":["Wild Strike","Twin Strike"],"picked":"Battle Trance","floor":11},{"not_picked":["Uppercut","Iron Wave"],"picked":"Evolve","floor":12},{"not_picked":["Headbutt","Spot Weakness","Twin Strike"],"picked":"SKIP","floor":14},{"not_picked":["Barricade","Demon Form"],"picked":"Reaper","floor":16},{"not_picked":["Thunderclap","Spot Weakness"],"picked":"Corruption","floor":18},{"not_picked":["Sword Boomerang","Perfected Strike","Wild Strike"],"picked":"SKIP","floor":19},{"not_picked":["Blood for Blood","Thunderclap","Perfected Strike"],"picked":"SKIP","floor":22},{"not_picked":["Evolve","Juggernaut"],"picked":"Exhume","floor":24},{"not_picked":["Hemokinesis","Whirlwind"],"picked":"True Grit+1","floor":25},{"not_picked":["Thunderclap","Perfected Strike"],"picked":"Burning Pact","floor":27},{"not_picked":["Warcry","Second Wind","Clash+1"],"picked":"SKIP","floor":28},{"not_picked":["Second Wind+1","Perfected Strike+1"],"picked":"Inflame","floor":30},{"not_picked":["Clash+1","Flex","Blood for Blood+1"],"picked":"SKIP","floor":31},{"not_picked":["Immolate+1","Bludgeon+1"],"picked":"Reaper+1","floor":33},{"not_picked":["Perfected Strike+1","Flame Barrier","Anger+1"],"picked":"SKIP","floor":35},{"not_picked":["Perfected Strike+1","Anger+1"],"picked":"Flame Barrier","floor":35},{"not_picked":["Infernal Blade","Flex+1","Corruption+1"],"picked":"SKIP","floor":36},{"not_picked":["Swift Strike+1","Mayhem"],"picked":"Apotheosis","floor":37},{"not_picked":["Bandage Up","Forethought"],"picked":"Secret Weapon","floor":37},{"not_picked":["Clash+1","Bloodletting","Evolve"],"picked":"SKIP","floor":38},{"not_picked":["Cleave+1","Juggernaut","Rage"],"picked":"SKIP","floor":40},{"not_picked":["Perfected Strike+1","Spot Weakness+1","Twin Strike+1"],"picked":"SKIP","floor":42},{"not_picked":["Anger+1","Dropkick+1","Evolve+1"],"picked":"SKIP","floor":44},{"not_picked":["Sever Soul+1","Headbutt+1"],"picked":"Shrug It Off+1","floor":47},{"not_picked":["Bloodletting","Wild Strike+1","Headbutt+1"],"picked":"SKIP","floor":48},{"not_picked":["Uppercut+1","Cleave+1"],"picked":"Corruption+1","floor":54}],"player_experience":329603,"relics_obtained":[{"floor":8,"key":"Orichalcum"},{"floor":9,"key":"Art of War"},{"floor":12,"key":"Centennial Puzzle"},{"floor":14,"key":"Sundial"},{"floor":24,"key":"Shuriken"},{"floor":27,"key":"Molten Egg 2"},{"floor":39,"key":"Unceasing Top"},{"floor":40,"key":"Bronze Scales"},{"floor":42,"key":"Frozen Egg 2"},{"floor":54,"key":"Blood Vial"}],"event_choices":[{"damage_healed":0,"gold_gain":0,"player_choice":"Donut","damage_taken":0,"max_hp_gain":5,"max_hp_loss":0,"event_name":"Big Fish","floor":4,"gold_loss":0},{"damage_healed":0,"gold_gain":0,"player_choice":"Ignored","damage_taken":0,"max_hp_gain":0,"max_hp_loss":0,"event_name":"Liars Game","floor":7,"gold_loss":0},{"damage_healed":0,"gold_gain":0,"player_choice":"Read","damage_taken":0,"max_hp_gain":0,"max_hp_loss":0,"event_name":"The Library","floor":20,"gold_loss":0,"cards_obtained":["Shockwave"]},{"damage_healed":0,"gold_gain":0,"player_choice":"Memory 3","damage_taken":10,"max_hp_gain":0,"max_hp_loss":0,"event_name":"SensoryStone","floor":37,"gold_loss":0},{"damage_healed":0,"gold_gain":0,"player_choice":"Fight","damage_taken":0,"max_hp_gain":0,"max_hp_loss":0,"event_name":"MindBloom","floor":39,"gold_loss":0},{"damage_healed":0,"gold_gain":0,"player_choice":"Ignored","damage_taken":0,"max_hp_gain":0,"max_hp_loss":0,"event_name":"Tomb of Lord Red Mask","floor":45,"gold_loss":0}],"is_beta":false,"boss_relics":[{"not_picked":["Orrery","Empty Cage"],"picked":"Cursed Key"},{"not_picked":["Busted Crown","Lizard Tail"],"picked":"Astrolabe"}],"items_purged_floors":[21,53],"is_endless":false,"potions_floor_spawned":[5,8,12,14,16,18,19,27,28,30,40,47,48,54],"ascension_level":15}