{"gold_per_floor":[109,184,203,203,168,196,207,207,230,242,242],"floor_reached":11,"playtime":182,"items_purged":[],"score":186,"play_id":"7049ccc4-52d6-44c4-af60-4b4a915a6417","local_time":"20190227201750","is_ascension_mode":true,"campfire_choices":[{"data":"Zap","floor":8,"key":"SMITH"}],"neow_cost":"NONE","seed_source_timestamp":1281672469106911,"circlet_count":0,"master_deck":["AscendersBane","Strike_B","Strike_B","Strike_B","Strike_B","Defend_B","Defend_B","Defend_B","Defend_B","Zap+1","Dualcast","Compile Driver","Go for the Eyes","Sunder","Glacier","Steam"],"relics":["Cracked Core","NeowsBlessing","Vajra","Ice Cream","Ancient Tea Set"],"potions_floor_usage":[11],"damage_taken":[{"damage":0,"enemies":"Jaw Worm","floor":1,"turns":1},{"damage":0,"enemies":"Small Slimes","floor":3,"turns":1},{"damage":0,"enemies":"Lagavulin","floor":6,"turns":1},{"damage":0,"enemies":"Cultist","floor":7,"turns":3},{"damage":9,"enemies":"Blue Slaver","floor":10,"turns":2},{"damage":56,"enemies":"Gremlin Nob","floor":11,"turns":4}],"seed_played":"-4455324085603085492","potions_obtained":[{"floor":3,"key":"PowerPotion"},{"floor":6,"key":"GamblersBrew"}],"is_trial":false,"path_per_floor":["M","?","M","?","?","E","M","R","T","M","E"],"character_chosen":"DEFECT","items_purchased":[],"campfire_rested":0,"item_purchase_floors":[],"current_hp_per_floor":[64,53,53,42,59,59,59,59,59,50,0],"gold":242,"neow_bonus":"THREE_ENEMY_KILL","is_prod":false,"is_daily":false,"chose_seed":false,"campfire_upgraded":1,"win_rate":0,"timestamp":1551316670,"path_taken":["M","?","M","?","?","E","M","R","T","M","E"],"build_version":"2019-01-23","purchased_purges":0,"victory":false,"max_hp_per_floor":[71,71,71,71,71,71,71,71,71,71,71],"card_choices":[{"not_picked":["Conserve Battery","Reprogram"],"picked":"Compile Driver","floor":1},{"not_picked":["Undo","Leap"],"picked":"Go for the Eyes","floor":3},{"not_picked":["Steam Power","Storm"],"picked":"Sunder","floor":6},{"not_picked":["Stack","Gash"],"picked":"Glacier","floor":7},{"not_picked":["FTL","Compile Driver"],"picked":"Steam","floor":10}],"player_experience":405377,"relics_obtained":[{"floor":6,"key":"Ice Cream"},{"floor":9,"key":"Ancient Tea Set"}],"event_choices":[{"damage_healed":0,"gold_gain":75,"player_choice":"Gather Gold","damage_taken":11,"max_hp_gain":0,"max_hp_loss":0,"event_name":"World of Goop","floor":2,"gold_loss":0},{"damage_healed":0,"gold_gain":0,"player_choice":"Success","damage_taken":11,"relics_obtained":["Vajra"],"max_hp_gain":0,"max_hp_loss":0,"event_name":"Scrap Ooze","floor":4,"gold_loss":0},{"damage_healed":17,"gold_gain":0,"player_choice":"Healed","damage_taken":0,"max_hp_gain":0,"max_hp_loss":0,"event_name":"The Cleric","floor":5,"gold_loss":35}],"is_beta":false,"boss_relics":[],"items_purged_floors":[],"is_endless":false,"potions_floor_spawned":[3,6],"killed_by":"Gremlin Nob","ascension_level":18}