{"path_per_floor":["M","M","?","M","M","R","$","R","T","M","M","M","$","M","R","B",null,"M","?","M"],"character_chosen":"THE_SILENT","items_purchased":["Catalyst","Block Potion"],"gold_per_floor":[109,121,121,131,147,147,72,72,97,112,131,150,32,52,52,156,156,166,81,92],"floor_reached":21,"campfire_rested":0,"playtime":1104,"current_hp_per_floor":[55,55,55,54,40,40,40,40,40,40,36,36,36,36,36,20,58,30,30,5],"items_purged":["Defend_G"],"gold":92,"score":271,"play_id":"e89be4f8-1489-4d35-b6b2-5a790e37d163","is_prod":false,"is_daily":false,"is_ascension_mode":true,"campfire_upgraded":3,"path_taken":["M","M","?","?","M","R","$","R","T","M","M","M","$","M","R","BOSS","M","?","M","?"],"build_version":"2018-02-22-PROD2","purchased_purges":1,"victory":false,"master_deck":["Defend_G","Defend_G","Defend_G","Defend_G","Strike_G+1","Strike_G","Strike_G","Strike_G+1","Strike_G","Survivor","Neutralize+1","Parasite","Blur+1","Backflip","Quick Slash+1","All Out Attack","Noxious Fumes","Leg Sweep","Catalyst+1","Corpse Explosion","Deadly Poison+1"],"max_hp_per_floor":[70,70,70,70,70,70,70,70,70,70,70,70,70,70,70,70,70,70,70,70],"relics":["Velvet Choker","Whetstone","The Specimen","Peace Pipe"],"card_choices":[{"not_picked":["Escape Plan","All Out Attack"],"picked":"Blur"},{"not_picked":["Catalyst","Sucker Punch"],"picked":"Backflip"},{"not_picked":["Dagger Throw","Endless Agony"],"picked":"Quick Slash"},{"not_picked":["Slice","Outmaneuver"],"picked":"All Out Attack"},{"not_picked":["Backflip","Unload"],"picked":"Noxious Fumes"},{"not_picked":["Dagger Throw","Skewer"],"picked":"Leg Sweep"},{"not_picked":["Glass Knife","Grand Finale"],"picked":"Corpse Explosion"},{"not_picked":["Choke","Cloak And Dagger"],"picked":"Deadly Poison"}],"player_experience":259965,"potions_floor_usage":[5,16,16,16,21],"damage_taken":[{"damage":8,"enemies":"Jaw Worm","floor":1,"turns":6},{"damage":0,"enemies":"Cultist","floor":2,"turns":4},{"damage":1,"enemies":"2 Louse","floor":4,"turns":3},{"damage":14,"enemies":"Gremlin Gang","floor":5,"turns":6},{"damage":0,"enemies":"Looter","floor":10,"turns":3},{"damage":4,"enemies":"3 Louse","floor":11,"turns":3},{"damage":0,"enemies":"Gremlin Gang","floor":12,"turns":4},{"damage":0,"enemies":"Large Slime","floor":14,"turns":6},{"damage":16,"enemies":"Slime Boss","floor":16,"turns":14},{"damage":28,"enemies":"Spheric Guardian","floor":18,"turns":6},{"damage":25,"enemies":"3 Byrds","floor":20,"turns":5},{"damage":0,"enemies":"Sentry and Sphere","floor":21,"turns":3}],"event_choices":[{"event_name":"Upgrade Shrine","player_choice":"Upgraded","floor":3,"damage_taken":0},{"event_name":"Addict","player_choice":"Obtained Relic","floor":19,"damage_taken":0}],"boss_relics":[{"not_picked":["Black Star","Calling Bell"],"picked":"The Specimen"}],"potions_floor_spawned":[1,2,10,16,18],"seed_played":"-3136710429619368438","killed_by":"Sentry and Sphere","ascension_level":11,"is_trial":false}