{"gold_per_floor":[116,128,128,141,106,106,125,8,8,8,8,23,40,50,50,123,123,138,63,63,63,63,63,82,82,82,132,59,59,69,69],"floor_reached":31,"playtime":917,"items_purged":[],"score":394,"play_id":"34bc8513-a3f4-43a6-b58c-b091fbace84f","local_time":"20180719223106","is_ascension_mode":true,"campfire_choices":[{"data":"Neutralize","floor":6.0,"key":"SMITH"},{"data":"Dagger Spray","floor":15.0,"key":"SMITH"},{"floor":23,"key":"REST"},{"data":"Footwork","floor":25,"key":"SMITH"}],"neow_cost":"","seed_source_timestamp":486294669360291,"circlet_count":0,"master_deck":["Defend_G","Defend_G","Defend_G","Defend_G","Strike_G","Strike_G","Strike_G","Survivor","Neutralize+1","AscendersBane","Deflect","Escape Plan","Well Laid Plans","Deadly Poison","Dagger Spray+1","A Thousand Cuts+1","Footwork+1","Dagger Throw","Cloak And Dagger","Storm of Steel","Outmaneuver","PiercingWail","Footwork","Slice+1"],"special_seed":0,"relics":["Ring of the Snake","Bottled Tornado","White Beast Statue","Singing Bowl"],"potions_floor_usage":[18,24,31],"damage_taken":[{"damage":4.0,"enemies":"Small Slimes","floor":1.0,"turns":4.0},{"damage":10.0,"enemies":"Cultist","floor":2.0,"turns":6.0},{"damage":7.0,"enemies":"Jaw Worm","floor":4.0,"turns":5.0},{"damage":8.0,"enemies":"2 Fungi Beasts","floor":7.0,"turns":5.0},{"damage":12.0,"enemies":"Exordium Thugs","floor":12.0,"turns":3.0},{"damage":1.0,"enemies":"Looter","floor":13.0,"turns":3.0},{"damage":10.0,"enemies":"Exordium Wildlife","floor":14.0,"turns":3.0},{"damage":12.0,"enemies":"Slime Boss","floor":16.0,"turns":8.0},{"damage":32,"enemies":"Shell Parasite","floor":18,"turns":5},{"damage":16,"enemies":"Chosen","floor":24,"turns":6},{"damage":7,"enemies":"Snecko","floor":30,"turns":6},{"damage":19,"enemies":"Slaver and Parasite","floor":31,"turns":3}],"seed_played":"2736966694315490222","potions_obtained":[{"floor":2.0,"key":"Poison Potion"},{"floor":12.0,"key":"EssenceOfSteel"},{"floor":13.0,"key":"GhostInAJar"},{"floor":16.0,"key":"FearPotion"},{"floor":18,"key":"Block Potion"},{"floor":24,"key":"SpeedPotion"},{"floor":30,"key":"SteroidPotion"}],"is_trial":false,"path_per_floor":["M","M","?","M","?","R","M","$","T","?","$","M","M","M","R","B",null,"M","?","$","?","?","R","M","R","T","?","$","?","M"],"character_chosen":"THE_SILENT","items_purchased":["Dagger Spray","A Thousand Cuts","Footwork"],"campfire_rested":1,"item_purchase_floors":[8,8,28],"current_hp_per_floor":[55,45,45,38,54,54,46,46,46,46,46,34,33,23,23,11,52,20,20,20,20,20,39,23,23,23,23,23,23,16,0],"gold":69,"neow_bonus":"","is_prod":false,"is_daily":false,"chose_seed":false,"campfire_upgraded":3,"win_rate":0,"timestamp":1532053866,"path_taken":["M","M","?","M","?","R","M","?","T","?","$","M","M","?","R","BOSS","M","?","?","?","?","R","?","R","T","?","$","?","M","M"],"build_version":"2018-07-19","purchased_purges":0,"victory":false,"max_hp_per_floor":[66,66,66,66,66,66,66,66,66,66,66,66,66,66,66,66,66,66,66,66,66,66,66,66,66,66,66,66,66,66,66],"card_choices":[{"not_picked":["Bane","Underhanded Strike"],"picked":"Deflect","floor":1.0},{"not_picked":["Masterful Stab","Underhanded Strike"],"picked":"Escape Plan","floor":2.0},{"not_picked":["Prepared","Escape Plan"],"picked":"Well Laid Plans","floor":4.0},{"not_picked":["Infinite Blades","Bane"],"picked":"Deadly Poison","floor":7.0},{"not_picked":["Escape Plan","Sucker Punch"],"picked":"Footwork","floor":12.0},{"not_picked":["Eviscerate","Deadly Poison"],"picked":"Dagger Throw","floor":13.0},{"not_picked":["Skewer","Quick Slash"],"picked":"Cloak And Dagger","floor":14.0},{"not_picked":["Venomology","Unload"],"picked":"Storm of Steel","floor":16.0},{"not_picked":["Quick Slash","Bane"],"picked":"Outmaneuver","floor":18},{"not_picked":["Outmaneuver","Escape Plan"],"picked":"PiercingWail","floor":24},{"not_picked":["Flying Knee","Dagger Spray"],"picked":"Slice+1","floor":30}],"player_experience":498361,"relics_obtained":[{"floor":9.0,"key":"Bottled Tornado"},{"floor":26,"key":"Singing Bowl"}],"event_choices":[{"event_name":"Purifier","player_choice":"One Purge","floor":3.0,"damage_taken":0.0},{"event_name":"The Cleric","player_choice":"Healed","floor":5.0,"damage_taken":0.0},{"event_name":"Living Wall","player_choice":"Grow","floor":10.0,"damage_taken":0.0},{"event_name":"Beggar","player_choice":"Gave Gold","floor":19,"damage_taken":0},{"event_name":"Purifier","player_choice":"One Purge","floor":21,"damage_taken":0},{"event_name":"Drug Dealer","player_choice":"Ignored","floor":22,"damage_taken":0},{"event_name":"The Joust","player_choice":"Bet on Murderer","floor":27,"damage_taken":0},{"event_name":"N\u0027loth","player_choice":"Ignored","floor":29,"damage_taken":0}],"is_beta":false,"boss_relics":[{"not_picked":["Tiny House","Black Star"],"picked":"White Beast Statue"}],"items_purged_floors":[],"is_endless":false,"potions_floor_spawned":[2,12,13,16,18,24,30],"killed_by":"Slaver and Parasite","ascension_level":15}