{"gold_per_floor":[119,138,138,213,34,63,63,97,97,97,97,116,136,136,136,213,213,229,247,162,162,87,87,87,87,87,100,100],"floor_reached":28,"playtime":566,"items_purged":["Defend_B"],"score":473,"play_id":"b3fddff3-fde7-462c-8781-096bc484af85","local_time":"20181001230835","is_ascension_mode":true,"campfire_choices":[{"data":"Rip and Tear","floor":7.0,"key":"SMITH"},{"floor":10,"key":"REST"},{"data":"Genetic Algorithm","floor":15,"key":"SMITH"},{"floor":23,"key":"REST"},{"data":"Zap","floor":25,"key":"SMITH"}],"neow_cost":"NONE","seed_source_timestamp":1408418878019838,"circlet_count":0,"master_deck":["Strike_B","Strike_B","Strike_B+1","Defend_B","Defend_B+1","Defend_B","Zap+1","Dualcast","AscendersBane","Conserve Battery+1","Sweeping Beam","Rainbow+1","Rip and Tear+1","Beam Cell","Genetic Algorithm+1","Gash","Seek","Capacitor","Rebound","Aggregate","Scrape"],"special_seed":0,"relics":["Cracked Core","Shuriken","War Paint","Symbiotic Virus","Nuclear Battery","Prayer Wheel","Nloth\u0027s Gift","Emotion Chip"],"potions_floor_usage":[8,8,19],"damage_taken":[{"damage":0.0,"enemies":"Jaw Worm","floor":1.0,"turns":1.0},{"damage":0.0,"enemies":"2 Louse","floor":2.0,"turns":1.0},{"damage":0.0,"enemies":"Lagavulin","floor":6.0,"turns":1.0},{"damage":25,"enemies":"Gremlin Nob","floor":8,"turns":4},{"damage":0,"enemies":"Small Slimes","floor":12,"turns":2},{"damage":5,"enemies":"Exordium Wildlife","floor":13,"turns":3},{"damage":9,"enemies":"Slime Boss","floor":16,"turns":7},{"damage":13,"enemies":"Shell Parasite","floor":18,"turns":4},{"damage":27,"enemies":"3 Byrds","floor":19,"turns":4},{"damage":35,"enemies":"Centurion and Healer","floor":27,"turns":5},{"damage":0,"enemies":"Shelled Parasite and Fungi","floor":28,"turns":1}],"seed_played":"-4996721877755776083","potions_obtained":[{"floor":2.0,"key":"Dexterity Potion"},{"floor":6.0,"key":"GamblersBrew"},{"floor":18,"key":"Explosive Potion"},{"floor":27,"key":"GamblersBrew"}],"is_trial":false,"path_per_floor":["M","M","?","?","$","E","R","E","T","R","?","M","M","?","R","B",null,"M","M","?","?","$","R","?","R","T","M"],"character_chosen":"DEFECT","items_purchased":["Rainbow"],"campfire_rested":2,"item_purchase_floors":[5],"current_hp_per_floor":[64,64,43,32,32,32,32,7,7,28,28,28,23,23,23,14,57,44,17,17,17,17,38,38,38,38,3,3],"gold":100,"neow_bonus":"THREE_ENEMY_KILL","is_prod":false,"is_daily":false,"chose_seed":false,"campfire_upgraded":3,"win_rate":0,"timestamp":1538449715,"path_taken":["M","M","?","?","$","E","R","E","T","R","?","?","M","?","R","BOSS","M","M","?","?","$","R","?","R","T","M","?"],"build_version":"2018-09-27","purchased_purges":1,"victory":false,"max_hp_per_floor":[71,71,71,71,71,71,71,71,71,71,71,71,71,71,71,71,71,71,71,71,71,71,71,71,71,71,71,71],"card_choices":[{"not_picked":["Barrage","Reprogram"],"picked":"Conserve Battery","floor":1.0},{"not_picked":["Go for the Eyes","Recycle"],"picked":"Sweeping Beam","floor":2.0},{"not_picked":["Sweeping Beam","Lockon"],"picked":"Rip and Tear","floor":6.0},{"not_picked":["Genetic Algorithm","Force Field"],"picked":"Beam Cell","floor":8},{"not_picked":["Stack","Ball Lightning"],"picked":"Genetic Algorithm","floor":12},{"not_picked":["Streamline","Fusion"],"picked":"Gash","floor":13},{"not_picked":["Amplify","Rainbow"],"picked":"Seek","floor":16},{"not_picked":["Barrage","Storm+1"],"picked":"Capacitor","floor":18},{"not_picked":["Force Field","Stack"],"picked":"Rebound","floor":19},{"not_picked":["Stack","Rebound"],"picked":"Aggregate","floor":27},{"not_picked":["Compile Driver","Streamline+1"],"picked":"Scrape","floor":27}],"player_experience":749125,"relics_obtained":[{"floor":6.0,"key":"Shuriken"},{"floor":8,"key":"War Paint"},{"floor":9,"key":"Symbiotic Virus"},{"floor":26,"key":"Emotion Chip"}],"event_choices":[{"event_name":"Shining Light","player_choice":"Entered Light","floor":3.0,"damage_taken":0.0},{"event_name":"World of Goop","player_choice":"Gather Gold","floor":4.0,"damage_taken":0.0},{"event_name":"Dead Adventurer","player_choice":"Searched \u00270\u0027 times","floor":11,"damage_taken":0},{"event_name":"Scrap Ooze","player_choice":"unsuccessful","floor":14,"damage_taken":0},{"event_name":"Addict","player_choice":"Obtained Relic","floor":20,"damage_taken":0},{"event_name":"N\u0027loth","player_choice":"Traded a NeowsBlessing","floor":21,"damage_taken":0},{"event_name":"Wheel of Change","player_choice":"Card Removal","floor":24,"damage_taken":0}],"is_beta":false,"boss_relics":[{"not_picked":["Eternal Feather","Snecko Eye"],"picked":"Nuclear Battery"}],"items_purged_floors":[22],"is_endless":false,"potions_floor_spawned":[2,6,18,27],"killed_by":"Shelled Parasite and Fungi","ascension_level":18}