{"gold_per_floor":[114,114,133,283,2,30,43,57,109,128,128,161,161,26,26,105,105,121,121],"floor_reached":19,"playtime":1190,"items_purged":["Doubt"],"score":319,"play_id":"844cb3c5-dfa7-4968-81ed-b6d887d553f2","local_time":"20190508120703","is_ascension_mode":true,"campfire_choices":[{"floor":11,"key":"REST"},{"floor":13,"key":"REST"},{"data":"Footwork","floor":15,"key":"SMITH"}],"neow_cost":"NONE","seed_source_timestamp":236751026461229,"circlet_count":0,"master_deck":["AscendersBane","Defend_G","Defend_G","Defend_G","Defend_G","Strike_G","Strike_G","Strike_G","Strike_G","Strike_G","Survivor","Neutralize","Envenom","Cloak And Dagger","Tactician","Sucker Punch","Footwork+1","Die Die Die","Accuracy","Backflip","Dagger Spray","Catalyst","Bane","Tools of the Trade","Writhe","Endless Agony+1"],"relics":["Ring of the Snake","Blood Vial","Mummified Hand","Omamori","Smiling Mask","Calling Bell","Oddly Smooth Stone","Molten Egg 2","Dead Branch"],"potions_floor_usage":[8,12,12,16,18],"damage_taken":[{"damage":7,"enemies":"Small Slimes","floor":1,"turns":6},{"damage":4,"enemies":"Cultist","floor":3,"turns":4},{"damage":35,"enemies":"3 Sentries","floor":6,"turns":14},{"damage":0,"enemies":"2 Louse","floor":7,"turns":2},{"damage":13,"enemies":"Exordium Wildlife","floor":8,"turns":4},{"damage":0,"enemies":"Exordium Thugs","floor":10,"turns":4},{"damage":21,"enemies":"Gremlin Nob","floor":12,"turns":4},{"damage":36,"enemies":"Slime Boss","floor":16,"turns":15},{"damage":27,"enemies":"2 Thieves","floor":18,"turns":5},{"damage":11,"enemies":"Colosseum Slavers","floor":19,"turns":3},{"damage":25,"enemies":"Colosseum Nobs","floor":19,"turns":4}],"seed_played":"2635217229769271730","potions_obtained":[{"floor":3,"key":"SpeedPotion"},{"floor":6,"key":"Poison Potion"},{"floor":7,"key":"Strength Potion"},{"floor":10,"key":"Regen Potion"},{"floor":16,"key":"Poison Potion"}],"is_trial":false,"path_per_floor":["M","?","M","?","$","E","M","M","T","M","R","E","R","$","R","B",null,"M","?"],"character_chosen":"THE_SILENT","items_purchased":["Blood Vial","Footwork","Bane","Regen Potion"],"campfire_rested":2,"item_purchase_floors":[5,5,14,14],"current_hp_per_floor":[52,52,48,48,48,15,17,6,6,8,27,22,41,41,41,22,55,30,0],"gold":121,"neow_bonus":"ONE_RANDOM_RARE_CARD","is_prod":false,"is_daily":false,"chose_seed":false,"campfire_upgraded":1,"win_rate":0,"timestamp":1557342423,"path_taken":["M","?","?","?","?","E","M","M","T","M","R","E","R","$","R","BOSS","M","?"],"build_version":"2019-01-23","purchased_purges":1,"victory":false,"max_hp_per_floor":[66,66,66,66,66,66,66,66,66,66,66,66,66,66,66,66,66,66,66],"card_choices":[{"not_picked":["Acrobatics","Backflip"],"picked":"Cloak And Dagger","floor":1},{"not_picked":["Heel Hook","Riddle With Holes"],"picked":"Sucker Punch","floor":3},{"not_picked":["Bane","Underhanded Strike"],"picked":"Die Die Die","floor":6},{"not_picked":["Caltrops","PiercingWail"],"picked":"Accuracy","floor":7},{"not_picked":["Poisoned Stab","Dagger Throw"],"picked":"Backflip","floor":8},{"not_picked":["Quick Slash","Underhanded Strike"],"picked":"Dagger Spray","floor":10},{"not_picked":["Backflip","Quick Slash"],"picked":"Catalyst","floor":12},{"not_picked":["Glass Knife","Bullet Time"],"picked":"Tools of the Trade","floor":16},{"not_picked":["Slice+1","Skewer+1"],"picked":"Endless Agony+1","floor":18}],"player_experience":640844,"relics_obtained":[{"floor":6,"key":"Mummified Hand"},{"floor":9,"key":"Omamori"},{"floor":12,"key":"Smiling Mask"},{"floor":17,"key":"Oddly Smooth Stone"},{"floor":17,"key":"Molten Egg 2"},{"floor":17,"key":"Dead Branch"}],"event_choices":[{"damage_healed":0,"gold_gain":0,"cards_transformed":["Defend_G"],"player_choice":"Transformed","damage_taken":0,"max_hp_gain":0,"max_hp_loss":0,"event_name":"Transmorgrifier","floor":2,"gold_loss":0,"cards_obtained":["Tactician"]},{"damage_healed":0,"gold_gain":150,"player_choice":"AGREE","damage_taken":0,"max_hp_gain":0,"max_hp_loss":0,"event_name":"Liars Game","floor":4,"gold_loss":0,"cards_obtained":["Doubt"]},{"damage_healed":0,"gold_gain":0,"player_choice":"Fight","damage_taken":0,"max_hp_gain":0,"max_hp_loss":0,"event_name":"Colosseum","floor":19,"gold_loss":0},{"damage_healed":0,"gold_gain":0,"player_choice":"Fought Nobs","damage_taken":0,"max_hp_gain":0,"max_hp_loss":0,"event_name":"Colosseum","floor":19,"gold_loss":0}],"is_beta":false,"boss_relics":[{"not_picked":["Pandora\u0027s Box","WristBlade"],"picked":"Calling Bell"}],"items_purged_floors":[5],"is_endless":false,"potions_floor_spawned":[3,6,7,10,16,19],"killed_by":"Colosseum Nobs","ascension_level":16}