{"gold_per_floor":[359,434,447,462,56,56,66,66,117,148,163,163,128,157,157,231,231,243,10,10,10,10,10,24,57,108,108,108,137,162,190,190,190],"floor_reached":33,"playtime":1180,"items_purged":["Writhe"],"score":541,"play_id":"a7ab8d44-5298-4253-a494-f3dd98804a5a","local_time":"20181117171700","is_ascension_mode":true,"campfire_choices":[{"data":"Whirlwind","floor":6,"key":"SMITH"},{"data":"Metallicize","floor":8,"key":"SMITH"},{"data":"Berserk","floor":12,"key":"SMITH"},{"data":"True Grit","floor":15,"key":"SMITH"},{"data":"RitualDagger","floor":23,"key":"SMITH"},{"floor":28,"key":"REST"},{"data":"Double Tap","floor":32,"key":"SMITH"}],"neow_cost":"CURSE","seed_source_timestamp":258280662297949,"circlet_count":0,"master_deck":["AscendersBane","Strike_R","Strike_R","Strike_R","Strike_R","Strike_R","Defend_R","Defend_R","Defend_R","Defend_R","Bash","Inflame","Whirlwind+1","Shockwave","Metallicize+1","Flex","Berserk+1","Battle Trance","True Grit+1","Double Tap+1","Pommel Strike","Feed","RitualDagger+1","Iron Wave","Spot Weakness","Flame Barrier"],"relics":["Black Blood","PreservedInsect","Red Skull","Art of War","Happy Flower","Bag of Preparation","Oddly Smooth Stone","Blood Vial","Red Mask","Mercury Hourglass"],"potions_floor_usage":[10,10,11,14,16,29,33],"damage_taken":[{"damage":13,"enemies":"Jaw Worm","floor":1,"turns":7},{"damage":7,"enemies":"2 Louse","floor":3,"turns":3},{"damage":3,"enemies":"Small Slimes","floor":4,"turns":3},{"damage":2,"enemies":"Exordium Wildlife","floor":7,"turns":3},{"damage":4,"enemies":"Gremlin Nob","floor":10,"turns":3},{"damage":17,"enemies":"Large Slime","floor":11,"turns":6},{"damage":10,"enemies":"3 Sentries","floor":14,"turns":2},{"damage":29,"enemies":"Slime Boss","floor":16,"turns":7},{"damage":16,"enemies":"Shell Parasite","floor":18,"turns":8},{"damage":23,"enemies":"3 Byrds","floor":24,"turns":5},{"damage":24,"enemies":"Gremlin Leader","floor":25,"turns":5},{"damage":12,"enemies":"Slavers","floor":29,"turns":2},{"damage":28,"enemies":"Masked Bandits","floor":30,"turns":3},{"damage":6,"enemies":"Gremlin Leader","floor":31,"turns":6},{"damage":27,"enemies":"Automaton","floor":33,"turns":6}],"seed_played":"-7358669897912563055","potions_obtained":[{"floor":3,"key":"Energy Potion"},{"floor":10,"key":"Block Potion"},{"floor":11,"key":"AttackPotion"},{"floor":14,"key":"Energy Potion"},{"floor":25,"key":"Explosive Potion"},{"floor":30,"key":"AttackPotion"},{"floor":31,"key":"SpeedPotion"}],"is_trial":false,"path_per_floor":["M","?","M","M","$","R","M","R","T","E","M","R","?","E","R","B",null,"M","$","?","?","?","R","M","E","T","?","R","E","?","E","R","B"],"character_chosen":"IRONCLAD","items_purchased":["PreservedInsect","Metallicize","Flex","AttackPotion","Feed","Happy Flower"],"campfire_rested":1,"item_purchase_floors":[5,5,5,5,19,19],"current_hp_per_floor":[61,50,49,52,52,52,56,56,56,58,47,47,65,61,61,38,66,60,60,60,54,54,54,44,30,30,30,53,51,38,44,44,19],"gold":190,"neow_bonus":"TWO_FIFTY_GOLD","is_prod":false,"is_daily":false,"chose_seed":false,"campfire_upgraded":6,"win_rate":0,"timestamp":1542493020,"path_taken":["M","?","M","M","$","R","M","R","T","E","M","R","?","E","R","BOSS","M","$","?","?","?","R","?","E","T","?","R","E","?","E","R","BOSS"],"build_version":"2018-11-15","purchased_purges":1,"victory":false,"max_hp_per_floor":[75,75,75,75,75,75,75,75,75,75,75,75,75,75,75,75,75,75,75,75,75,75,75,78,78,78,78,78,78,81,81,81,81],"card_choices":[{"not_picked":["Rage","Wild Strike"],"picked":"Inflame","floor":1},{"not_picked":["Warcry","Carnage"],"picked":"Whirlwind","floor":3},{"not_picked":["Spot Weakness","Perfected Strike"],"picked":"Shockwave","floor":4},{"not_picked":["Body Slam","Shockwave","Havoc"],"picked":"SKIP","floor":7},{"not_picked":["Power Through","Body Slam"],"picked":"Berserk","floor":10},{"not_picked":["Metallicize","Iron Wave"],"picked":"Battle Trance","floor":11},{"not_picked":["Clash","Hemokinesis"],"picked":"True Grit","floor":14},{"not_picked":["Juggernaut","Dark Embrace"],"picked":"Double Tap","floor":16},{"not_picked":["Searing Blow","Thunderclap"],"picked":"Pommel Strike","floor":18},{"not_picked":["Rage","Bloodletting","Wild Strike"],"picked":"SKIP","floor":24},{"not_picked":["Thunderclap","Havoc+1"],"picked":"Iron Wave","floor":25},{"not_picked":["Iron Wave","Thunderclap"],"picked":"Spot Weakness","floor":29},{"not_picked":["Demon Form","Blood for Blood"],"picked":"Flame Barrier","floor":31}],"player_experience":904927,"relics_obtained":[{"floor":10,"key":"Red Skull"},{"floor":14,"key":"Art of War"},{"floor":25,"key":"Bag of Preparation"},{"floor":26,"key":"Oddly Smooth Stone"},{"floor":29,"key":"Blood Vial"},{"floor":30,"key":"Red Mask"},{"floor":31,"key":"Mercury Hourglass"}],"event_choices":[{"damage_healed":0,"gold_gain":75,"player_choice":"Gather Gold","damage_taken":11,"max_hp_gain":0,"max_hp_loss":0,"event_name":"World of Goop","floor":2,"gold_loss":0},{"damage_healed":18,"gold_gain":0,"player_choice":"Healed","damage_taken":0,"max_hp_gain":0,"max_hp_loss":0,"event_name":"The Cleric","floor":13,"gold_loss":35},{"damage_healed":0,"gold_gain":0,"player_choice":"Ignored","damage_taken":0,"max_hp_gain":0,"max_hp_loss":0,"event_name":"Ghosts","floor":20,"gold_loss":0},{"damage_healed":0,"gold_gain":0,"player_choice":"Joined the Cult","damage_taken":6,"max_hp_gain":0,"max_hp_loss":0,"event_name":"Nest","floor":21,"gold_loss":0,"cards_obtained":["RitualDagger"]},{"damage_healed":0,"gold_gain":0,"player_choice":"Ignored","damage_taken":0,"max_hp_gain":0,"max_hp_loss":0,"event_name":"The Mausoleum","floor":27,"gold_loss":0},{"damage_healed":0,"gold_gain":0,"player_choice":"Fought Bandits","damage_taken":0,"max_hp_gain":0,"max_hp_loss":0,"event_name":"Masked Bandits","floor":30,"gold_loss":0}],"is_beta":false,"boss_relics":[{"not_picked":["Cursed Key","Calling Bell"],"picked":"Black Blood"}],"items_purged_floors":[5],"is_endless":false,"potions_floor_spawned":[3,10,11,14,25,30,31],"killed_by":"Automaton","ascension_level":15}