{"gold_per_floor":[111,81,93,35,35,35,35,35,35,62,62,112,112,129,129,206,206,217,232,182,199,124,124,138,138,138,171,171,187,214,234,234,234],"floor_reached":33,"playtime":1192,"items_purged":["Strike_B"],"score":526,"play_id":"4960222f-a050-4143-b72e-1b01c55cdc49","local_time":"20181103211934","is_ascension_mode":true,"campfire_choices":[{"data":"Streamline","floor":6,"key":"SMITH"},{"floor":8,"key":"REST"},{"data":"Defragment","floor":11,"key":"SMITH"},{"data":"Zap","floor":13,"key":"SMITH"},{"data":"Conserve Battery","floor":15,"key":"SMITH"},{"data":"Hyperbeam","floor":23,"key":"SMITH"},{"floor":25,"key":"REST"},{"floor":28,"key":"REST"},{"floor":32,"key":"REST"}],"neow_cost":"PERCENT_DAMAGE","seed_source_timestamp":2163127831151887,"circlet_count":0,"master_deck":["AscendersBane","Strike_B+1","Strike_B+1","Strike_B","Defend_B","Defend_B","Defend_B","Defend_B","Zap+1","Dualcast","Streamline+1","Conserve Battery+1","Cold Snap","Defragment+1","Skim","Hyperbeam+1","Hologram+1","Coolheaded","Loop","Go for the Eyes+1","Sunder","Compile Driver"],"relics":["Cracked Core","Emotion Chip","Gambling Chip","Dead Branch","Juzu Bracelet","Runic Dome","Symbiotic Virus","Kunai","Whetstone"],"potions_floor_usage":[18,27,33],"damage_taken":[{"damage":1,"enemies":"Small Slimes","floor":1,"turns":4},{"damage":6,"enemies":"Cultist","floor":3,"turns":3},{"damage":23,"enemies":"3 Sentries","floor":10,"turns":9},{"damage":0,"enemies":"Jaw Worm","floor":14,"turns":3},{"damage":25,"enemies":"The Guardian","floor":16,"turns":11},{"damage":1,"enemies":"Spheric Guardian","floor":18,"turns":3},{"damage":8,"enemies":"2 Thieves","floor":19,"turns":3},{"damage":18,"enemies":"3 Cultists","floor":21,"turns":6},{"damage":7,"enemies":"Snake Plant","floor":24,"turns":5},{"damage":42,"enemies":"Gremlin Leader","floor":27,"turns":7},{"damage":2,"enemies":"Cultist and Chosen","floor":29,"turns":6},{"damage":0,"enemies":"Chosen and Byrds","floor":31,"turns":5},{"damage":60,"enemies":"Collector","floor":33,"turns":8}],"seed_played":"-9103646600231676280","potions_obtained":[{"floor":2,"key":"SneckoOil"},{"floor":2,"key":"GamblersBrew"},{"floor":10,"key":"Ancient Potion"},{"floor":16,"key":"FocusPotion"},{"floor":21,"key":"Poison Potion"},{"floor":24,"key":"Energy Potion"}],"is_trial":false,"path_per_floor":["M","?","M","$","?","R","?","R","T","E","R","?","R","M","R","B",null,"M","M","?","M","$","R","M","R","T","E","R","M","T","M","R","B"],"character_chosen":"DEFECT","items_purchased":["Cold Snap"],"campfire_rested":4,"item_purchase_floors":[4],"current_hp_per_floor":[45,45,39,39,39,39,39,60,60,37,37,37,37,37,37,12,56,55,47,47,29,29,29,22,43,43,1,22,20,20,20,41,0],"gold":234,"neow_bonus":"ONE_RARE_RELIC","is_prod":false,"is_daily":false,"chose_seed":false,"campfire_upgraded":5,"win_rate":0,"timestamp":1541294374,"path_taken":["M","?","M","?","?","R","?","R","T","E","R","?","R","M","R","BOSS","M","M","?","M","$","R","M","R","T","E","R","M","?","M","R","BOSS"],"build_version":"2018-11-01","purchased_purges":1,"victory":false,"max_hp_per_floor":[71,71,71,71,71,71,71,71,71,71,71,71,71,71,71,71,71,71,71,71,71,71,71,71,71,71,71,71,71,71,71,71,71],"card_choices":[{"not_picked":["Redo","Force Field"],"picked":"Streamline","floor":1},{"not_picked":["Hologram","Turbo"],"picked":"Conserve Battery","floor":3},{"not_picked":["Static Discharge","Glacier"],"picked":"Defragment","floor":10},{"not_picked":["Darkness","Stack"],"picked":"Skim","floor":14},{"not_picked":["Buffer","Echo Form"],"picked":"Hyperbeam","floor":16},{"not_picked":["Reprogram","Steam Power","Self Repair"],"picked":"SKIP","floor":18},{"not_picked":["Turbo","Double Energy"],"picked":"Hologram+1","floor":19},{"not_picked":["Hologram","Rebound"],"picked":"Coolheaded","floor":21},{"not_picked":["Thunder Strike","Stack+1"],"picked":"Loop","floor":24},{"not_picked":["Conserve Battery","Creative AI"],"picked":"Go for the Eyes+1","floor":27},{"not_picked":["Go for the Eyes","Beam Cell"],"picked":"Sunder","floor":29},{"not_picked":["Stack","Genetic Algorithm"],"picked":"Compile Driver","floor":31}],"player_experience":886779,"relics_obtained":[{"floor":9,"key":"Dead Branch"},{"floor":10,"key":"Juzu Bracelet"},{"floor":26,"key":"Symbiotic Virus"},{"floor":27,"key":"Kunai"},{"floor":30,"key":"Whetstone"}],"event_choices":[{"damage_healed":0,"gold_gain":0,"player_choice":"Bought 2 Potions","damage_taken":0,"max_hp_gain":0,"max_hp_loss":0,"event_name":"The Woman in Blue","floor":2,"gold_loss":0},{"damage_healed":0,"gold_gain":0,"player_choice":"Ignored","damage_taken":0,"max_hp_gain":0,"max_hp_loss":0,"event_name":"Liars Game","floor":5,"gold_loss":0},{"damage_healed":0,"gold_gain":30,"player_choice":"Searched \u00273\u0027 times","damage_taken":0,"relics_obtained":["Gambling Chip"],"max_hp_gain":0,"max_hp_loss":0,"event_name":"Dead Adventurer","floor":7,"gold_loss":0},{"damage_healed":0,"gold_gain":50,"player_choice":"Pray","damage_taken":0,"max_hp_gain":0,"max_hp_loss":0,"event_name":"Golden Shrine","floor":12,"gold_loss":0},{"damage_healed":0,"gold_gain":0,"player_choice":"Bet on Owner","damage_taken":0,"max_hp_gain":0,"max_hp_loss":0,"event_name":"The Joust","floor":20,"gold_loss":50}],"is_beta":false,"boss_relics":[{"not_picked":["White Beast Statue","Velvet Choker"],"picked":"Runic Dome"}],"items_purged_floors":[22],"is_endless":false,"potions_floor_spawned":[10,14,16,21,24],"killed_by":"Collector","ascension_level":20}