{"gold_per_floor":[119,119,4,4,19,44,44,75,100,116,128,128],"floor_reached":12,"playtime":393,"items_purged":[],"score":136,"play_id":"7edd2c29-2276-465e-b67f-9d680941499b","local_time":"20190523124522","is_ascension_mode":true,"campfire_choices":[{"data":"Flying Knee","floor":7,"key":"SMITH"}],"neow_cost":"NONE","seed_source_timestamp":12246095184468,"circlet_count":0,"master_deck":["Defend_G","Defend_G","Defend_G+1","Defend_G","Defend_G","Strike_G","Strike_G","Strike_G","Strike_G","Strike_G","Survivor","Neutralize+1","Accuracy","Distraction+1","Well Laid Plans","Flying Knee+1","Escape Plan","Finisher","PiercingWail","Concentrate"],"relics":["Ring of the Snake","NeowsBlessing","Ancient Tea Set","Smiling Mask","Bag of Preparation"],"potions_floor_usage":[12],"damage_taken":[{"damage":0,"enemies":"Jaw Worm","floor":1,"turns":1},{"damage":0,"enemies":"Cultist","floor":5,"turns":1},{"damage":0,"enemies":"Gremlin Nob","floor":6,"turns":1},{"damage":27,"enemies":"3 Sentries","floor":8,"turns":8},{"damage":0,"enemies":"2 Louse","floor":10,"turns":1},{"damage":12,"enemies":"Large Slime","floor":11,"turns":5},{"damage":26,"enemies":"Gremlin Nob","floor":12,"turns":4}],"seed_played":"-6716722581425342049","potions_obtained":[{"floor":8,"key":"Swift Potion"},{"floor":11,"key":"Ancient Potion"}],"is_trial":false,"path_per_floor":["M","?","$","?","M","E","R","E","T","M","M","E"],"character_chosen":"THE_SILENT","items_purchased":["Distraction","Well Laid Plans"],"campfire_rested":0,"item_purchase_floors":[3,3],"current_hp_per_floor":[70,56,56,56,56,56,56,29,29,29,17,0],"gold":128,"neow_bonus":"THREE_ENEMY_KILL","is_prod":false,"is_daily":false,"chose_seed":false,"campfire_upgraded":1,"win_rate":0,"timestamp":1558608322,"path_taken":["M","?","$","?","M","E","R","E","T","?","M","E"],"build_version":"2019-05-07","purchased_purges":0,"victory":false,"max_hp_per_floor":[70,70,70,70,70,70,70,70,70,70,70,70],"card_choices":[{"not_picked":["Underhanded Strike","Flechettes"],"picked":"Accuracy","floor":1},{"not_picked":["Acrobatics","Dagger Throw"],"picked":"Flying Knee","floor":5},{"not_picked":["Choke","Slice"],"picked":"Escape Plan","floor":6},{"not_picked":["Dagger Spray","Blur"],"picked":"Finisher","floor":8},{"not_picked":["Sucker Punch","Riddle With Holes"],"picked":"PiercingWail","floor":10},{"not_picked":["Accuracy","Expertise"],"picked":"Concentrate","floor":11}],"player_experience":334577,"relics_obtained":[{"floor":6,"key":"Ancient Tea Set"},{"floor":8,"key":"Smiling Mask"},{"floor":9,"key":"Bag of Preparation"}],"event_choices":[{"damage_healed":0,"gold_gain":0,"player_choice":"Entered Light","damage_taken":14,"max_hp_gain":0,"max_hp_loss":0,"event_name":"Shining Light","floor":2,"gold_loss":0,"cards_upgraded":["Neutralize","Defend_G"]},{"damage_healed":0,"gold_gain":0,"player_choice":"Forge","damage_taken":0,"max_hp_gain":0,"max_hp_loss":0,"event_name":"Accursed Blacksmith","floor":4,"gold_loss":0,"cards_upgraded":["Distraction"]}],"is_beta":true,"boss_relics":[],"items_purged_floors":[],"is_endless":false,"potions_floor_spawned":[8,11],"killed_by":"Gremlin Nob","ascension_level":4}