{"gold_per_floor":[118,129,149,167,7,7,42,42,42,70,83,103,133,133,133,208,208,219,219,169,40,52,52,52,67,145,145,245,265,48,61,61,138,138,148,148,148,148,162,162,178,178,201,0,20,53,17,35,35,35,35],"floor_reached":52,"playtime":2779,"items_purged":["Defend_B","Static Discharge"],"score":1984,"play_id":"2650eeea-6964-4c3d-b972-77574cce16db","local_time":"20181024214535","is_ascension_mode":true,"campfire_choices":[{"data":"Reinforced Body","floor":6.0,"key":"SMITH"},{"data":"Sunder","floor":8.0,"key":"SMITH"},{"floor":15.0,"key":"REST"},{"data":"Genetic Algorithm","floor":23,"key":"SMITH"},{"data":"Machine Learning","floor":32,"key":"SMITH"},{"data":"Seek","floor":40,"key":"SMITH"},{"data":"Ghostly","floor":42,"key":"SMITH"},{"data":"Defragment","floor":49,"key":"SMITH"}],"neow_cost":"NONE","seed_source_timestamp":1299019969417185,"circlet_count":0,"master_deck":["Zap","Dualcast","AscendersBane","Reinforced Body+1","Sunder+1","FTL","Core Surge","Rebound+1","Hologram+1","Ball Lightning+1","Buffer+1","Hologram+1","Heatsinks","Cold Snap+1","Gash+1","Self Repair","FTL+1","Genetic Algorithm+1","Beam Cell+1","Leap+1","Ghostly+1","Ghostly","Ghostly","Ghostly","Ghostly","Ball Lightning+1","Necronomicurse","Machine Learning+1","Coolheaded+1","Seek+1","Chill+1","Compile Driver+1","Go for the Eyes+1","Defragment+1"],"special_seed":0,"relics":["Sozu","Happy Flower","Dream Catcher","Molten Egg 2","Odd Mushroom","Pandora\u0027s Box","Question Card","Necronomicon","StoneCalendar","Shuriken","Strange Spoon","Inserter","Ancient Tea Set","Red Mask","Bag of Marbles"],"potions_floor_usage":[],"damage_taken":[{"damage":1.0,"enemies":"Cultist","floor":1.0,"turns":4.0},{"damage":0.0,"enemies":"2 Louse","floor":2.0,"turns":2.0},{"damage":0.0,"enemies":"Jaw Worm","floor":3.0,"turns":4.0},{"damage":7.0,"enemies":"3 Louse","floor":4.0,"turns":5.0},{"damage":19.0,"enemies":"Lagavulin","floor":7.0,"turns":8.0},{"damage":31.0,"enemies":"Gremlin Nob","floor":10.0,"turns":4.0},{"damage":0.0,"enemies":"Large Slime","floor":11.0,"turns":3.0},{"damage":2.0,"enemies":"2 Fungi Beasts","floor":12.0,"turns":3.0},{"damage":0.0,"enemies":"The Mushroom Lair","floor":13.0,"turns":4.0},{"damage":16.0,"enemies":"The Guardian","floor":16.0,"turns":9.0},{"damage":5,"enemies":"3 Byrds","floor":18,"turns":4},{"damage":0,"enemies":"Chosen","floor":22,"turns":3},{"damage":0,"enemies":"Sentry and Sphere","floor":25,"turns":5},{"damage":0,"enemies":"Colosseum Slavers","floor":28,"turns":3},{"damage":0,"enemies":"Colosseum Nobs","floor":28,"turns":6},{"damage":0,"enemies":"Snecko","floor":29,"turns":1},{"damage":0,"enemies":"Snake Plant","floor":31,"turns":2},{"damage":0,"enemies":"Automaton","floor":33,"turns":9},{"damage":1,"enemies":"Orb Walker","floor":35,"turns":4},{"damage":0,"enemies":"3 Shapes","floor":39,"turns":5},{"damage":0,"enemies":"Sphere and 2 Shapes","floor":41,"turns":4},{"damage":0,"enemies":"4 Shapes","floor":45,"turns":4},{"damage":0,"enemies":"Giant Head","floor":46,"turns":7},{"damage":0,"enemies":"Transient","floor":48,"turns":6},{"damage":0,"enemies":"Awakened One","floor":50,"turns":15},{"damage":4,"enemies":"Time Eater","floor":51,"turns":7}],"seed_played":"6393024402076759361","potions_obtained":[],"is_trial":false,"path_per_floor":["M","M","M","M","$","R","E","R","T","E","M","M","?","?","R","B",null,"M","?","?","$","M","R","?","M","T","?","?","M","$","M","R","B",null,"M","?","?","?","M","R","M","R","T","?","M","E","$","M","R","B","B"],"character_chosen":"DEFECT","items_purchased":["FTL","Beam Cell+1","Strange Spoon","Defragment"],"campfire_rested":1,"item_purchase_floors":[5,21,30,47],"current_hp_per_floor":[63,63,63,56,56,56,37,37,37,6,6,4,4,4,25,9,56,58,38,38,38,38,38,38,38,38,17,24,24,24,24,24,31,36,38,36,36,36,36,36,36,36,36,36,36,36,36,36,36,36,36],"gold":35,"neow_bonus":"BOSS_RELIC","is_prod":false,"is_daily":false,"chose_seed":false,"campfire_upgraded":7,"win_rate":0,"timestamp":1540431935,"path_taken":["M","M","M","M","$","R","E","R","T","E","?","M","?","?","R","BOSS","M","?","?","$","M","R","?","M","T","?","?","M","$","M","R","BOSS","M","?","?","?","M","R","M","R","T","?","?","E","$","M","R","BOSS","BOSS"],"build_version":"2018-10-18","purchased_purges":2,"victory":true,"max_hp_per_floor":[71,71,71,71,71,71,71,71,71,71,71,71,71,71,71,71,71,71,76,76,76,76,76,38,38,38,38,38,38,38,38,38,38,38,38,36,36,36,36,36,36,36,36,36,36,36,36,36,36,36,36],"card_choices":[{"not_picked":["Sweeping Beam","Recycle"],"picked":"Reinforced Body","floor":1.0},{"not_picked":["Redo","Gash","Turbo"],"picked":"SKIP","floor":2.0},{"not_picked":["Heatsinks","Aggregate","Recycle"],"picked":"SKIP","floor":3.0},{"not_picked":["Undo","Sweeping Beam"],"picked":"Sunder","floor":4.0},{"not_picked":["Melter","Conserve Battery"],"picked":"Core Surge","floor":7.0},{"not_picked":["Redo","Stack"],"picked":"Rebound","floor":10.0},{"not_picked":["Streamline+1","Barrage+1","Redo"],"picked":"SKIP","floor":11.0},{"not_picked":["Steam","Turbo"],"picked":"Coolheaded","floor":12.0},{"not_picked":["Compile Driver+1","Consume"],"picked":"Hologram","floor":13.0},{"not_picked":["Machine Learning","Self Repair"],"picked":"Ball Lightning+1","floor":15.0},{"not_picked":["Amplify","Core Surge+1"],"picked":"Buffer","floor":16.0},{"not_picked":["Stack+1","Undo"],"picked":"Genetic Algorithm","floor":18},{"not_picked":["Redo","Aggregate"],"picked":"Leap+1","floor":22},{"not_picked":["Turbo+1","Static Discharge+1"],"picked":"Ball Lightning+1","floor":25},{"not_picked":["Stack","Leap","Rebound+1"],"picked":"Machine Learning","floor":28},{"not_picked":["Steam","Stack","Turbo","Scrape+1"],"picked":"SKIP","floor":29},{"not_picked":["Cold Snap+1","Steam+1","Streamline+1"],"picked":"Coolheaded+1","floor":31},{"not_picked":["All For One+1","Creative AI","Electrodynamics"],"picked":"Seek","floor":33},{"not_picked":["Barrage+1","Sweeping Beam+1","Rip and Tear+1"],"picked":"Chill","floor":35},{"not_picked":["Aggregate","Hologram+1","Steam","Gash+1"],"picked":"SKIP","floor":39},{"not_picked":["Go for the Eyes+1","Thunder Strike+1","Reprogram+1","Sweeping Beam+1"],"picked":"SKIP","floor":41},{"not_picked":["Coolheaded","Self Repair","Ball Lightning+1"],"picked":"Compile Driver+1","floor":45},{"not_picked":["Chaos+1","Barrage+1","Multi-Cast"],"picked":"Go for the Eyes+1","floor":46},{"not_picked":["Barrage+1","Stack+1","Turbo","Double Energy"],"picked":"SKIP","floor":48}],"player_experience":819039,"relics_obtained":[{"floor":7.0,"key":"Happy Flower"},{"floor":9.0,"key":"Dream Catcher"},{"floor":10.0,"key":"Molten Egg 2"},{"floor":13.0,"key":"Odd Mushroom"},{"floor":26,"key":"Question Card"},{"floor":27,"key":"Necronomicon"},{"floor":28,"key":"StoneCalendar"},{"floor":28,"key":"Shuriken"},{"floor":43,"key":"Ancient Tea Set"},{"floor":46,"key":"Bag of Marbles"}],"event_choices":[{"damage_healed":0.0,"max_hp_gain":0.0,"max_hp_loss":0.0,"gold_gain":0.0,"event_name":"Mushrooms","player_choice":"Fought Mushrooms","floor":13.0,"gold_loss":0.0,"damage_taken":0.0},{"damage_healed":0.0,"max_hp_gain":0.0,"max_hp_loss":0.0,"gold_gain":0.0,"event_name":"Living Wall","player_choice":"Grow","floor":14.0,"gold_loss":0.0,"damage_taken":0.0,"cards_upgraded":["Hologram"]},{"damage_healed":0,"gold_gain":0,"player_choice":"Shed Blood","damage_taken":25,"max_hp_gain":5,"max_hp_loss":0,"event_name":"Forgotten Altar","floor":19,"gold_loss":0},{"damage_healed":0,"gold_gain":0,"player_choice":"Upgraded Two","damage_taken":0,"max_hp_gain":0,"max_hp_loss":0,"event_name":"Designer","floor":20,"gold_loss":50,"cards_upgraded":["Buffer","Hologram"]},{"damage_healed":0,"gold_gain":0,"player_choice":"Became a Ghost","damage_taken":0,"max_hp_gain":0,"max_hp_loss":38,"event_name":"Ghosts","floor":24,"gold_loss":0,"cards_obtained":["Ghostly","Ghostly","Ghostly","Ghostly","Ghostly"]},{"damage_healed":0,"gold_gain":0,"player_choice":"Obtained Book","damage_taken":21,"max_hp_gain":0,"max_hp_loss":0,"event_name":"Cursed Tome","floor":27,"gold_loss":0},{"damage_healed":0,"gold_gain":0,"player_choice":"Fight","damage_taken":0,"max_hp_gain":0,"max_hp_loss":0,"event_name":"Colosseum","floor":28,"gold_loss":0},{"damage_healed":0,"gold_gain":0,"player_choice":"Fought Nobs","damage_taken":0,"max_hp_gain":0,"max_hp_loss":0,"event_name":"Colosseum","floor":28,"gold_loss":0},{"damage_healed":0,"gold_gain":0,"player_choice":"Max HP","damage_taken":0,"max_hp_gain":0,"max_hp_loss":2,"event_name":"Winding Halls","floor":36,"gold_loss":0},{"cards_removed":["Coolheaded"],"damage_healed":0,"gold_gain":0,"player_choice":"Removed Skill","damage_taken":0,"max_hp_gain":0,"max_hp_loss":0,"event_name":"Falling","floor":37,"gold_loss":0},{"damage_healed":0,"gold_gain":0,"player_choice":"Forge","damage_taken":0,"max_hp_gain":0,"max_hp_loss":0,"event_name":"Accursed Blacksmith","floor":38,"gold_loss":0,"cards_upgraded":["Chill"]},{"damage_healed":0,"gold_gain":0,"player_choice":"Paid","damage_taken":0,"relics_obtained":["Red Mask"],"max_hp_gain":0,"max_hp_loss":0,"event_name":"Tomb of Lord Red Mask","floor":44,"gold_loss":201}],"is_beta":false,"boss_relics":[{"not_picked":["Coffee Dripper","Lizard Tail"],"picked":"Pandora\u0027s Box"},{"not_picked":["Runic Pyramid","Orrery"],"picked":"Inserter"}],"items_purged_floors":[5,21],"is_endless":false,"potions_floor_spawned":[3,7,10,11,12,13,25,28,29,35,39,48],"ascension_level":20}