{"path_per_floor":["M","?","M","M","T","R","M","E","T","M","?","M","R","E","R","B",null,"M","?","?","M","M","R","M"],"character_chosen":"THE_SILENT","items_purchased":[],"gold_per_floor":[118,118,133,149,149,149,166,201,277,297,262,279,279,306,306,407,407,387,387,302,317,331,331,347],"floor_reached":25,"campfire_rested":3,"playtime":1956,"current_hp_per_floor":[70,56,56,56,56,70,61,45,45,33,50,50,50,32,53,37,70,58,58,65,48,19,57,10],"items_purged":[],"gold":347,"score":215,"play_id":"93c39c34-ee85-40e9-b89e-a60f300a7de9","is_prod":false,"is_daily":false,"is_ascension_mode":false,"campfire_upgraded":1,"path_taken":["M","?","?","M","?","R","M","E","T","M","?","M","R","E","R","BOSS","M","?","?","?","M","R","M","M"],"build_version":"2018-02-15-PROD1","purchased_purges":0,"victory":false,"master_deck":["Defend_G","Defend_G","Defend_G+1","Defend_G","Defend_G","Strike_G","Strike_G","Strike_G","Strike_G","Strike_G","Survivor","Neutralize","Flying Knee+1","Deadly Poison","Quick Slash","Backflip","Bouncing Flask","Backstab+1","Bane","Finisher","After Image","Quick Slash+1","Sucker Punch+1","Poisoned Stab","Deadly Poison"],"max_hp_per_floor":[70,70,70,70,70,70,70,70,70,70,70,70,70,70,70,70,70,70,70,77,77,77,77,77],"relics":["Ring of the Snake","Sundial","Gambling Chip","Mummified Hand","Pantograph","Black Star","Regal Pillow","Strawberry"],"card_choices":[{"not_picked":["Sucker Punch","Prepared"],"picked":"Flying Knee"},{"not_picked":["Finisher","All Out Attack"],"picked":"Deadly Poison"},{"not_picked":["Deflect","Flechettes"],"picked":"Quick Slash"},{"not_picked":["Wraith Form","Prepared"],"picked":"Backflip"},{"not_picked":["Outmaneuver","Predator"],"picked":"Bouncing Flask"},{"not_picked":["Sucker Punch","Slice"],"picked":"Backstab"},{"not_picked":["Sucker Punch","Caltrops"],"picked":"Bane"},{"not_picked":["Corpse Explosion","Acrobatics"],"picked":"Finisher"},{"not_picked":["Glass Knife","Tools of the Trade"],"picked":"After Image"},{"not_picked":["Dagger Spray","Choke"],"picked":"Quick Slash"},{"not_picked":["Bane","Dagger Throw"],"picked":"Sucker Punch"},{"not_picked":["Backflip","Well Laid Plans"],"picked":"Poisoned Stab"},{"not_picked":["Bane","Choke"],"picked":"Deadly Poison"}],"player_experience":76320,"potions_floor_usage":[14,14,14,16,21],"damage_taken":[{"damage":0,"enemies":"Small Slimes","floor":1,"turns":4},{"damage":0,"enemies":"2 Louse","floor":3,"turns":2},{"damage":0,"enemies":"Cultist","floor":4,"turns":3},{"damage":9,"enemies":"Exordium Thugs","floor":7,"turns":5},{"damage":16,"enemies":"Lagavulin","floor":8,"turns":7},{"damage":12,"enemies":"2 Fungi Beasts","floor":10,"turns":3},{"damage":0,"enemies":"Exordium Wildlife","floor":12,"turns":2},{"damage":18,"enemies":"Gremlin Nob","floor":14,"turns":4},{"damage":33,"enemies":"The Guardian","floor":16,"turns":12},{"damage":12,"enemies":"2 Thieves","floor":18,"turns":4},{"damage":17,"enemies":"Spheric Guardian","floor":21,"turns":4},{"damage":29,"enemies":"Centurion and Healer","floor":22,"turns":6},{"damage":47,"enemies":"3 Cultists","floor":24,"turns":8},{"damage":12,"enemies":"Slaver and Parasite","floor":25,"turns":2}],"event_choices":[{"event_name":"Shining Light","player_choice":"Entered Light","floor":2,"damage_taken":0},{"event_name":"The Cleric","player_choice":"Healed","floor":11,"damage_taken":0},{"event_name":"The Mausoleum","player_choice":"Yes","floor":19,"damage_taken":0},{"event_name":"Addict","player_choice":"Obtained Relic","floor":20,"damage_taken":0}],"boss_relics":[{"not_picked":["The Specimen","Cursed Key"],"picked":"Black Star"}],"potions_floor_spawned":[7,10,12,14,18,21],"seed_played":"-561116058865763690","killed_by":"Slaver and Parasite","ascension_level":0,"is_trial":false}