{"gold_per_floor":[113,63,80,40,53,87,87,100,100,32,45,45,80,94,94,194,494,512,512,528,528,15,15,47,47],"floor_reached":25,"playtime":1004,"items_purged":["Shame"],"score":300,"play_id":"f3ad6956-9eaf-4074-a9fd-d480e54fda7c","local_time":"20190117102140","is_ascension_mode":true,"campfire_choices":[{"floor":7,"key":"REST"},{"floor":12,"key":"REST"},{"floor":15,"key":"REST"},{"floor":23,"key":"REST"}],"neow_cost":"NONE","seed_source_timestamp":663846334574536,"circlet_count":0,"master_deck":["Strike_B","Strike_B","Defend_B","Defend_B","Defend_B","Defend_B","Zap","Dualcast","Turbo","White Noise","Redo","Hologram","Hyperbeam","Redo","Seek","Storm","Ball Lightning","Ball Lightning","Electrodynamics","Parasite","Injury","Hello World+1","Static Discharge","Reboot","Dramatic Entrance+1","Bandage Up"],"relics":["Cracked Core","Shuriken","Matryoshka","Symbiotic Virus","Calling Bell","Lantern","The Courier","Old Coin","Enchiridion","Regal Pillow","Molten Egg 2","Dodecahedron"],"potions_floor_usage":[6,13,14,24],"damage_taken":[{"damage":0,"enemies":"Small Slimes","floor":1,"turns":3},{"damage":7,"enemies":"Jaw Worm","floor":3,"turns":3},{"damage":1,"enemies":"Cultist","floor":5,"turns":3},{"damage":31,"enemies":"Lagavulin","floor":6,"turns":8},{"damage":1,"enemies":"Looter","floor":8,"turns":3},{"damage":5,"enemies":"Large Slime","floor":11,"turns":4},{"damage":20,"enemies":"3 Sentries","floor":13,"turns":3},{"damage":9,"enemies":"Red Slaver","floor":14,"turns":2},{"damage":19,"enemies":"Slime Boss","floor":16,"turns":7},{"damage":12,"enemies":"Chosen","floor":18,"turns":4},{"damage":23,"enemies":"Spheric Guardian","floor":20,"turns":4},{"damage":40,"enemies":"Slavers","floor":24,"turns":3},{"damage":28,"enemies":"Centurion and Healer","floor":25,"turns":2}],"seed_played":"-3696171172390173724","potions_obtained":[{"floor":3,"key":"LiquidBronze"},{"floor":11,"key":"Fruit Juice"},{"floor":13,"key":"Regen Potion"},{"floor":18,"key":"Explosive Potion"}],"is_trial":false,"path_per_floor":["M","?","M","?","M","E","R","M","T","$","M","R","E","M","R","B",null,"M","?","M","?","$","R","E","M"],"character_chosen":"DEFECT","items_purchased":["Seek","Regal Pillow","Molten Egg 2","Dramatic Entrance+1","Bandage Up"],"campfire_rested":4,"item_purchase_floors":[10,22,22,22,22],"current_hp_per_floor":[68,68,61,61,60,29,51,50,50,50,45,67,52,48,72,53,73,61,45,22,22,22,61,25,0],"gold":47,"neow_bonus":"THREE_CARDS","is_prod":false,"is_daily":false,"chose_seed":false,"campfire_upgraded":0,"win_rate":0,"timestamp":1547738500,"path_taken":["M","?","M","?","M","E","R","M","T","?","?","R","E","M","R","BOSS","M","?","M","?","$","R","E","?"],"build_version":"2019-01-10","purchased_purges":1,"victory":false,"max_hp_per_floor":[75,75,75,75,75,75,75,75,75,75,75,75,80,80,80,80,80,80,80,80,80,80,80,80,80],"card_choices":[{"not_picked":["Stack","Go for the Eyes"],"picked":"Turbo","floor":0},{"not_picked":["Turbo","Rebound"],"picked":"White Noise","floor":1},{"not_picked":["Go for the Eyes","Rip and Tear"],"picked":"Redo","floor":3},{"not_picked":["Coolheaded","Sweeping Beam"],"picked":"Hologram","floor":5},{"not_picked":["Stack","Leap"],"picked":"Hyperbeam","floor":6},{"not_picked":["Compile Driver","Reinforced Body"],"picked":"Redo","floor":8},{"not_picked":["Sunder","Cold Snap"],"picked":"Storm","floor":11},{"not_picked":["Rip and Tear","Hologram"],"picked":"Ball Lightning","floor":13},{"not_picked":["Compile Driver","Aggregate"],"picked":"Ball Lightning","floor":14},{"not_picked":["Seek","Core Surge"],"picked":"Electrodynamics","floor":16},{"not_picked":["Chill","Turbo"],"picked":"Hello World+1","floor":18},{"not_picked":["Leap+1","Streamline+1"],"picked":"Static Discharge","floor":20},{"not_picked":["Core Surge+1","Aggregate","Gash+1"],"picked":"SKIP","floor":24}],"player_experience":123465,"relics_obtained":[{"floor":6,"key":"Shuriken"},{"floor":9,"key":"Matryoshka"},{"floor":13,"key":"Symbiotic Virus"},{"floor":17,"key":"Lantern"},{"floor":17,"key":"The Courier"},{"floor":17,"key":"Old Coin"},{"floor":19,"key":"Enchiridion"},{"floor":24,"key":"Dodecahedron"}],"event_choices":[{"cards_removed":["Strike_B"],"damage_healed":0,"gold_gain":0,"player_choice":"Card Removal","damage_taken":0,"max_hp_gain":0,"max_hp_loss":0,"event_name":"The Cleric","floor":2,"gold_loss":50},{"damage_healed":0,"gold_gain":0,"player_choice":"Left Gold","damage_taken":0,"max_hp_gain":0,"max_hp_loss":0,"event_name":"World of Goop","floor":4,"gold_loss":40},{"damage_healed":0,"gold_gain":0,"player_choice":"Obtained Book","damage_taken":16,"max_hp_gain":0,"max_hp_loss":0,"event_name":"Cursed Tome","floor":19,"gold_loss":0},{"damage_healed":0,"gold_gain":0,"cards_transformed":["Strike_B"],"player_choice":"Transformed","damage_taken":0,"max_hp_gain":0,"max_hp_loss":0,"event_name":"Transmorgrifier","floor":21,"gold_loss":0,"cards_obtained":["Reboot"]}],"is_beta":false,"boss_relics":[{"not_picked":["Runic Pyramid","Coffee Dripper"],"picked":"Calling Bell"}],"items_purged_floors":[22],"is_endless":false,"potions_floor_spawned":[3,11,13,18],"killed_by":"Centurion and Healer","ascension_level":6}