{"gold_per_floor":[117,127,146,146,74,74,149,185,238,238,132,147,147,163,163,163],"floor_reached":16,"playtime":507,"items_purged":[],"score":100,"play_id":"f2ea47ca-21b0-4c9d-8ac0-0b6c37889588","local_time":"20190522050036","is_ascension_mode":false,"campfire_choices":[{"data":"Infinite Blades","floor":6,"key":"SMITH"},{"data":"Accuracy","floor":10,"key":"SMITH"},{"floor":15,"key":"REST"}],"neow_cost":"NONE","seed_source_timestamp":475584026594700,"circlet_count":0,"master_deck":["Defend_G","Defend_G","Defend_G","Defend_G","Defend_G","Strike_G","Strike_G","Strike_G","Strike_G","Strike_G","Survivor","Neutralize","Terror","Accuracy+1","Distraction","Infinite Blades+1","Distraction","Backstab","Crippling Poison","Prepared"],"relics":["Ring of the Snake","NeowsBlessing","Golden Idol","Juzu Bracelet","Tiny Chest","Matryoshka"],"potions_floor_usage":[16],"damage_taken":[{"damage":0,"enemies":"Jaw Worm","floor":1,"turns":1},{"damage":0,"enemies":"2 Louse","floor":2,"turns":1},{"damage":0,"enemies":"Cultist","floor":3,"turns":1},{"damage":13,"enemies":"Lagavulin","floor":8,"turns":8},{"damage":17,"enemies":"2 Fungi Beasts","floor":12,"turns":4},{"damage":8,"enemies":"Red Slaver","floor":14,"turns":3},{"damage":28,"enemies":"Hexaghost","floor":16,"turns":9}],"seed_played":"-1164210689278100003","potions_obtained":[{"floor":8,"key":"LiquidBronze"},{"floor":12,"key":"SneckoOil"}],"is_trial":false,"path_per_floor":["M","M","M","?","$","R","?","E","T","R","$","M","T","M","R","B"],"character_chosen":"THE_SILENT","items_purchased":["Infinite Blades","Backstab","Crippling Poison"],"campfire_rested":1,"item_purchase_floors":[5,11,11],"current_hp_per_floor":[70,70,70,53,53,53,42,29,29,29,29,12,12,4,25,0],"gold":163,"neow_bonus":"THREE_ENEMY_KILL","is_prod":false,"is_daily":false,"chose_seed":false,"campfire_upgraded":2,"win_rate":0,"timestamp":1558530036,"path_taken":["M","M","M","?","$","R","?","E","T","R","?","M","?","M","R","BOSS"],"build_version":"2019-01-23","purchased_purges":0,"victory":false,"max_hp_per_floor":[70,70,70,70,70,70,70,70,70,70,70,70,70,70,70,70],"card_choices":[{"not_picked":["Quick Slash","Acrobatics"],"picked":"Terror","floor":1},{"not_picked":["Deadly Poison","Sucker Punch"],"picked":"Accuracy","floor":2},{"not_picked":["Quick Slash","Poisoned Stab"],"picked":"Distraction","floor":3},{"not_picked":["Poisoned Stab","Dagger Spray"],"picked":"Distraction","floor":8},{"not_picked":["Riddle With Holes","Underhanded Strike"],"picked":"Prepared","floor":12},{"not_picked":["Flying Knee","Masterful Stab","Dodge and Roll"],"picked":"SKIP","floor":14}],"player_experience":397622,"relics_obtained":[{"floor":8,"key":"Juzu Bracelet"},{"floor":9,"key":"Tiny Chest"},{"floor":13,"key":"Matryoshka"}],"event_choices":[{"damage_healed":0,"gold_gain":0,"player_choice":"Take Damage","damage_taken":17,"relics_obtained":["Golden Idol"],"max_hp_gain":0,"max_hp_loss":0,"event_name":"Golden Idol","floor":4,"gold_loss":0},{"damage_healed":0,"gold_gain":75,"player_choice":"Gather Gold","damage_taken":11,"max_hp_gain":0,"max_hp_loss":0,"event_name":"World of Goop","floor":7,"gold_loss":0}],"is_beta":false,"boss_relics":[],"items_purged_floors":[],"is_endless":false,"potions_floor_spawned":[8,12],"killed_by":"Hexaghost","ascension_level":0}