{"path_per_floor":["M","M","?","$","M","R","E","M","T","?","R","M","?","E","R","B",null,"M","M","M","?","$","R","$","R","T","R","E","?","R","M","R"],"character_chosen":"THE_SILENT","items_purchased":["Leg Sweep","Calculated Gamble","Terror"],"gold_per_floor":[113,124,124,15,31,31,59,73,96,61,61,81,81,110,110,211,211,197,207,222,222,82,82,5,5,52,52,77,77,77,92,92],"floor_reached":33,"campfire_rested":4,"playtime":1331,"current_hp_per_floor":[53,51,44,44,44,44,20,20,20,37,37,37,37,32,53,31,60,54,37,22,22,22,43,43,43,43,70,70,70,70,42,70],"items_purged":["Strike_G","Strike_G"],"gold":92,"score":432,"play_id":"0b0eae65-ce5d-4927-a25f-28c15fe96091","is_prod":false,"is_daily":false,"is_ascension_mode":true,"campfire_upgraded":4,"path_taken":["M","M","?","$","M","R","E","M","T","?","R","M","?","E","R","BOSS","M","M","?","?","$","R","?","R","T","R","E","?","R","M","R","BOSS"],"build_version":"2018-02-22-PROD2","purchased_purges":2,"victory":false,"master_deck":["Defend_G","Defend_G","Defend_G","Defend_G","Strike_G","Strike_G","Survivor","Neutralize+1","Dagger Throw","Deflect","Leg Sweep+1","Underhanded Strike","Cloak And Dagger","Flying Knee","Underhanded Strike","Burst+1","Acrobatics","Dagger Throw+1","Backflip","Calculated Gamble+1","Terror","Prepared+1"],"max_hp_per_floor":[70,70,70,70,70,70,70,70,70,70,70,70,70,70,70,70,70,70,70,70,70,70,70,70,70,70,70,70,70,70,70,70],"relics":["Orichalcum","Vajra","Ice Cream","Sozu","Regal Pillow","Juzu Bracelet","Nloth\u0027s Gift"],"card_choices":[{"not_picked":["Caltrops","Underhanded Strike"],"picked":"Dagger Throw"},{"not_picked":["Choke","Outmaneuver"],"picked":"Deflect"},{"not_picked":["Slice","Bane"],"picked":"Underhanded Strike"},{"not_picked":["Tools of the Trade","Heel Hook"],"picked":"Cloak And Dagger"},{"not_picked":["Bouncing Flask","Dagger Throw"],"picked":"Flying Knee"},{"not_picked":["Flying Knee","PiercingWail"],"picked":"Underhanded Strike"},{"not_picked":["Night Terror","Unload"],"picked":"Burst"},{"not_picked":["Deadly Poison","Dodge and Roll"],"picked":"Acrobatics"},{"not_picked":["Expertise","Riddle With Holes"],"picked":"Dagger Throw"},{"not_picked":["Flying Knee","Distraction"],"picked":"Backflip"},{"not_picked":["Backflip","PiercingWail"],"picked":"Prepared"}],"player_experience":239482,"potions_floor_usage":[7,16,16,16],"damage_taken":[{"damage":10,"enemies":"Small Slimes","floor":1,"turns":3},{"damage":2,"enemies":"Jaw Worm","floor":2,"turns":5},{"damage":0,"enemies":"Cultist","floor":5,"turns":4},{"damage":24,"enemies":"Gremlin Nob","floor":7,"turns":5},{"damage":0,"enemies":"Looter","floor":8,"turns":4},{"damage":0,"enemies":"Blue Slaver","floor":12,"turns":3},{"damage":5,"enemies":"3 Sentries","floor":14,"turns":8},{"damage":22,"enemies":"Slime Boss","floor":16,"turns":9},{"damage":6,"enemies":"2 Thieves","floor":18,"turns":4},{"damage":17,"enemies":"Spheric Guardian","floor":19,"turns":6},{"damage":15,"enemies":"Snake Plant","floor":20,"turns":6},{"damage":0,"enemies":"Book of Stabbing","floor":28,"turns":6},{"damage":28,"enemies":"Cultist and Chosen","floor":31,"turns":8},{"damage":87,"enemies":"Collector","floor":33,"turns":7}],"event_choices":[{"event_name":"Golden Wing","player_choice":"Card Removal","floor":3,"damage_taken":0},{"event_name":"The Cleric","player_choice":"Healed","floor":10,"damage_taken":0},{"event_name":"Bonfire Elementals","player_choice":"BASIC","floor":13,"damage_taken":0},{"event_name":"Upgrade Shrine","player_choice":"Upgraded","floor":21,"damage_taken":0},{"event_name":"N\u0027loth","player_choice":"Traded a Ring of the Snake","floor":29,"damage_taken":0}],"boss_relics":[{"not_picked":["Lizard Tail","Tiny House"],"picked":"Sozu"}],"potions_floor_spawned":[1,7,8,14,20,28,31],"seed_played":"8912394935963560903","killed_by":"Collector","ascension_level":9,"is_trial":false}