{"path_per_floor":["M","?","M","M","?","R","E","M","T","M","R","M","$","M","R","B",null,"M","?","M","$","?","M","R","M","T","E","M","M","$","M","R","B",null,"M","M","M","?","M","R","M","R","T","E","M","T","R","?","R","B"],"character_chosen":"IRONCLAD","items_purchased":["Madness","Headbutt+1"],"gold_per_floor":[109,109,121,140,140,140,165,182,182,195,195,213,45,15,15,113,113,132,132,151,27,27,43,43,63,63,97,111,130,5,16,16,119,119,132,146,164,164,180,180,191,191,191,226,244,294,294,294,294,294],"floor_reached":51,"campfire_rested":4,"playtime":4832,"item_purchase_floors":[13,21],"current_hp_per_floor":[80,55,56,62,62,62,42,32,32,38,38,31,31,37,61,15,80,80,80,66,66,66,80,80,71,71,44,50,62,62,56,56,17,88,52,57,27,27,8,34,13,40,40,16,15,15,43,84,84,32],"items_purged":["Strike_R","Strike_R","Strike_R"],"gold":294,"score":653,"play_id":"798da996-4845-4c09-8107-f8a842ed3aaf","local_time":"20180528002052","is_prod":false,"is_daily":false,"chose_seed":false,"is_ascension_mode":false,"campfire_upgraded":5,"win_rate":0,"timestamp":1527463252,"campfire_choices":[{"data":"Whirlwind","floor":6,"key":"SMITH"},{"data":"Berserk","floor":11,"key":"SMITH"},{"floor":15,"key":"REST"},{"data":"Seeing Red","floor":24,"key":"SMITH"},{"data":"Shrug It Off","floor":32,"key":"SMITH"},{"floor":40,"key":"REST"},{"floor":42,"key":"REST"},{"floor":47,"key":"REST"},{"data":"Shrug It Off","floor":49,"key":"SMITH"}],"path_taken":["M","?","M","M","?","R","E","M","T","M","R","M","$","M","R","BOSS","M","?","M","$","?","M","R","M","T","E","M","M","$","M","R","BOSS","M","M","M","?","M","R","?","R","T","E","M","?","R","?","R","BOSS"],"build_version":"2018-05-24","seed_source_timestamp":452924749887441,"purchased_purges":3,"victory":true,"master_deck":["Defend_R","Defend_R","Defend_R","Defend_R","Bash","Shrug It Off+1","Whirlwind+1","Seeing Red+1","Berserk+1","Shrug It Off+1","Headbutt+1","Ghostly Armor","Madness","Thunderclap+1","Dropkick+1","Reaper+1","Pommel Strike+1","Demon Form","Heavy Blade+1","Headbutt+1","Feed+1","Headbutt+1","Ghostly Armor+1","Armaments+1","Shrug It Off+1","Heavy Blade+1","Dual Wield+1"],"max_hp_per_floor":[80,80,80,80,80,80,80,80,80,80,80,80,80,80,80,80,80,80,80,80,80,80,80,80,80,80,80,80,84,84,88,88,88,88,88,88,88,88,88,88,92,92,92,92,96,96,96,84,84,84],"relics":["Burning Blood","Dream Catcher","Molten Egg 2","Lantern","Velvet Choker","Pantograph","Torii","Sozu","Bottled Tornado","Juzu Bracelet","Blood Vial"],"card_choices":[{"not_picked":["Anger","Perfected Strike"],"picked":"Shrug It Off","floor":1},{"not_picked":["Bloodletting","Shrug It Off"],"picked":"Whirlwind","floor":3},{"not_picked":["Corruption","Second Wind"],"picked":"Seeing Red","floor":4},{"not_picked":["Bloodletting","Exhume"],"picked":"Berserk","floor":7},{"not_picked":["Carnage+1","Twin Strike+1"],"picked":"Shrug It Off","floor":8},{"not_picked":["Flame Barrier","Pommel Strike+1"],"picked":"Headbutt+1","floor":10},{"not_picked":["Havoc","Twin Strike+1"],"picked":"Ghostly Armor","floor":12},{"not_picked":["Cleave+1","Havoc"],"picked":"Thunderclap+1","floor":14},{"not_picked":["Clash+1","Clothesline+1"],"picked":"Dropkick+1","floor":15},{"not_picked":["Barricade","Dark Embrace"],"picked":"Reaper+1","floor":16},{"not_picked":["Perfected Strike+1","Wild Strike+1"],"picked":"Pommel Strike+1","floor":18},{"not_picked":["Hemokinesis+1","Headbutt+1"],"picked":"Heavy Blade+1","floor":20},{"not_picked":["Wild Strike+1","Spot Weakness+1","Disarm"],"picked":"SKIP","floor":23},{"not_picked":["Hemokinesis+1","Rupture","Corruption"],"picked":"SKIP","floor":25},{"not_picked":["Dropkick+1","Flex"],"picked":"Feed+1","floor":27},{"not_picked":["Anger+1","Sword Boomerang+1","Feel No Pain+1"],"picked":"SKIP","floor":28},{"not_picked":["Anger+1","Sword Boomerang+1","Feel No Pain+1"],"picked":"SKIP","floor":28},{"not_picked":["Searing Blow+1","Twin Strike+1","Clothesline+1"],"picked":"SKIP","floor":29},{"not_picked":["Flex","Havoc"],"picked":"Headbutt+1","floor":31},{"not_picked":["Disarm+1","Entrench","Body Slam+1"],"picked":"SKIP","floor":35},{"not_picked":["Corruption+1","Twin Strike+1"],"picked":"Ghostly Armor+1","floor":36},{"not_picked":["Sword Boomerang+1","Disarm"],"picked":"Armaments+1","floor":37},{"not_picked":["Havoc+1","Thunderclap+1","Flex"],"picked":"SKIP","floor":39},{"not_picked":["Flex","Iron Wave+1","Metallicize"],"picked":"SKIP","floor":41},{"not_picked":["Flame Barrier+1","Armaments"],"picked":"Shrug It Off+1","floor":42},{"not_picked":["Armaments","Headbutt+1","Bloodletting"],"picked":"SKIP","floor":44},{"not_picked":["Thunderclap+1","Clothesline+1"],"picked":"Heavy Blade+1","floor":45},{"not_picked":["Anger+1","Rage"],"picked":"Dual Wield+1","floor":47}],"player_experience":145800,"potions_floor_usage":[7,10,16,16,28,31,37],"damage_taken":[{"damage":5,"enemies":"2 Louse","floor":1,"turns":2},{"damage":5,"enemies":"Jaw Worm","floor":3,"turns":4},{"damage":0,"enemies":"Cultist","floor":4,"turns":4},{"damage":26,"enemies":"Lagavulin","floor":7,"turns":8},{"damage":16,"enemies":"Exordium Wildlife","floor":8,"turns":4},{"damage":0,"enemies":"Large Slime","floor":10,"turns":6},{"damage":13,"enemies":"Red Slaver","floor":12,"turns":3},{"damage":0,"enemies":"Looter","floor":14,"turns":4},{"damage":60,"enemies":"Hexaghost","floor":16,"turns":11},{"damage":0,"enemies":"3 Byrds","floor":18,"turns":3},{"damage":20,"enemies":"Spheric Guardian","floor":20,"turns":4},{"damage":4,"enemies":"3 Cultists","floor":23,"turns":3},{"damage":15,"enemies":"Centurion and Healer","floor":25,"turns":7},{"damage":38,"enemies":"Book of Stabbing","floor":27,"turns":5},{"damage":9,"enemies":"Slaver and Parasite","floor":28,"turns":8},{"damage":8,"enemies":"3 Cultists","floor":29,"turns":4},{"damage":21,"enemies":"Snake Plant","floor":31,"turns":6},{"damage":80,"enemies":"Collector","floor":33,"turns":8},{"damage":42,"enemies":"3 Darklings","floor":35,"turns":3},{"damage":1,"enemies":"Orb Walker","floor":36,"turns":3},{"damage":54,"enemies":"Sphere and 2 Shapes","floor":37,"turns":7},{"damage":25,"enemies":"4 Shapes","floor":39,"turns":2},{"damage":31,"enemies":"Maw","floor":41,"turns":7},{"damage":30,"enemies":"2 Orb Walkers","floor":44,"turns":4},{"damage":32,"enemies":"Sphere and 2 Shapes","floor":45,"turns":5},{"damage":67,"enemies":"Time Eater","floor":50,"turns":7}],"relics_obtained":[{"floor":7,"key":"Molten Egg 2"},{"floor":9,"key":"Lantern"},{"floor":26,"key":"Pantograph"},{"floor":27,"key":"Torii"},{"floor":43,"key":"Bottled Tornado"},{"floor":44,"key":"Juzu Bracelet"},{"floor":46,"key":"Blood Vial"}],"event_choices":[{"event_name":"Scrap Ooze","player_choice":"success","floor":2,"damage_taken":25},{"event_name":"Bonfire Elementals","player_choice":"BASIC","floor":5,"damage_taken":0},{"event_name":"Transmorgrifier","player_choice":"Transform","floor":19,"damage_taken":0},{"event_name":"Vampires","player_choice":"Ignored","floor":22,"damage_taken":0},{"event_name":"Tomb of Lord Red Mask","player_choice":"Ignored","floor":38,"damage_taken":0},{"event_name":"The Moai Head","player_choice":"Heal","floor":48,"damage_taken":0}],"boss_relics":[{"not_picked":["Ectoplasm","Runic Cube"],"picked":"Velvet Choker"},{"not_picked":["Cursed Key","Calling Bell"],"picked":"Sozu"}],"items_purged_floors":[13,21,30],"potions_floor_spawned":[4,8,12,16,18,25,27,28,36,44],"seed_played":"3055775582756305367","ascension_level":0,"potions_obtained":[{"floor":4,"key":"BloodPotion"},{"floor":8,"key":"Dexterity Potion"},{"floor":12,"key":"FearPotion"},{"floor":16,"key":"FairyPotion"},{"floor":18,"key":"Dexterity Potion"},{"floor":25,"key":"Swift Potion"},{"floor":28,"key":"Swift Potion"}],"is_trial":false}