{"gold_per_floor":[110,124,140,160,178,212,212,245,270,250,279,296,309,338,338,436,436,453,471,253,269,25,51,63,102,163,175,203,227,154,192,204,320,332,361,386,418,430,453,500,522,567,659,671,698,710,754,76,76,76],"floor_reached":51,"playtime":3377,"items_purged":["Defend_R","Defend_R","Defend_R"],"score":1025,"play_id":"231b75dd-5a09-4cf0-8e0d-b9c3ef490d3f","local_time":"20190114174604","is_ascension_mode":true,"campfire_choices":[{"data":"Armaments","floor":7,"key":"SMITH"},{"data":"Pommel Strike","floor":15,"key":"SMITH"},{"data":"Bash","floor":24,"key":"SMITH"},{"data":"Heavy Blade","floor":32,"key":"SMITH"},{"data":"Perfected Strike","floor":44,"key":"SMITH"},{"data":"Double Tap","floor":46,"key":"SMITH"},{"data":"Inflame","floor":49,"key":"SMITH"}],"neow_cost":"NONE","seed_source_timestamp":428908825261731,"circlet_count":0,"master_deck":["Strike_R","Strike_R","Strike_R","Strike_R","Strike_R","Defend_R","Bash+1","Perfected Strike+1","Iron Wave","Cleave","Armaments+1","Clash","Thunderclap","Heavy Blade+1","Inflame+1","Pommel Strike+1","Thunderclap","Dropkick","Feed","Pommel Strike+1","Whirlwind+1","Anger+1","Rage+1","Heavy Blade+1","Double Tap+1","Pommel Strike+1","Carnage+1","Anger+1","Perfected Strike+1","Twin Strike+1","Pain"],"relics":["Burning Blood","PreservedInsect","Pantograph","Anchor","Bag of Marbles","Ancient Tea Set","Cursed Key","Blood Vial","Lantern","MawBank","Pen Nib","Orichalcum","Enchiridion","Sundial","Bird Faced Urn","Coffee Dripper","Spirit Poop","Gambling Chip","Bronze Scales","Bottled Lightning","Centennial Puzzle","Nunchaku","Lee\u0027s Waffle"],"potions_floor_usage":[11,14,18,23,31,33,47,50,50,50],"damage_taken":[{"damage":6,"enemies":"2 Louse","floor":1,"turns":2},{"damage":4,"enemies":"Cultist","floor":2,"turns":4},{"damage":0,"enemies":"Small Slimes","floor":3,"turns":3},{"damage":6,"enemies":"2 Fungi Beasts","floor":4,"turns":3},{"damage":10,"enemies":"Exordium Thugs","floor":5,"turns":3},{"damage":26,"enemies":"3 Sentries","floor":6,"turns":6},{"damage":26,"enemies":"Lagavulin","floor":8,"turns":5},{"damage":9,"enemies":"3 Sentries","floor":11,"turns":3},{"damage":0,"enemies":"Exordium Wildlife","floor":12,"turns":2},{"damage":0,"enemies":"Large Slime","floor":13,"turns":4},{"damage":0,"enemies":"Gremlin Nob","floor":14,"turns":2},{"damage":41,"enemies":"The Guardian","floor":16,"turns":5},{"damage":10,"enemies":"Spheric Guardian","floor":18,"turns":3},{"damage":7,"enemies":"Shell Parasite","floor":19,"turns":4},{"damage":12,"enemies":"Cultist and Chosen","floor":21,"turns":5},{"damage":21,"enemies":"Gremlin Leader","floor":23,"turns":3},{"damage":0,"enemies":"Slavers","floor":25,"turns":1},{"damage":1,"enemies":"3 Cultists","floor":28,"turns":2},{"damage":6,"enemies":"Centurion and Healer","floor":29,"turns":3},{"damage":4,"enemies":"Book of Stabbing","floor":31,"turns":2},{"damage":5,"enemies":"Collector","floor":33,"turns":3},{"damage":15,"enemies":"3 Shapes","floor":35,"turns":3},{"damage":6,"enemies":"Orb Walker","floor":36,"turns":1},{"damage":7,"enemies":"Spire Growth","floor":37,"turns":2},{"damage":8,"enemies":"Transient","floor":39,"turns":5},{"damage":3,"enemies":"Nemesis","floor":40,"turns":3},{"damage":0,"enemies":"Sphere and 2 Shapes","floor":41,"turns":2},{"damage":0,"enemies":"Reptomancer","floor":42,"turns":2},{"damage":11,"enemies":"Spire Growth","floor":45,"turns":2},{"damage":0,"enemies":"Giant Head","floor":47,"turns":5},{"damage":55,"enemies":"Donu and Deca","floor":50,"turns":5}],"seed_played":"4941843254305637950","potions_obtained":[{"floor":3,"key":"Explosive Potion"},{"floor":4,"key":"Strength Potion"},{"floor":10,"key":"Explosive Potion"},{"floor":11,"key":"SteroidPotion"},{"floor":14,"key":"Fire Potion"},{"floor":25,"key":"FearPotion"},{"floor":28,"key":"SkillPotion"},{"floor":31,"key":"FearPotion"},{"floor":33,"key":"Fire Potion"},{"floor":35,"key":"Regen Potion"},{"floor":37,"key":"Fire Potion"},{"floor":42,"key":"Energy Potion"}],"is_trial":false,"path_per_floor":["M","M","M","M","M","E","R","E","T","?","E","M","M","E","R","B",null,"M","M","$","M","$","E","R","E","T","?","M","M","?","E","R","B",null,"M","M","M","?","M","E","M","E","T","R","M","R","E","$","R","B",null],"character_chosen":"IRONCLAD","items_purchased":["Blood Vial","Lantern","Nunchaku","Lee\u0027s Waffle","Energy Potion"],"campfire_rested":0,"item_purchase_floors":[20,22,48,48,48],"current_hp_per_floor":[80,80,80,80,76,56,56,36,36,36,33,39,45,51,51,41,80,76,75,75,74,74,61,61,69,69,53,60,62,62,66,66,83,83,79,83,89,89,89,89,92,92,92,92,89,89,92,99,99,52],"gold":76,"neow_bonus":"THREE_CARDS","is_prod":false,"is_daily":false,"chose_seed":false,"campfire_upgraded":7,"win_rate":1,"timestamp":1547505964,"path_taken":["M","M","M","M","M","E","R","E","T","?","E","M","?","E","R","BOSS","M","M","$","M","$","E","R","E","T","?","M","M","?","E","R","BOSS","M","M","M","?","M","E","M","E","T","R","M","R","E","?","R","BOSS"],"build_version":"2019-01-10","purchased_purges":3,"victory":true,"max_hp_per_floor":[80,80,80,80,80,80,80,80,80,80,80,80,80,80,80,80,80,80,80,80,83,83,83,83,83,83,83,83,83,83,83,83,83,83,86,86,89,89,89,89,92,92,92,92,92,92,92,99,99,99],"card_choices":[{"not_picked":["Flame Barrier","True Grit"],"picked":"Perfected Strike","floor":0},{"not_picked":["Body Slam","Feel No Pain"],"picked":"Iron Wave","floor":1},{"not_picked":["True Grit","Clothesline"],"picked":"Cleave","floor":2},{"not_picked":["Headbutt","Spot Weakness"],"picked":"Armaments","floor":3},{"not_picked":["Cleave","Bludgeon"],"picked":"Clash","floor":4},{"not_picked":["Searing Blow","Iron Wave"],"picked":"Thunderclap","floor":5},{"not_picked":["Flex","Berserk"],"picked":"Heavy Blade","floor":6},{"not_picked":["Clash","Pommel Strike"],"picked":"Inflame","floor":8},{"not_picked":["Limit Break","Cleave"],"picked":"Pommel Strike","floor":11},{"not_picked":["Clothesline","Armaments","Perfected Strike"],"picked":"SKIP","floor":12},{"not_picked":["Clothesline","Heavy Blade"],"picked":"Thunderclap","floor":13},{"not_picked":["Heavy Blade","Dual Wield"],"picked":"Dropkick","floor":14},{"not_picked":["Dark Embrace","Impervious"],"picked":"Feed","floor":16},{"not_picked":["True Grit","Entrench","Inflame"],"picked":"SKIP","floor":18},{"not_picked":["Clash","Entrench"],"picked":"Pommel Strike+1","floor":19},{"not_picked":["Second Wind","Pommel Strike","Dual Wield"],"picked":"SKIP","floor":21},{"not_picked":["Flame Barrier","Rampage"],"picked":"Whirlwind+1","floor":23},{"not_picked":["Seeing Red","Warcry"],"picked":"Anger+1","floor":25},{"not_picked":["Ghostly Armor","Clothesline+1","Iron Wave"],"picked":"SKIP","floor":28},{"not_picked":["Power Through+1","Feel No Pain+1"],"picked":"Rage+1","floor":29},{"not_picked":["Dropkick","Clothesline"],"picked":"Heavy Blade+1","floor":31},{"not_picked":["Limit Break","Juggernaut"],"picked":"Double Tap","floor":33},{"not_picked":["Twin Strike+1","Entrench"],"picked":"Pommel Strike+1","floor":35},{"not_picked":["Blood for Blood+1","Shrug It Off"],"picked":"Carnage+1","floor":36},{"not_picked":["Headbutt+1","Burning Pact+1","Clothesline+1"],"picked":"SKIP","floor":37},{"not_picked":["Headbutt","Armaments+1"],"picked":"Anger+1","floor":39},{"not_picked":["Impervious","Carnage+1"],"picked":"Perfected Strike+1","floor":40},{"not_picked":["Disarm+1","Clothesline+1"],"picked":"Twin Strike+1","floor":41},{"not_picked":["Blood for Blood","Flex","Clothesline"],"picked":"SKIP","floor":42},{"not_picked":["Rupture","Sever Soul","Perfected Strike"],"picked":"SKIP","floor":45},{"not_picked":["True Grit","Heavy Blade","Clothesline+1"],"picked":"SKIP","floor":47}],"player_experience":12887,"relics_obtained":[{"floor":6,"key":"PreservedInsect"},{"floor":8,"key":"Pantograph"},{"floor":9,"key":"Anchor"},{"floor":11,"key":"Bag of Marbles"},{"floor":14,"key":"Ancient Tea Set"},{"floor":23,"key":"MawBank"},{"floor":25,"key":"Pen Nib"},{"floor":26,"key":"Orichalcum"},{"floor":27,"key":"Enchiridion"},{"floor":31,"key":"Bird Faced Urn"},{"floor":40,"key":"Gambling Chip"},{"floor":42,"key":"Bronze Scales"},{"floor":43,"key":"Bottled Lightning"},{"floor":47,"key":"Centennial Puzzle"}],"event_choices":[{"damage_healed":0,"gold_gain":0,"player_choice":"Bought 1 Potion","damage_taken":0,"max_hp_gain":0,"max_hp_loss":0,"event_name":"The Woman in Blue","floor":10,"gold_loss":0},{"damage_healed":0,"gold_gain":0,"player_choice":"Obtained Book","damage_taken":16,"max_hp_gain":0,"max_hp_loss":0,"event_name":"Cursed Tome","floor":27,"gold_loss":0},{"damage_healed":0,"gold_gain":0,"player_choice":"Obtained Relic","damage_taken":0,"relics_obtained":["Sundial"],"max_hp_gain":0,"max_hp_loss":0,"event_name":"Addict","floor":30,"gold_loss":85},{"cards_removed":["Pain"],"damage_healed":0,"gold_gain":0,"player_choice":"Offered Curse","damage_taken":0,"relics_obtained":["Spirit Poop"],"max_hp_gain":0,"max_hp_loss":0,"event_name":"Bonfire Elementals","floor":38,"gold_loss":0}],"is_beta":false,"boss_relics":[{"not_picked":["Eternal Feather","Ectoplasm"],"picked":"Cursed Key"},{"not_picked":["Lizard Tail","Runic Dome"],"picked":"Coffee Dripper"}],"items_purged_floors":[20,22,48],"is_endless":false,"potions_floor_spawned":[3,4,11,14,25,28,31,33,35,37,42],"ascension_level":1}