{"path_per_floor":["M","M","?","?","M","R","M","$","T","?","?","R","?","M","R","B",null,"M","T","M","M","M","R","?","R","T","E","?","R"],"character_chosen":"IRONCLAD","items_purchased":[],"gold_per_floor":[109,128,128,128,140,140,150,75,100,100,100,100,100,111,111,209,209,226,300,311,331,342,342,342,342,342,367,367,367],"floor_reached":30,"campfire_rested":1,"playtime":1245,"current_hp_per_floor":[61,54,54,40,46,46,40,40,40,40,40,40,40,46,46,43,72,68,68,67,62,33,33,20,43,43,17,45,45],"items_purged":["Strike_R"],"gold":367,"score":274,"play_id":"0c70be25-73f0-4a9b-8a07-3f5b69638f23","is_prod":false,"is_daily":false,"is_ascension_mode":true,"campfire_upgraded":4,"path_taken":["M","?","?","?","?","R","M","$","T","?","?","R","?","M","R","BOSS","M","?","M","M","M","R","?","R","T","E","?","R","E"],"build_version":"2018-02-08-PROD1","purchased_purges":1,"victory":false,"master_deck":["Strike_R+1","Strike_R","Defend_R","Defend_R","Defend_R","Defend_R","Bash","Inflame+1","Twin Strike+1","Pummel","Shrug It Off","Limit Break+1","Bloodletting+1","Barricade+1","Writhe","Pain","Shrug It Off","Body Slam+1","Juggernaut","Disarm"],"max_hp_per_floor":[72,72,72,72,72,72,72,72,72,72,72,72,72,72,72,72,72,72,72,72,72,72,72,77,77,77,84,84,84],"relics":["Burning Blood","Charon\u0027s Ashes","Omamori","Calipers","Calling Bell","Prayer Wheel","Mercury Hourglass","Juzu Bracelet","Self Forming Clay","Shovel","Strawberry","Magic Flower"],"card_choices":[{"not_picked":["Cleave","Clash"],"picked":"Inflame"},{"not_picked":["Uppercut","Pommel Strike"],"picked":"Twin Strike"},{"not_picked":["Perfected Strike","Intimidate"],"picked":"Pummel"},{"not_picked":["True Grit","Shockwave"],"picked":"Shrug It Off"},{"not_picked":["Combust","Flex"],"picked":"Bloodletting"},{"not_picked":["Feed","Reaper"],"picked":"Barricade"},{"not_picked":["Perfected Strike","Iron Wave"],"picked":"Shrug It Off"},{"not_picked":["Clash","Thunderclap"],"picked":"Body Slam"},{"not_picked":["Body Slam","Hemokinesis"],"picked":"Juggernaut"},{"not_picked":["Headbutt","Shockwave"],"picked":"Disarm"}],"player_experience":141907,"potions_floor_usage":[16,18,20,22,27,27],"damage_taken":[{"damage":17,"enemies":"Blue Slaver","floor":1,"turns":5},{"damage":13,"enemies":"Jaw Worm","floor":2,"turns":4},{"damage":0,"enemies":"Cultist","floor":5,"turns":2},{"damage":12,"enemies":"Exordium Wildlife","floor":7,"turns":3},{"damage":0,"enemies":"3 Louse","floor":14,"turns":3},{"damage":24,"enemies":"The Guardian","floor":16,"turns":7},{"damage":10,"enemies":"Spheric Guardian","floor":18,"turns":4},{"damage":7,"enemies":"Chosen","floor":20,"turns":5},{"damage":11,"enemies":"3 Cultists","floor":21,"turns":5},{"damage":35,"enemies":"Cultist and Chosen","floor":22,"turns":7},{"damage":39,"enemies":"Slavers","floor":27,"turns":5},{"damage":34,"enemies":"Book of Stabbing","floor":30,"turns":5}],"event_choices":[{"event_name":"Living Wall","player_choice":"Forget","floor":3,"damage_taken":0},{"event_name":"Shining Light","player_choice":"Entered Light","floor":4,"damage_taken":0},{"event_name":"The Lab","player_choice":"Got Potions","floor":10,"damage_taken":0},{"event_name":"Transmorgrifier","player_choice":"Transform","floor":11,"damage_taken":0},{"event_name":"Accursed Blacksmith","player_choice":"Rummage","floor":13,"damage_taken":0},{"event_name":"Forgotten Altar","player_choice":"Shed Blood","floor":24,"damage_taken":0},{"event_name":"The Library","player_choice":"Heal","floor":28,"damage_taken":0}],"boss_relics":[{"not_picked":["Philosopher\u0027s Stone","White Beast Statue"],"picked":"Calling Bell"}],"potions_floor_spawned":[1,5,16,18,21],"seed_played":"7481428360986496816","killed_by":"Book of Stabbing","ascension_level":3,"is_trial":false}