{"gold_per_floor":[117,130,145,14,14,14,47,47,47,6,30,30,30,44,44,122,122,135,135,35,7,26,26,41,41,121,121,140,84,84,100,100,100],"floor_reached":33,"playtime":1142,"items_purged":["Regret","Outmaneuver"],"score":450,"play_id":"5f0cbcde-a2f3-4715-9a49-aa7ce3873790","local_time":"20180916153600","is_ascension_mode":true,"campfire_choices":[{"floor":6,"key":"DIG"},{"floor":8,"key":"DIG"},{"floor":12,"key":"DIG"},{"data":"Neutralize","floor":15,"key":"SMITH"},{"floor":23,"key":"REST"},{"floor":25,"key":"DIG"},{"floor":27,"key":"DIG"},{"floor":32,"key":"REST"}],"neow_cost":"CURSE","seed_source_timestamp":84699691803195,"circlet_count":0,"master_deck":["Survivor","Neutralize+1","AscendersBane","Poisoned Stab","Quick Slash","Dagger Spray","All Out Attack","Backstab","Deflect","Tools of the Trade","Sucker Punch","Flying Knee","Terror+1","Underhanded Strike","Catalyst","Sucker Punch","Riddle With Holes","Backstab","Poisoned Stab","Backflip","Acrobatics","Backflip","All Out Attack+1"],"relics":["Ring of the Snake","Shovel","Tingsha","Bottled Flame","Ice Cream","Dodecahedron","Odd Mushroom","Snake Skull","Darkstone Periapt","Pandora\u0027s Box","Unceasing Top","Letter Opener","Omamori"],"potions_floor_usage":[3,7,16,18,30],"damage_taken":[{"damage":0,"enemies":"2 Louse","floor":1,"turns":2},{"damage":7,"enemies":"Jaw Worm","floor":2,"turns":4},{"damage":4,"enemies":"Cultist","floor":3,"turns":3},{"damage":17,"enemies":"3 Sentries","floor":7,"turns":8},{"damage":0,"enemies":"The Mushroom Lair","floor":11,"turns":2},{"damage":0,"enemies":"Large Slime","floor":14,"turns":4},{"damage":19,"enemies":"Hexaghost","floor":16,"turns":13},{"damage":8,"enemies":"2 Thieves","floor":18,"turns":3},{"damage":25,"enemies":"Shell Parasite","floor":22,"turns":3},{"damage":9,"enemies":"Snake Plant","floor":24,"turns":3},{"damage":12,"enemies":"Centurion and Healer","floor":28,"turns":5},{"damage":4,"enemies":"Colosseum Slavers","floor":30,"turns":3},{"damage":10,"enemies":"Snecko","floor":31,"turns":4},{"damage":37,"enemies":"Collector","floor":33,"turns":3}],"seed_played":"-7792789660993379197","potions_obtained":[{"floor":2,"key":"Energy Potion"},{"floor":14,"key":"Block Potion"},{"floor":16,"key":"GhostInAJar"},{"floor":18,"key":"SpeedPotion"},{"floor":24,"key":"Energy Potion"}],"is_trial":false,"path_per_floor":["M","M","M","$","?","R","E","R","T","$","?","R","?","M","R","B",null,"M","?","$","$","M","R","M","R","T","R","M","$","?","M","R"],"character_chosen":"THE_SILENT","items_purchased":["FearPotion","All Out Attack","Acrobatics","Backflip"],"campfire_rested":2,"item_purchase_floors":[4,10,21,29],"current_hp_per_floor":[59,52,48,48,48,48,31,31,31,31,31,31,31,31,31,12,53,45,45,45,45,20,39,30,30,30,30,18,18,14,4,23,0],"gold":100,"neow_bonus":"ONE_RARE_RELIC","is_prod":false,"is_daily":false,"chose_seed":false,"campfire_upgraded":1,"win_rate":0,"timestamp":1537126560,"path_taken":["M","M","M","$","?","R","E","R","T","$","?","R","?","M","R","BOSS","M","?","?","$","?","R","M","R","T","R","M","$","?","M","R","BOSS"],"build_version":"2018-09-06","purchased_purges":2,"victory":false,"max_hp_per_floor":[66,66,66,66,66,66,66,66,66,66,66,66,66,66,66,66,66,66,66,66,66,66,66,66,66,66,66,66,66,66,66,66,66],"card_choices":[{"not_picked":["Distraction","Deadly Poison"],"picked":"Poisoned Stab","floor":1},{"not_picked":["Dodge and Roll","Slice"],"picked":"Quick Slash","floor":2},{"not_picked":["Reflex","Dodge and Roll"],"picked":"Dagger Spray","floor":3},{"not_picked":["Eviscerate","Dagger Throw","Slice"],"picked":"SKIP","floor":7},{"not_picked":["Escape Plan","Calculated Gamble"],"picked":"Backstab","floor":11},{"not_picked":["PiercingWail","Catalyst"],"picked":"Deflect","floor":14},{"not_picked":["Phantasmal Killer","Glass Knife"],"picked":"Tools of the Trade","floor":16},{"not_picked":["Deadly Poison","Slice"],"picked":"Backflip","floor":18},{"not_picked":["Finisher","Predator+1","Catalyst"],"picked":"SKIP","floor":22},{"not_picked":["Bane","Dagger Throw","Dagger Spray"],"picked":"SKIP","floor":24},{"not_picked":["Flying Knee","Terror+1","Deadly Poison"],"picked":"SKIP","floor":28},{"not_picked":["Outmaneuver","Reflex"],"picked":"All Out Attack+1","floor":31}],"player_experience":662896,"relics_obtained":[{"floor":6,"key":"Tingsha"},{"floor":7,"key":"Bottled Flame"},{"floor":8,"key":"Ice Cream"},{"floor":9,"key":"Dodecahedron"},{"floor":11,"key":"Odd Mushroom"},{"floor":12,"key":"Snake Skull"},{"floor":13,"key":"Darkstone Periapt"},{"floor":25,"key":"Unceasing Top"},{"floor":26,"key":"Letter Opener"},{"floor":27,"key":"Omamori"}],"event_choices":[{"event_name":"Liars Game","player_choice":"disagreed","floor":5,"damage_taken":0},{"event_name":"Mushrooms","player_choice":"Fought Mushrooms","floor":11,"damage_taken":0},{"event_name":"Wheel of Change","player_choice":"Relic","floor":13,"damage_taken":0},{"event_name":"Accursed Blacksmith","player_choice":"Forge","floor":19,"damage_taken":0},{"event_name":"Colosseum","player_choice":"Fight","floor":30,"damage_taken":0},{"event_name":"Colosseum","player_choice":"Fled From Nobs","floor":30,"damage_taken":0}],"is_beta":false,"boss_relics":[{"not_picked":["Runic Pyramid","Calling Bell"],"picked":"Pandora\u0027s Box"}],"items_purged_floors":[4,20],"is_endless":false,"potions_floor_spawned":[2,14,16,18,24,28,30],"killed_by":"Collector","ascension_level":17}