{"gold_per_floor":[118,132,34,44,64,64,94,94,148,178,190,278,290,322,334,346],"floor_reached":16,"playtime":855,"items_purged":[],"score":182,"play_id":"5e104e37-3dc9-4ed1-9cf6-f8d8a8027e89","local_time":"20190507223301","is_ascension_mode":true,"campfire_choices":[{"floor":6,"key":"REST"},{"data":"Zap","floor":8,"key":"SMITH"},{"data":"White Noise","floor":15,"key":"SMITH"}],"neow_cost":"NONE","seed_source_timestamp":188242301124712,"circlet_count":0,"master_deck":["AscendersBane","Strike_B","Strike_B","Strike_B","Strike_B","Defend_B","Defend_B","Defend_B","Defend_B","Zap+1","Dualcast","Finesse","White Noise+1","Gash","Storm","Streamline","Melter","Conserve Battery","Sweeping Beam","Scrape","Self Repair"],"relics":["Cracked Core","Kunai","Boot","MawBank"],"potions_floor_usage":[7,7,16],"damage_taken":[{"damage":0,"enemies":"Small Slimes","floor":1,"turns":2},{"damage":6,"enemies":"Jaw Worm","floor":2,"turns":5},{"damage":0,"enemies":"2 Louse","floor":4,"turns":2},{"damage":9,"enemies":"2 Fungi Beasts","floor":5,"turns":4},{"damage":20,"enemies":"Lagavulin","floor":7,"turns":5},{"damage":39,"enemies":"Gremlin Nob","floor":10,"turns":5},{"damage":0,"enemies":"3 Louse","floor":14,"turns":3},{"damage":45,"enemies":"Hexaghost","floor":16,"turns":9}],"seed_played":"5699811767950047053","potions_obtained":[{"floor":4,"key":"Swift Potion"},{"floor":5,"key":"Dexterity Potion"},{"floor":10,"key":"Dexterity Potion"}],"is_trial":false,"path_per_floor":["M","M","$","M","M","R","E","R","T","E","?","?","$","M","R","B"],"character_chosen":"DEFECT","items_purchased":["Storm","Streamline"],"campfire_rested":1,"item_purchase_floors":[3,3],"current_hp_per_floor":[68,62,62,62,53,75,55,55,55,16,41,41,41,41,41,0],"gold":346,"neow_bonus":"RANDOM_COLORLESS","is_prod":false,"is_daily":false,"chose_seed":false,"campfire_upgraded":2,"win_rate":0,"timestamp":1557293581,"path_taken":["M","M","$","M","M","R","E","R","T","E","?","?","$","M","R","BOSS"],"build_version":"2019-01-23","purchased_purges":0,"victory":false,"max_hp_per_floor":[75,75,75,75,75,75,75,75,75,75,75,75,75,75,75,75],"card_choices":[{"not_picked":["Cold Snap","Coolheaded"],"picked":"White Noise","floor":1},{"not_picked":["Coolheaded","Steam"],"picked":"Gash","floor":2},{"not_picked":["Compile Driver","Steam"],"picked":"Melter","floor":4},{"not_picked":["Compile Driver","Skim"],"picked":"Conserve Battery","floor":5},{"not_picked":["Cold Snap","Chill"],"picked":"Sweeping Beam","floor":7},{"not_picked":["Darkness","Cold Snap"],"picked":"Scrape","floor":10},{"not_picked":["Barrage","Leap"],"picked":"Self Repair","floor":14}],"player_experience":625405,"relics_obtained":[{"floor":7,"key":"Kunai"},{"floor":9,"key":"Boot"},{"floor":10,"key":"MawBank"}],"event_choices":[{"damage_healed":25,"gold_gain":0,"player_choice":"Banana","damage_taken":0,"max_hp_gain":0,"max_hp_loss":0,"event_name":"Big Fish","floor":11,"gold_loss":0},{"damage_healed":0,"gold_gain":76,"player_choice":"Gained Gold","damage_taken":0,"max_hp_gain":0,"max_hp_loss":0,"event_name":"Golden Wing","floor":12,"gold_loss":0}],"is_beta":false,"boss_relics":[],"items_purged_floors":[],"is_endless":false,"potions_floor_spawned":[4,5,10],"killed_by":"Hexaghost","ascension_level":13}