{"gold_per_floor":[115,65,85,85,101,131,131,156,156,156,187,203,235,17,17,119,119,134,134,151,151,161,192,192,223,223,223,248,268,278,278,278,379,379,395,395,420,420,432,432],"floor_reached":40,"playtime":6630,"items_purged":[],"score":639,"play_id":"efa8df75-e4ec-4f5f-b8bd-20f9c897ee00","local_time":"20190118210943","is_ascension_mode":true,"campfire_choices":[{"data":"Chaos","floor":10.0,"key":"SMITH"},{"data":"White Noise","floor":15.0,"key":"SMITH"},{"data":"Fission","floor":24,"key":"SMITH"},{"floor":27,"key":"REST"},{"floor":32,"key":"REST"}],"neow_cost":"NONE","seed_source_timestamp":0,"circlet_count":0,"master_deck":["Strike_B","Strike_B","Defend_B+1","Defend_B","Defend_B","Defend_B","Zap+1","Dualcast","Glacier","Hologram","Coolheaded","Leap+1","Chaos+1","Loop","White Noise+1","Go for the Eyes+1","Reboot","FTL+1","Creative AI+1","Storm","Ball Lightning+1","Sunder+1","Stack","Fission+1","Steam","Chill","Leap","Stack","Decay","Electrodynamics","Injury","Parasite","Pain","Redo+1","Beam Cell+1"],"special_seed":0,"relics":["Cracked Core","Molten Egg 2","Dodecahedron","Symbiotic Virus","Bottled Flame","Letter Opener","White Beast Statue","WingedGreaves","Juzu Bracelet","Kunai","War Paint","Calling Bell","Omamori","Meat on the Bone","Bird Faced Urn","Orichalcum"],"potions_floor_usage":[18,20,23,23,28,30,33,33,33,40],"damage_taken":[{"damage":0.0,"enemies":"Cultist","floor":1.0,"turns":4.0},{"damage":4.0,"enemies":"Small Slimes","floor":3.0,"turns":3.0},{"damage":0.0,"enemies":"Jaw Worm","floor":5.0,"turns":5.0},{"damage":7.0,"enemies":"Lagavulin","floor":6.0,"turns":8.0},{"damage":3.0,"enemies":"3 Sentries","floor":8.0,"turns":2.0},{"damage":3.0,"enemies":"Lagavulin","floor":11.0,"turns":8.0},{"damage":4.0,"enemies":"Red Slaver","floor":12.0,"turns":2.0},{"damage":21.0,"enemies":"3 Sentries","floor":13.0,"turns":10.0},{"damage":17.0,"enemies":"Hexaghost","floor":16.0,"turns":10.0},{"damage":3,"enemies":"2 Thieves","floor":18,"turns":5},{"damage":5,"enemies":"Chosen","floor":20,"turns":4},{"damage":9,"enemies":"Shelled Parasite and Fungi","floor":22,"turns":6},{"damage":12,"enemies":"Book of Stabbing","floor":23,"turns":4},{"damage":27,"enemies":"Slavers","floor":25,"turns":6},{"damage":21,"enemies":"Book of Stabbing","floor":28,"turns":7},{"damage":16,"enemies":"Snecko","floor":29,"turns":6},{"damage":0,"enemies":"Centurion and Healer","floor":30,"turns":4},{"damage":15,"enemies":"Champ","floor":33,"turns":9},{"damage":55,"enemies":"3 Darklings","floor":35,"turns":5},{"damage":2,"enemies":"3 Shapes","floor":39,"turns":5},{"damage":61,"enemies":"Reptomancer","floor":40,"turns":4}],"seed_played":"-8172582119822149673","potions_obtained":[{"floor":5.0,"key":"Regen Potion"},{"floor":7.0,"key":"PowerPotion"},{"floor":7.0,"key":"FairyPotion"},{"floor":7.0,"key":"FearPotion"},{"floor":8.0,"key":"PowerPotion"},{"floor":16.0,"key":"Weak Potion"},{"floor":18,"key":"Block Potion"},{"floor":20,"key":"AttackPotion"},{"floor":22,"key":"EssenceOfSteel"},{"floor":23,"key":"Weak Potion"},{"floor":25,"key":"FearPotion"},{"floor":28,"key":"SpeedPotion"},{"floor":29,"key":"PowerPotion"},{"floor":30,"key":"Energy Potion"},{"floor":33,"key":"FocusPotion"},{"floor":35,"key":"Dexterity Potion"},{"floor":39,"key":"FocusPotion"}],"is_trial":false,"path_per_floor":["M","?","M","?","M","E","?","E","T","R","E","M","E","$","R","B",null,"M","?","M","?","M","E","R","E","T","R","E","M","M","?","R","B",null,"M","?","T","?","M","E"],"character_chosen":"DEFECT","items_purchased":["Reboot","FTL+1"],"campfire_rested":2,"item_purchase_floors":[14,14],"current_hp_per_floor":[68,68,64,64,64,72,72,69,69,69,66,62,41,41,41,24,62,59,59,54,54,45,33,33,6,6,28,7,7,7,7,29,14,60,23,23,23,42,44,0],"gold":432,"neow_bonus":"UPGRADE_CARD","is_prod":false,"is_daily":false,"chose_seed":false,"campfire_upgraded":3,"win_rate":0,"timestamp":1547863783,"path_taken":["M","?","M","?","?","E","?","E","T","R","E","M","E","$","R","BOSS","M","?","?","?","M","E","R","E","T","R","E","M","M","?","R","BOSS","M","?","?","?","M","E"],"build_version":"2019-01-17v2","purchased_purges":0,"victory":false,"max_hp_per_floor":[75,75,75,75,75,75,75,75,75,75,75,75,75,75,75,75,75,75,75,75,75,75,75,75,75,75,75,75,75,75,75,75,75,75,75,75,75,75,75,75],"card_choices":[{"not_picked":["Sweeping Beam","Go for the Eyes"],"picked":"Glacier","floor":1.0},{"not_picked":["Leap","Melter"],"picked":"Hologram","floor":3.0},{"not_picked":["Hologram","Barrage"],"picked":"Coolheaded","floor":5.0},{"not_picked":["Hologram","Hello World"],"picked":"Leap","floor":6.0},{"not_picked":["Defragment","Beam Cell+1"],"picked":"Chaos","floor":8.0},{"not_picked":["Skim","Rebound+1"],"picked":"Loop","floor":11.0},{"not_picked":["Lockon+1","Redo"],"picked":"White Noise","floor":12.0},{"not_picked":["Redo","Ball Lightning+1"],"picked":"Go for the Eyes+1","floor":13.0},{"not_picked":["Hyperbeam+1","Meteor Strike+1"],"picked":"Creative AI","floor":16.0},{"not_picked":["Cold Snap+1","Hello World"],"picked":"Storm","floor":18},{"not_picked":["Glacier","Barrage+1"],"picked":"Ball Lightning+1","floor":20},{"not_picked":["Sweeping Beam+1","Capacitor+1"],"picked":"Stack","floor":22},{"not_picked":["Conserve Battery+1","Force Field"],"picked":"Fission","floor":23},{"not_picked":["Coolheaded","Cold Snap+1"],"picked":"Steam","floor":25},{"not_picked":["Steam","Beam Cell+1"],"picked":"Chill","floor":28},{"not_picked":["Redo","Coolheaded"],"picked":"Leap","floor":29},{"not_picked":["Sweeping Beam+1","Loop"],"picked":"Stack","floor":30},{"not_picked":["Echo Form","Core Surge+1"],"picked":"Electrodynamics","floor":33},{"not_picked":["Glacier+1","Capacitor"],"picked":"Redo+1","floor":35},{"not_picked":["Consume","Cold Snap+1"],"picked":"Beam Cell+1","floor":39}],"player_experience":166494,"relics_obtained":[{"floor":6.0,"key":"Molten Egg 2"},{"floor":8.0,"key":"Dodecahedron"},{"floor":9.0,"key":"Symbiotic Virus"},{"floor":11.0,"key":"Bottled Flame"},{"floor":13.0,"key":"Letter Opener"},{"floor":23,"key":"WingedGreaves"},{"floor":25,"key":"Juzu Bracelet"},{"floor":26,"key":"Kunai"},{"floor":28,"key":"War Paint"},{"floor":34,"key":"Omamori"},{"floor":34,"key":"Meat on the Bone"},{"floor":34,"key":"Bird Faced Urn"},{"floor":37,"key":"Orichalcum"}],"event_choices":[{"cards_removed":["Strike_B"],"damage_healed":0.0,"max_hp_gain":0.0,"max_hp_loss":0.0,"gold_gain":0.0,"event_name":"The Cleric","player_choice":"Card Removal","floor":2.0,"gold_loss":50.0,"damage_taken":0.0},{"cards_removed":["Strike_B"],"damage_healed":0.0,"max_hp_gain":0.0,"max_hp_loss":0.0,"gold_gain":0.0,"event_name":"Wheel of Change","player_choice":"Card Removal","floor":4.0,"gold_loss":0.0,"damage_taken":0.0},{"damage_healed":0.0,"max_hp_gain":0.0,"max_hp_loss":0.0,"gold_gain":0.0,"event_name":"Lab","player_choice":"Got Potions","floor":7.0,"gold_loss":0.0,"damage_taken":0.0},{"damage_healed":0,"gold_gain":0,"player_choice":"Upgraded","damage_taken":0,"max_hp_gain":0,"max_hp_loss":0,"event_name":"Upgrade Shrine","floor":19,"gold_loss":0,"cards_upgraded":["Creative AI"]},{"damage_healed":0,"gold_gain":0,"player_choice":"Read","damage_taken":0,"max_hp_gain":0,"max_hp_loss":0,"event_name":"The Library","floor":21,"gold_loss":0,"cards_obtained":["Sunder"]},{"damage_healed":0,"gold_gain":0,"player_choice":"Smashed Altar","damage_taken":0,"max_hp_gain":0,"max_hp_loss":0,"event_name":"Forgotten Altar","floor":31,"gold_loss":0,"cards_obtained":["Decay"]},{"damage_healed":0,"gold_gain":0,"player_choice":"Ignored","damage_taken":0,"max_hp_gain":0,"max_hp_loss":0,"event_name":"Mysterious Sphere","floor":36,"gold_loss":0},{"damage_healed":19,"gold_gain":0,"player_choice":"Writhe","damage_taken":0,"max_hp_gain":0,"max_hp_loss":0,"event_name":"Winding Halls","floor":38,"gold_loss":0,"cards_obtained":["Writhe"]}],"is_beta":false,"boss_relics":[{"not_picked":["Runic Dome","Lizard Tail"],"picked":"White Beast Statue"},{"not_picked":["Empty Cage","Black Star"],"picked":"Calling Bell"}],"items_purged_floors":[],"is_endless":false,"potions_floor_spawned":[5,8,16,18,20,22,23,25,28,29,30,33,35,39],"killed_by":"Reptomancer","ascension_level":6}