{"path_per_floor":["M","M","?","M","$","E","R","E","T","R","?","R","E","T","R","B",null,"M","$","M","M","?","E","M","?","T","E","M","R","M","$","R","B",null,"M","M","?","M","?","E","$","M","T","?","M","$","R","E","R"],"character_chosen":"THE_SILENT","items_purchased":["Infinite Blades","Infinite Blades","Strength Potion"],"gold_per_floor":[112,132,82,101,20,54,54,88,88,88,88,88,115,169,169,273,273,285,210,224,238,238,273,284,284,353,387,397,397,416,187,187,287,287,298,314,314,325,325,355,230,249,249,249,268,118,118,148,148],"floor_reached":50,"campfire_rested":2,"playtime":6291,"current_hp_per_floor":[69,69,69,66,66,48,48,24,24,24,47,47,35,35,35,35,70,70,70,70,64,64,55,55,55,55,1,1,22,22,22,43,34,70,70,70,70,70,70,70,70,70,70,70,63,63,63,57,57],"items_purged":["Defend_G","Strike_G","Defend_G","Defend_G"],"gold":148,"play_id":"38e5e95d-ccfa-4001-8e37-c201bce6e632","is_prod":false,"is_daily":false,"is_ascension_mode":false,"campfire_upgraded":3,"path_taken":["M","?","?","M","$","E","R","E","T","R","?","R","E","?","R","BOSS","M","$","M","M","?","E","M","?","T","E","M","R","?","$","R","BOSS","M","M","?","?","?","E","?","M","T","?","?","$","R","E","R","BOSS"],"build_version":"2018-01-25-PROD3","purchased_purges":5,"victory":false,"master_deck":["Defend_G","Survivor+1","Neutralize+1","Blade Dance+1","Infinite Blades+1","Infinite Blades","Blur","After Image","Backflip","Finisher","Deflect","Deflect","Bullet Time","Outmaneuver+1","Backflip+1","Choke+1","Infinite Blades","After Image","Blade Dance+1","A Thousand Cuts+1","Infinite Blades+1"],"max_hp_per_floor":[70,70,70,70,70,70,70,70,70,70,70,70,70,70,70,70,70,70,70,70,70,70,70,70,70,70,70,70,70,70,70,70,70,70,70,70,70,70,70,70,70,70,70,70,70,70,70,70,70],"relics":["Ring of the Snake","War Paint","Whetstone","Girya","Sundial","Orichalcum","Orrery","Bottled Lightning","Mummified Hand","Omamori","Sozu","Ancient Tea Set","Gambling Chip","Anchor"],"card_choices":[{"not_picked":["Outmaneuver","Quick Slash"],"picked":"Blade Dance"},{"not_picked":["Escape Plan","Dagger Throw"],"picked":"Infinite Blades"},{"not_picked":["PiercingWail","Corpse Explosion"],"picked":"Blur"},{"not_picked":["Bullet Time","Unload"],"picked":"After Image"},{"not_picked":["Noxious Fumes","Flying Knee"],"picked":"Backflip"},{"not_picked":["Prepared","Slice"],"picked":"Finisher"},{"not_picked":["Dagger Throw","Prepared"],"picked":"Deflect"},{"not_picked":["Dodge and Roll","Dagger Throw"],"picked":"Deflect"},{"not_picked":["Crippling Poison","Eviscerate"],"picked":"Bullet Time"},{"not_picked":["Leg Sweep","Dash"],"picked":"Outmaneuver"},{"not_picked":["Deadly Poison","Predator"],"picked":"Backflip"},{"not_picked":["Crippling Poison","Dodge and Roll"],"picked":"Choke"},{"not_picked":["Corpse Explosion","Tools of the Trade"],"picked":"After Image"},{"not_picked":["Calculated Gamble","Noxious Fumes"],"picked":"Blade Dance"},{"not_picked":["Dagger Throw","Crippling Poison"],"picked":"A Thousand Cuts"},{"not_picked":["PiercingWail","Slice"],"picked":"Infinite Blades"}],"player_experience":42373,"potions_floor_usage":[],"damage_taken":[{"damage":1.0,"enemies":"Blue Slaver","floor":1.0,"turns":7.0},{"damage":0.0,"enemies":"Jaw Worm","floor":2.0,"turns":6.0},{"damage":3.0,"enemies":"Cultist","floor":4.0,"turns":5.0},{"damage":18.0,"enemies":"3 Sentries","floor":6.0,"turns":10.0},{"damage":24.0,"enemies":"Gremlin Nob","floor":8.0,"turns":5.0},{"damage":12.0,"enemies":"3 Sentries","floor":13.0,"turns":5.0},{"damage":0.0,"enemies":"Hexaghost","floor":16.0,"turns":9.0},{"damage":0.0,"enemies":"Chosen","floor":18.0,"turns":5.0},{"damage":0.0,"enemies":"3 Byrds","floor":20.0,"turns":5.0},{"damage":6.0,"enemies":"Snake Plant","floor":21.0,"turns":4.0},{"damage":24.0,"enemies":"Slavers","floor":23.0,"turns":8.0},{"damage":0.0,"enemies":"Snecko","floor":24.0,"turns":4.0},{"damage":54.0,"enemies":"Gremlin Leader","floor":27.0,"turns":9.0},{"damage":0.0,"enemies":"3 Cultists","floor":28.0,"turns":6.0},{"damage":0.0,"enemies":"Snake Plant","floor":30.0,"turns":6.0},{"damage":9.0,"enemies":"Automaton","floor":33.0,"turns":7.0},{"damage":0,"enemies":"3 Darklings","floor":35,"turns":4},{"damage":0,"enemies":"3 Shapes","floor":36,"turns":3},{"damage":0,"enemies":"3 Darklings","floor":38,"turns":5},{"damage":0,"enemies":"Giant Head","floor":40,"turns":6},{"damage":0,"enemies":"Sphere and 2 Shapes","floor":42,"turns":5},{"damage":7,"enemies":"4 Shapes","floor":45,"turns":5},{"damage":6,"enemies":"2 Orb Walkers","floor":48,"turns":3},{"damage":50,"enemies":"Time Eater","floor":50,"turns":10}],"event_choices":[{"event_name":"The Cleric","player_choice":"Card Removal","floor":3.0,"damage_taken":0.0},{"event_name":"Big Fish","player_choice":"Banana","floor":11.0,"damage_taken":0.0},{"event_name":"Back to Basics","player_choice":"Elegance","floor":22.0,"damage_taken":0.0},{"event_name":"Bonfire Elementals","player_choice":"BASIC","floor":25.0,"damage_taken":0.0},{"event_name":"Transmorgrifier","player_choice":"Skipped","floor":39,"damage_taken":0},{"event_name":"Tomb of Lord Red Mask","player_choice":"Ignored","floor":44,"damage_taken":0}],"boss_relics":[{"not_picked":["Eternal Feather","Calling Bell"],"picked":"Sozu"}],"potions_floor_spawned":[1,4,8,13,18,24,30,35,48],"seed_played":"2157041510902655721","killed_by":"Time Eater","ascension_level":0,"is_trial":false}