{"path_per_floor":["M","$","?","?","?","R","M","M","T","M","E","$","R","M","R","B",null,"M","?","M","$","?","R","T","M","T","M","R","?","M","$","R"],"character_chosen":"THE_SILENT","items_purchased":["Paper Crane","Malaise","Fire Potion"],"gold_per_floor":[119,44,44,44,119,119,133,143,443,454,488,77,77,93,93,193,193,204,119,137,12,12,12,12,28,28,42,42,42,62,13,13],"floor_reached":33,"campfire_rested":3,"playtime":1280,"current_hp_per_floor":[63,63,56,56,45,45,45,42,42,39,3,3,23,20,40,17,55,55,55,44,44,44,44,44,44,44,33,33,33,30,30,50],"items_purged":["Parasite","Strike_G","Strike_G"],"gold":13,"score":380,"play_id":"f4f5568e-a9fa-4420-a179-c588de1afd37","is_prod":false,"is_daily":false,"is_ascension_mode":true,"campfire_upgraded":3,"path_taken":["M","$","?","?","?","R","?","M","T","M","E","?","R","?","R","BOSS","M","?","?","$","?","R","?","M","T","?","R","?","M","$","R","BOSS"],"build_version":"2018-02-22-PROD2","purchased_purges":3,"victory":false,"master_deck":["Defend_G","Defend_G","Defend_G","Defend_G","Defend_G","Strike_G","Strike_G","Survivor","Neutralize+1","Noxious Fumes+1","Dagger Spray","Bane+1","Malaise","Die Die Die","Backflip","Catalyst+1","Injury","Catalyst","Deflect+1","Deadly Poison"],"max_hp_per_floor":[70,67,67,67,67,67,67,67,67,67,67,67,67,67,67,67,67,67,67,67,67,67,67,67,67,67,67,67,67,67,67,67],"relics":["Ring of the Snake","Old Coin","Gremlin Horn","Paper Crane","Cursed Key","Bag of Marbles","Sundial"],"card_choices":[{"not_picked":["Flying Knee","Leg Sweep"],"picked":"Noxious Fumes"},{"not_picked":["Expertise","Bane"],"picked":"Dagger Spray"},{"not_picked":["Quick Slash","Outmaneuver"],"picked":"Bane"},{"not_picked":["Tactician","Unload"],"picked":"Die Die Die"},{"not_picked":["Blade Dance","Acrobatics"],"picked":"Backflip"},{"not_picked":["Acrobatics","Dagger Throw"],"picked":"Catalyst"},{"not_picked":["Escape Plan","Endless Agony"],"picked":"Catalyst"},{"not_picked":["Acrobatics","Prepared"],"picked":"Deflect"},{"not_picked":["Setup","Cloak And Dagger"],"picked":"Deadly Poison"}],"player_experience":288702,"potions_floor_usage":[10,11,20,25,27],"damage_taken":[{"damage":0,"enemies":"Small Slimes","floor":1,"turns":3},{"damage":0,"enemies":"2 Louse","floor":7,"turns":3},{"damage":3,"enemies":"Jaw Worm","floor":8,"turns":5},{"damage":3,"enemies":"Exordium Thugs","floor":10,"turns":6},{"damage":36,"enemies":"Lagavulin","floor":11,"turns":8},{"damage":3,"enemies":"2 Fungi Beasts","floor":14,"turns":3},{"damage":23,"enemies":"Hexaghost","floor":16,"turns":13},{"damage":0,"enemies":"3 Byrds","floor":18,"turns":4},{"damage":11,"enemies":"2 Thieves","floor":20,"turns":4},{"damage":0,"enemies":"Centurion and Healer","floor":25,"turns":9},{"damage":11,"enemies":"Chosen and Byrds","floor":27,"turns":6},{"damage":3,"enemies":"Snake Plant","floor":30,"turns":5},{"damage":56,"enemies":"Champ","floor":33,"turns":11}],"event_choices":[{"event_name":"Golden Wing","player_choice":"Card Removal","floor":3,"damage_taken":0},{"event_name":"Shining Light","player_choice":"Ignored","floor":4,"damage_taken":0},{"event_name":"World of Goop","player_choice":"Gather Gold","floor":5,"damage_taken":0},{"event_name":"Addict","player_choice":"Obtained Relic","floor":19,"damage_taken":0},{"event_name":"The Lab","player_choice":"Got Potions","floor":22,"damage_taken":0},{"event_name":"Vampires","player_choice":"Ignored","floor":29,"damage_taken":0}],"boss_relics":[{"not_picked":["Tiny House","Philosopher\u0027s Stone"],"picked":"Cursed Key"}],"potions_floor_spawned":[1,8,14,16,20],"seed_played":"-997161331428375708","killed_by":"Champ","ascension_level":11,"is_trial":false}