{"gold_per_floor":[117,77,77,90,108,135,135,135,135,190,209,229,8,23,23,126,126,141,141,141,151,51,62,75,75,75,75,92,118,118,43,43,139,139,157,157,174,198,198,198,233,253,253,265,282,282,295,310,310,310],"floor_reached":51,"playtime":3179,"items_purged":["Strike_G","Choke"],"score":726,"play_id":"effed706-96ca-40cf-ab47-a23701fe237b","local_time":"20180629232429","is_ascension_mode":false,"campfire_choices":[{"floor":7.0,"key":"REST"},{"floor":15.0,"key":"REST"},{"floor":25.0,"key":"REST"},{"data":"Noxious Fumes","floor":30.0,"key":"SMITH"},{"data":"Noxious Fumes","floor":32.0,"key":"SMITH"},{"data":"Crippling Poison","floor":40,"key":"SMITH"},{"floor":46,"key":"REST"},{"floor":49,"key":"REST"}],"neow_cost":"","seed_source_timestamp":0,"circlet_count":0,"master_deck":["Defend_G","Defend_G","Defend_G","Defend_G","Defend_G","Strike_G","Strike_G","Strike_G","Survivor","Neutralize","Footwork+1","Cloak And Dagger","Blur","Crippling Poison+1","Dash","Noxious Fumes+1","Storm of Steel","After Image","Noxious Fumes+1","Necronomicurse","Noxious Fumes+1","Backflip+1","Bullet Time+1","Accuracy+1","Terror+1","Noxious Fumes+1","Backflip+1","A Thousand Cuts","Distraction+1","Blur+1"],"special_seed":0,"relics":["Black Star","Turnip","Torii","Orichalcum","Mummified Hand","Vajra","Happy Flower","Eternal Feather","Necronomicon","Bottled Tornado","Toxic Egg 2","Dodecahedron","White Beast Statue","Oddly Smooth Stone","Paper Crane","Blue Candle","Ornamental Fan"],"potions_floor_usage":[41,41,45,47,50,50],"damage_taken":[{"damage":0.0,"enemies":"Small Slimes","floor":1.0,"turns":3.0},{"damage":1.0,"enemies":"Cultist","floor":4.0,"turns":4.0},{"damage":0.0,"enemies":"2 Louse","floor":5.0,"turns":3.0},{"damage":55.0,"enemies":"Gremlin Nob","floor":6.0,"turns":6.0},{"damage":17.0,"enemies":"Lagavulin Event","floor":10.0,"turns":8.0},{"damage":4.0,"enemies":"Exordium Thugs","floor":11.0,"turns":7.0},{"damage":0.0,"enemies":"2 Fungi Beasts","floor":12.0,"turns":3.0},{"damage":0.0,"enemies":"3 Louse","floor":14.0,"turns":4.0},{"damage":4.0,"enemies":"The Guardian","floor":16.0,"turns":14.0},{"damage":6.0,"enemies":"Spheric Guardian","floor":18.0,"turns":6.0},{"damage":0.0,"enemies":"Chosen","floor":21.0,"turns":6.0},{"damage":2.0,"enemies":"Snake Plant","floor":23.0,"turns":7.0},{"damage":11.0,"enemies":"Chosen and Byrds","floor":24.0,"turns":7.0},{"damage":1.0,"enemies":"Centurion and Healer","floor":28.0,"turns":5.0},{"damage":8.0,"enemies":"Book of Stabbing","floor":29.0,"turns":6.0},{"damage":22.0,"enemies":"Collector","floor":33.0,"turns":9.0},{"damage":8.0,"enemies":"3 Darklings","floor":35.0,"turns":6.0},{"damage":0,"enemies":"3 Shapes","floor":37,"turns":6},{"damage":65,"enemies":"2 Orb Walkers","floor":41,"turns":6},{"damage":0,"enemies":"3 Darklings","floor":42,"turns":4},{"damage":0,"enemies":"Maw","floor":44,"turns":8},{"damage":1,"enemies":"4 Shapes","floor":45,"turns":4},{"damage":0,"enemies":"3 Darklings","floor":47,"turns":4},{"damage":2,"enemies":"Maw","floor":48,"turns":8},{"damage":68,"enemies":"Donu and Deca","floor":50,"turns":9}],"seed_played":"7211581186853104155","potions_obtained":[{"floor":3.0,"key":"SkillPotion"},{"floor":3.0,"key":"Explosive Potion"},{"floor":3.0,"key":"Ancient Potion"},{"floor":5.0,"key":"FairyPotion"},{"floor":6.0,"key":"SpeedPotion"},{"floor":10.0,"key":"Explosive Potion"},{"floor":41,"key":"GhostInAJar"},{"floor":42,"key":"SteroidPotion"},{"floor":44,"key":"Energy Potion"},{"floor":45,"key":"Swift Potion"},{"floor":47,"key":"LiquidBronze"}],"is_trial":false,"path_per_floor":["M","$","?","M","M","E","R","?","T","?","M","M","$","M","R","B",null,"M","$","?","M","$","M","M","R","T","$","M","E","R","?","R","B",null,"M","?","M","T","?","R","E","M","T","M","M","R","M","M","R","B"],"character_chosen":"THE_SILENT","items_purchased":["Footwork","Happy Flower"],"campfire_rested":5,"item_purchase_floors":[],"current_hp_per_floor":[70,70,70,69,69,14,35,23,23,6,2,2,2,2,23,19,70,64,64,48,48,48,46,35,64,64,64,63,55,63,63,70,48,70,62,62,62,62,62,70,5,5,5,5,4,35,35,33,66,7],"gold":310,"neow_bonus":"","is_prod":false,"is_daily":false,"chose_seed":false,"campfire_upgraded":3,"win_rate":0,"timestamp":1530343469,"path_taken":["M","$","?","?","M","E","R","?","T","?","M","?","?","?","R","BOSS","M","?","?","?","$","M","?","R","T","?","M","E","R","?","R","BOSS","M","?","M","?","?","R","E","?","T","?","M","R","M","M","R","BOSS"],"build_version":"2018-06-28","purchased_purges":2,"victory":true,"max_hp_per_floor":[70,70,70,70,70,70,70,70,70,70,70,70,70,70,70,70,70,70,70,70,70,70,70,70,70,70,70,70,70,70,70,70,70,70,70,70,70,70,70,70,70,70,70,70,70,70,70,70,70,70],"card_choices":[{"not_picked":["Deflect","Dodge and Roll"],"picked":"Choke","floor":1.0},{"not_picked":["Dagger Spray","Deflect"],"picked":"Cloak And Dagger","floor":4.0},{"not_picked":["Outmaneuver","Flechettes"],"picked":"Blur","floor":5.0},{"not_picked":["Underhanded Strike","PiercingWail"],"picked":"Crippling Poison","floor":6.0},{"not_picked":["Sucker Punch","Reflex"],"picked":"Dash","floor":11.0},{"not_picked":["Outmaneuver","Slice"],"picked":"Noxious Fumes","floor":12.0},{"not_picked":["Backflip","Quick Slash"],"picked":"Storm of Steel","floor":14.0},{"not_picked":["Grand Finale","A Thousand Cuts"],"picked":"After Image","floor":16.0},{"not_picked":["Backflip","Acrobatics"],"picked":"Noxious Fumes+1","floor":18.0},{"not_picked":["Flying Knee","Dagger Throw","Expertise+1"],"picked":"SKIP","floor":21.0},{"not_picked":["Dagger Spray","Sucker Punch+1"],"picked":"Noxious Fumes","floor":23.0},{"not_picked":["Prepared","Underhanded Strike","Acrobatics"],"picked":"SKIP","floor":24.0},{"not_picked":["Flechettes","Prepared+1"],"picked":"Backflip+1","floor":28.0},{"not_picked":["PiercingWail+1","Eviscerate","Backflip+1"],"picked":"SKIP","floor":29.0},{"not_picked":["A Thousand Cuts","Glass Knife"],"picked":"Bullet Time+1","floor":33.0},{"not_picked":["Acrobatics+1","Dodge and Roll+1"],"picked":"Accuracy+1","floor":35.0},{"not_picked":["Acrobatics+1","Dodge and Roll+1"],"picked":"Terror+1","floor":37},{"not_picked":["Dodge and Roll+1","Acrobatics+1"],"picked":"Noxious Fumes+1","floor":41},{"not_picked":["Deflect+1","Malaise+1"],"picked":"Backflip+1","floor":42},{"not_picked":["Poisoned Stab","Deflect+1"],"picked":"A Thousand Cuts","floor":44},{"not_picked":["Deadly Poison+1","Deflect+1"],"picked":"Distraction+1","floor":45},{"not_picked":["Setup+1","PiercingWail+1","Well Laid Plans"],"picked":"SKIP","floor":47},{"not_picked":["Cloak And Dagger+1","Backflip+1"],"picked":"Blur+1","floor":48}],"player_experience":311697,"relics_obtained":[{"floor":6.0,"key":"Turnip"},{"floor":6.0,"key":"Torii"},{"floor":9.0,"key":"Mummified Hand"},{"floor":20.0,"key":"Necronomicon"},{"floor":26.0,"key":"Bottled Tornado"},{"floor":29.0,"key":"Toxic Egg 2"},{"floor":29.0,"key":"Dodecahedron"},{"floor":38,"key":"Oddly Smooth Stone"},{"floor":41,"key":"Paper Crane"},{"floor":41,"key":"Blue Candle"},{"floor":43,"key":"Ornamental Fan"}],"event_choices":[{"event_name":"The Lab","player_choice":"Got Potions","floor":3.0,"damage_taken":0.0},{"event_name":"Scrap Ooze","player_choice":"success","floor":8.0,"damage_taken":12.0},{"event_name":"Dead Adventurer","player_choice":"Searched \u00272\u0027 times","floor":10.0,"damage_taken":0.0},{"event_name":"Cursed Tome","player_choice":"Obtained Book","floor":20.0,"damage_taken":0.0},{"event_name":"Beggar","player_choice":"Gave Gold","floor":31.0,"damage_taken":0.0},{"event_name":"Upgrade Shrine","player_choice":"Upgraded","floor":36.0,"damage_taken":0.0},{"event_name":"SecretPortal","player_choice":"Rejected Portal.","floor":39,"damage_taken":0}],"boss_relics":[{"not_picked":["Lizard Tail","Cursed Key"],"picked":"Eternal Feather"},{"not_picked":["Snecko Eye","Velvet Choker"],"picked":"White Beast Statue"}],"items_purged_floors":[],"is_endless":false,"potions_floor_spawned":[5,6,10,14,18,21,23,33,35,37,41,42,44,45,47,48],"ascension_level":0}