{"path_per_floor":["M","?","M","$","M","E","R","E","T","R","M","$","?","E","R","B",null,"M","?","?","M","M","R","E","R","T","M","R","E","T","M","R"],"character_chosen":"IRONCLAD","items_purchased":["True Grit","Dexterity Potion","Strength Potion","Shrug It Off"],"gold_per_floor":[109,109,128,6,20,47,47,81,107,107,119,71,135,161,161,256,256,276,201,201,212,226,226,258,258,307,321,321,354,354,371,371],"floor_reached":33,"campfire_rested":1,"playtime":1935,"current_hp_per_floor":[45,36,35,35,39,29,29,21,21,49,50,50,46,23,23,7,74,67,67,48,54,60,60,50,50,50,52,52,35,35,35,35],"items_purged":[],"gold":371,"score":419,"play_id":"0c2c5bc6-60c3-4d22-9c65-8853d81d0dec","is_prod":false,"is_daily":false,"is_ascension_mode":true,"campfire_upgraded":5,"path_taken":["M","?","M","$","M","E","R","E","T","R","M","?","?","E","R","BOSS","M","?","?","M","M","R","E","R","T","M","R","E","?","M","R","BOSS"],"build_version":"2018-02-15-PROD1","purchased_purges":0,"victory":false,"master_deck":["Bash+1","Rampage+1","Headbutt","True Grit+1","Warcry","Whirlwind+1","Shrug It Off","True Grit+1","Offering","Thunderclap","Body Slam","Shrug It Off","Intimidate","Iron Wave","Thunderclap","Whirlwind","Flex+1","Warcry","Flex+1","Metallicize"],"max_hp_per_floor":[96,96,96,96,96,96,96,96,96,96,96,96,96,96,96,96,96,96,96,101,101,101,101,101,101,101,101,101,101,101,101,101],"relics":["Burning Blood","Thread and Needle","Whetstone","Bronze Scales","Orichalcum","Ice Cream","Pandora\u0027s Box","Torii","Oddly Smooth Stone","Blood Vial","Peace Pipe"],"card_choices":[{"not_picked":["Wild Strike","Thunderclap"],"picked":"Rampage"},{"not_picked":["Ghostly Armor","Carnage"],"picked":"Headbutt"},{"not_picked":["Anger","Dark Embrace"],"picked":"Warcry"},{"not_picked":["Intimidate","Barricade"],"picked":"Whirlwind"},{"not_picked":["Wild Strike","Clothesline"],"picked":"True Grit"},{"not_picked":["Barricade","Reaper"],"picked":"Offering"},{"not_picked":["Havoc","Searing Blow"],"picked":"Flex"},{"not_picked":["Cleave","Wild Strike"],"picked":"Warcry"},{"not_picked":["Armaments","Exhume"],"picked":"Flex"},{"not_picked":["Thunderclap","Dual Wield"],"picked":"Metallicize"}],"player_experience":196145,"potions_floor_usage":[6,8,13,16,16,22,24,24,24,33],"damage_taken":[{"damage":1,"enemies":"Cultist","floor":1,"turns":4},{"damage":7,"enemies":"Small Slimes","floor":3,"turns":3},{"damage":2,"enemies":"Jaw Worm","floor":5,"turns":5},{"damage":16,"enemies":"Lagavulin","floor":6,"turns":7},{"damage":14,"enemies":"3 Sentries","floor":8,"turns":6},{"damage":5,"enemies":"Lots of Slimes","floor":11,"turns":3},{"damage":10,"enemies":"Gremlin Nob","floor":13,"turns":4},{"damage":29,"enemies":"Lagavulin","floor":14,"turns":7},{"damage":37,"enemies":"Hexaghost","floor":16,"turns":10},{"damage":13,"enemies":"Spheric Guardian","floor":18,"turns":6},{"damage":0,"enemies":"3 Byrds","floor":21,"turns":4},{"damage":0,"enemies":"Snake Plant","floor":22,"turns":4},{"damage":16,"enemies":"Slavers","floor":24,"turns":3},{"damage":4,"enemies":"Cultist and Chosen","floor":27,"turns":3},{"damage":23,"enemies":"Book of Stabbing","floor":29,"turns":6},{"damage":8,"enemies":"Sentry and Sphere","floor":31,"turns":4},{"damage":46,"enemies":"Automaton","floor":33,"turns":6}],"event_choices":[{"event_name":"Wheel of Change","player_choice":"Damage","floor":2,"damage_taken":0},{"event_name":"Dead Adventurer","player_choice":"Searched \u00271\u0027 times","floor":13,"damage_taken":0},{"event_name":"Beggar","player_choice":"Gave Gold","floor":19,"damage_taken":0},{"event_name":"Forgotten Altar","player_choice":"Shed Blood","floor":20,"damage_taken":0}],"boss_relics":[{"not_picked":["Question Card","Astrolabe"],"picked":"Pandora\u0027s Box"}],"potions_floor_spawned":[1,5,11,13,14,16,18,22,27],"seed_played":"2261698201925925940","killed_by":"Automaton","ascension_level":6,"is_trial":false}