{"gold_per_floor":[359,75,86,106,124,124,159,159,183,195,238,250,291,364,376,466,478,502,514,546,18,18,79,79,107,107,107,121,134,188,203,203,281,281,300,310,324,373,386,386,420,420,420,452,45,45,95,130,130,130],"floor_reached":50,"playtime":2833,"items_purged":["Clothesline","Rampage"],"score":1101,"play_id":"2eccad89-8ee7-47d6-b83f-e0253da1317e","local_time":"20190115224217","is_ascension_mode":true,"campfire_choices":[{"data":"Pommel Strike","floor":6,"key":"SMITH"},{"floor":10,"key":"REST"},{"floor":12,"key":"REST"},{"floor":15,"key":"REST"},{"data":"Whirlwind","floor":24,"key":"SMITH"},{"floor":27,"key":"REST"},{"data":"Demon Form","floor":32,"key":"SMITH"},{"floor":40,"key":"REST"},{"data":"Armaments","floor":42,"key":"SMITH"},{"floor":46,"key":"REST"},{"floor":49,"key":"REST"}],"neow_cost":"PERCENT_DAMAGE","seed_source_timestamp":19289777591934,"circlet_count":0,"master_deck":["AscendersBane","Bash","Pommel Strike+1","Feel No Pain","Exhume","Feed","Demon Form+1","Twin Strike","Berserk","Clothesline","Reckless Charge","Heavy Blade","Evolve","True Grit","Seeing Red+1","Flex+1","Reaper","Whirlwind+1","Metallicize","Inflame","Ghostly Armor","Warcry+1","Battle Trance","Armaments+1"],"relics":["Burning Blood","Mummified Hand","Whetstone","MawBank","Bag of Preparation","WingedGreaves","Pandora\u0027s Box","Chemical X","Lantern","Tiny Chest","Thread and Needle","Self Forming Clay","War Paint","Runic Cube","Ginger","Bottled Tornado","Bottled Flame","Turnip","Ornamental Fan"],"potions_floor_usage":[11,11,16,18,20,29,35,41,48,50],"damage_taken":[{"damage":6,"enemies":"Cultist","floor":1,"turns":4},{"damage":0,"enemies":"Small Slimes","floor":3,"turns":3},{"damage":7,"enemies":"Jaw Worm","floor":4,"turns":3},{"damage":11,"enemies":"Blue Slaver","floor":5,"turns":5},{"damage":31,"enemies":"3 Sentries","floor":7,"turns":10},{"damage":27,"enemies":"Lagavulin","floor":11,"turns":7},{"damage":29,"enemies":"Gremlin Nob","floor":13,"turns":5},{"damage":42,"enemies":"The Guardian","floor":16,"turns":10},{"damage":8,"enemies":"Chosen","floor":18,"turns":3},{"damage":6,"enemies":"3 Byrds","floor":20,"turns":4},{"damage":39,"enemies":"Book of Stabbing","floor":23,"turns":5},{"damage":63,"enemies":"Gremlin Leader","floor":25,"turns":6},{"damage":0,"enemies":"3 Cultists","floor":28,"turns":1},{"damage":6,"enemies":"Sentry and Sphere","floor":29,"turns":4},{"damage":6,"enemies":"Centurion and Healer","floor":31,"turns":3},{"damage":22,"enemies":"Champ","floor":33,"turns":8},{"damage":23,"enemies":"3 Darklings","floor":35,"turns":3},{"damage":10,"enemies":"3 Shapes","floor":36,"turns":5},{"damage":0,"enemies":"Jaw Worm Horde","floor":37,"turns":1},{"damage":46,"enemies":"2 Orb Walkers","floor":38,"turns":5},{"damage":15,"enemies":"3 Darklings","floor":39,"turns":4},{"damage":20,"enemies":"Giant Head","floor":41,"turns":6},{"damage":71,"enemies":"Reptomancer","floor":44,"turns":6},{"damage":30,"enemies":"Nemesis","floor":48,"turns":7},{"damage":116,"enemies":"Awakened One","floor":50,"turns":8}],"seed_played":"1941486497401926478","potions_obtained":[{"floor":5,"key":"SteroidPotion"},{"floor":7,"key":"Regen Potion"},{"floor":13,"key":"Fire Potion"},{"floor":16,"key":"Strength Potion"},{"floor":18,"key":"PowerPotion"},{"floor":25,"key":"SteroidPotion"},{"floor":28,"key":"Explosive Potion"},{"floor":29,"key":"Fire Potion"},{"floor":39,"key":"LiquidBronze"},{"floor":41,"key":"BloodPotion"},{"floor":44,"key":"PowerPotion"}],"is_trial":false,"path_per_floor":["M","$","M","M","M","R","E","?","T","R","E","R","E","?","R","B",null,"M","?","M","$","?","E","R","E","T","R","M","M","T","M","R","B",null,"M","M","M","?","M","R","E","R","T","E","$","R","?","E","R","B"],"character_chosen":"IRONCLAD","items_purchased":["Mummified Hand","Feel No Pain","Chemical X","Whirlwind","Metallicize","Lantern","Turnip"],"campfire_rested":7,"item_purchase_floors":[2,2,21,21,21,21,45],"current_hp_per_floor":[50,50,56,55,50,50,25,2,2,24,18,40,20,20,43,10,63,64,81,90,90,90,60,60,18,18,46,52,55,55,70,70,57,93,100,108,108,86,89,111,111,111,111,46,46,79,79,70,104,0],"gold":130,"neow_bonus":"TWO_FIFTY_GOLD","is_prod":false,"is_daily":false,"chose_seed":false,"campfire_upgraded":4,"win_rate":0,"timestamp":1547610137,"path_taken":["M","$","M","M","M","R","E","?","T","R","E","R","E","?","R","BOSS","M","?","M","$","?","E","R","E","T","R","M","M","?","M","R","BOSS","M","M","M","?","M","R","E","R","T","E","$","R","?","E","R","BOSS"],"build_version":"2019-01-10","purchased_purges":2,"victory":false,"max_hp_per_floor":[75,75,75,75,75,75,75,75,75,75,75,75,78,78,78,81,81,84,84,90,90,90,93,93,96,96,96,96,99,99,102,102,105,105,105,108,108,111,111,111,111,111,111,111,111,111,111,115,115,115],"card_choices":[{"not_picked":["Thunderclap","Rage"],"picked":"Pommel Strike","floor":1},{"not_picked":["Pommel Strike","Twin Strike"],"picked":"Clothesline","floor":3},{"not_picked":["Blood for Blood","Anger"],"picked":"Exhume","floor":4},{"not_picked":["Thunderclap","Wild Strike","Pommel Strike"],"picked":"SKIP","floor":5},{"not_picked":["True Grit","Twin Strike"],"picked":"Feed","floor":7},{"not_picked":["Rage","Flame Barrier"],"picked":"Demon Form","floor":11},{"not_picked":["Headbutt","Wild Strike"],"picked":"Twin Strike","floor":13},{"not_picked":["Brutality","Dark Embrace"],"picked":"Berserk","floor":16},{"not_picked":["Thunderclap","Anger","Bloodletting"],"picked":"SKIP","floor":18},{"not_picked":["Twin Strike","Shrug It Off","Iron Wave"],"picked":"SKIP","floor":20},{"not_picked":["Blood for Blood","Pummel","Armaments"],"picked":"SKIP","floor":23},{"not_picked":["Flex","Sword Boomerang","Iron Wave"],"picked":"SKIP","floor":25},{"not_picked":["Pommel Strike","Juggernaut"],"picked":"Inflame","floor":28},{"not_picked":["Reckless Charge","Wild Strike","True Grit"],"picked":"SKIP","floor":29},{"not_picked":["Heavy Blade","Pommel Strike"],"picked":"Ghostly Armor","floor":31},{"not_picked":["Pommel Strike","Cleave+1"],"picked":"Warcry+1","floor":35},{"not_picked":["Heavy Blade","Second Wind"],"picked":"Battle Trance","floor":36},{"not_picked":["Thunderclap+1","Warcry","Clash"],"picked":"SKIP","floor":37},{"not_picked":["Pommel Strike","Cleave"],"picked":"Armaments","floor":39},{"not_picked":["Infernal Blade","Clash","Flex"],"picked":"SKIP","floor":41},{"not_picked":["Demon Form","Searing Blow","Dual Wield"],"picked":"SKIP","floor":44},{"not_picked":["Demon Form","Searing Blow","Dual Wield"],"picked":"SKIP","floor":44},{"not_picked":["Armaments+1","Second Wind","Reaper"],"picked":"SKIP","floor":48}],"player_experience":1024870,"relics_obtained":[{"floor":7,"key":"Whetstone"},{"floor":9,"key":"MawBank"},{"floor":11,"key":"Bag of Preparation"},{"floor":13,"key":"WingedGreaves"},{"floor":23,"key":"Tiny Chest"},{"floor":25,"key":"Thread and Needle"},{"floor":26,"key":"Self Forming Clay"},{"floor":30,"key":"War Paint"},{"floor":38,"key":"Ginger"},{"floor":41,"key":"Bottled Tornado"},{"floor":44,"key":"Bottled Flame"},{"floor":48,"key":"Ornamental Fan"}],"event_choices":[{"damage_healed":0,"gold_gain":0,"player_choice":"Entered Light","damage_taken":23,"max_hp_gain":0,"max_hp_loss":0,"event_name":"Shining Light","floor":8,"gold_loss":0,"cards_upgraded":["Defend_R","Defend_R"]},{"damage_healed":0,"gold_gain":61,"player_choice":"Gained Gold","damage_taken":0,"max_hp_gain":0,"max_hp_loss":0,"event_name":"Golden Wing","floor":14,"gold_loss":0},{"damage_healed":17,"gold_gain":0,"player_choice":"Heal","damage_taken":0,"max_hp_gain":0,"max_hp_loss":0,"event_name":"The Library","floor":19,"gold_loss":0},{"damage_healed":0,"gold_gain":0,"player_choice":"Ignored","damage_taken":0,"max_hp_gain":0,"max_hp_loss":0,"event_name":"The Mausoleum","floor":22,"gold_loss":0},{"damage_healed":0,"gold_gain":0,"player_choice":"Fight","damage_taken":0,"max_hp_gain":0,"max_hp_loss":0,"event_name":"Mysterious Sphere","floor":38,"gold_loss":0},{"damage_healed":0,"gold_gain":50,"player_choice":"Pray","damage_taken":0,"max_hp_gain":0,"max_hp_loss":0,"event_name":"Golden Shrine","floor":47,"gold_loss":0}],"is_beta":false,"boss_relics":[{"not_picked":["Eternal Feather","Velvet Choker"],"picked":"Pandora\u0027s Box"},{"not_picked":["Runic Dome","Runic Pyramid"],"picked":"Runic Cube"}],"items_purged_floors":[21,45],"is_endless":false,"potions_floor_spawned":[5,7,13,16,18,25,28,29,39,41,44],"killed_by":"Awakened One","ascension_level":15}