{"gold_per_floor":[111,125,138,152,152,192,192,226,271,271,309,309,309,343,343,438,438,453,471,485,501,38,38,51,51,51,64,64],"floor_reached":28,"playtime":1688,"items_purged":["Strike_G"],"score":463,"play_id":"adad4081-99f6-402e-8cf8-cd06e8769e8c","local_time":"20180916173506","is_ascension_mode":true,"campfire_choices":[{"floor":7.0,"key":"REST"},{"floor":10.0,"key":"REST"},{"floor":12.0,"key":"REST"},{"data":"Backflip","floor":15.0,"key":"SMITH"},{"floor":23,"key":"REST"},{"data":"Noxious Fumes","floor":25,"key":"SMITH"}],"neow_cost":"NONE","seed_source_timestamp":91262330461004,"circlet_count":0,"master_deck":["Defend_G","Defend_G","Defend_G","Defend_G","Defend_G","Strike_G","Strike_G","Strike_G","Strike_G","Survivor","Neutralize+1","AscendersBane","Well Laid Plans","Dagger Throw","Finisher","Noxious Fumes+1","Backflip+1","Bane+1","Calculated Gamble","Adrenaline","Bane+1","Blur","Deflect","Dagger Spray+1","Sadistic Nature","Deflect"],"special_seed":0,"relics":["Ring of the Serpent","Golden Idol","Molten Egg 2","Shuriken","Bag of Preparation","Pen Nib","Regal Pillow","Bronze Scales","Sundial"],"potions_floor_usage":[21,24,27,28],"damage_taken":[{"damage":6.0,"enemies":"Small Slimes","floor":1.0,"turns":6.0},{"damage":3.0,"enemies":"Jaw Worm","floor":2.0,"turns":5.0},{"damage":3.0,"enemies":"2 Louse","floor":3.0,"turns":3.0},{"damage":12.0,"enemies":"Large Slime","floor":4.0,"turns":6.0},{"damage":28.0,"enemies":"Gremlin Nob","floor":6.0,"turns":4.0},{"damage":12.0,"enemies":"Lagavulin","floor":8.0,"turns":10.0},{"damage":18.0,"enemies":"Gremlin Nob","floor":11.0,"turns":4.0},{"damage":7.0,"enemies":"3 Sentries","floor":14.0,"turns":5.0},{"damage":8.0,"enemies":"The Guardian","floor":16.0,"turns":11.0},{"damage":9.0,"enemies":"Shell Parasite","floor":18.0,"turns":6.0},{"damage":9.0,"enemies":"3 Byrds","floor":19.0,"turns":5.0},{"damage":30.0,"enemies":"3 Cultists","floor":20.0,"turns":5.0},{"damage":0,"enemies":"Chosen and Byrds","floor":21,"turns":6},{"damage":12,"enemies":"Shelled Parasite and Fungi","floor":24,"turns":3},{"damage":20,"enemies":"Snake Plant","floor":27,"turns":3},{"damage":6,"enemies":"3 Cultists","floor":28,"turns":3}],"seed_played":"-2129463828676637255","potions_obtained":[{"floor":1.0,"key":"FearPotion"},{"floor":8.0,"key":"Explosive Potion"},{"floor":11.0,"key":"Ancient Potion"},{"floor":16.0,"key":"SteroidPotion"},{"floor":24,"key":"Poison Potion"},{"floor":27,"key":"Block Potion"}],"is_trial":false,"path_per_floor":["M","M","M","M","?","E","R","E","T","R","E","R","?","E","R","B",null,"M","M","M","M","$","R","M","R","T","M"],"character_chosen":"THE_SILENT","items_purchased":["Bronze Scales","Sadistic Nature"],"campfire_rested":4,"item_purchase_floors":[22,22],"current_hp_per_floor":[53,50,47,35,35,7,25,13,13,31,13,31,31,24,24,16,49,40,31,1,1,1,34,22,22,22,2,0],"gold":64,"neow_bonus":"UPGRADE_CARD","is_prod":false,"is_daily":false,"chose_seed":false,"campfire_upgraded":2,"win_rate":0,"timestamp":1537133706,"path_taken":["M","M","M","M","?","E","R","E","T","R","E","R","?","E","R","BOSS","M","M","?","M","$","R","M","R","T","M","?"],"build_version":"2018-09-06","purchased_purges":1,"victory":false,"max_hp_per_floor":[66,66,66,66,60,60,60,60,60,60,60,60,60,60,60,60,60,60,60,60,60,60,60,60,60,60,60,60],"card_choices":[{"not_picked":["Backflip","Bane"],"picked":"Well Laid Plans","floor":1.0},{"not_picked":["Catalyst","Deflect"],"picked":"Dagger Throw","floor":2.0},{"not_picked":["Outmaneuver","Flying Knee"],"picked":"Finisher","floor":3.0},{"not_picked":["Dodge and Roll","Masterful Stab"],"picked":"Noxious Fumes","floor":4.0},{"not_picked":["Well Laid Plans","Outmaneuver"],"picked":"Backflip","floor":6.0},{"not_picked":["Bullet Time","Doppelganger"],"picked":"Bane+1","floor":8.0},{"not_picked":["Expertise","Quick Slash+1"],"picked":"Calculated Gamble","floor":11.0},{"not_picked":["Quick Slash+1","Grand Finale+1","Acrobatics"],"picked":"SKIP","floor":14.0},{"not_picked":["Venomology","Glass Knife+1"],"picked":"Adrenaline","floor":16.0},{"not_picked":["Accuracy","Deadly Poison"],"picked":"Bane+1","floor":18.0},{"not_picked":["Heel Hook+1","Prepared"],"picked":"Blur","floor":19.0},{"not_picked":["Blade Dance","Flying Knee+1"],"picked":"Deflect","floor":20.0},{"not_picked":["Masterful Stab+1","Flying Knee+1"],"picked":"Dagger Spray+1","floor":21},{"not_picked":["Night Terror","Bane+1","Dagger Throw+1"],"picked":"SKIP","floor":24},{"not_picked":["Quick Slash+1","Slice+1"],"picked":"Deflect","floor":27}],"player_experience":664038,"relics_obtained":[{"floor":6.0,"key":"Molten Egg 2"},{"floor":8.0,"key":"Shuriken"},{"floor":9.0,"key":"Bag of Preparation"},{"floor":11.0,"key":"Pen Nib"},{"floor":14.0,"key":"Regal Pillow"},{"floor":26,"key":"Sundial"}],"event_choices":[{"event_name":"Golden Idol","player_choice":"Lose Max HP","floor":5.0,"damage_taken":0.0},{"event_name":"Dead Adventurer","player_choice":"Searched \u00270\u0027 times","floor":13.0,"damage_taken":0.0}],"is_beta":false,"boss_relics":[{"not_picked":["Velvet Choker","Runic Pyramid"],"picked":"Ring of the Serpent"}],"items_purged_floors":[22],"is_endless":false,"potions_floor_spawned":[1,8,11,16,24,27],"killed_by":"3 Cultists","ascension_level":17}