{"path_per_floor":["M","M","$","M","M","E","R","M","T","R","M","$","R","?","R","B",null,"M","?","M","$","?","R","?","R","T","M","R","M","E","M","R","B",null,"M","$","M","M","M","R"],"character_chosen":"IRONCLAD","items_purchased":["Armaments","Rampage","Peace Pipe","Energy Potion"],"gold_per_floor":[211,225,98,113,133,163,163,177,225,225,236,61,61,61,61,161,191,210,210,230,105,105,105,136,136,159,172,172,188,222,240,240,342,342,359,13,32,48,58,58,58],"floor_reached":41,"campfire_rested":3,"playtime":6810,"current_hp_per_floor":[80,80,80,80,73,58,58,60,60,60,74,74,74,58,58,20,85,85,85,77,77,77,77,48,48,55,55,82,78,54,44,71,8,92,92,92,31,21,15,42,0],"items_purged":["Strike_R","Strike_R","Strike_R"],"gold":58,"score":440,"play_id":"48d7ee8d-53dc-4658-a3aa-2845fe08a633","local_time":"20180519180900","is_prod":false,"is_daily":false,"chose_seed":false,"is_ascension_mode":false,"campfire_upgraded":6,"timestamp":1526749740,"campfire_choices":[{"floor":40.0,"key":"REST"}],"path_taken":["M","?","$","M","M","E","R","M","T","R","M","$","R","?","R","BOSS","M","?","M","$","?","R","?","R","T","M","R","M","E","M","R","BOSS","M","$","?","M","M","R","?"],"build_version":"2018-05-17","seed_source_timestamp":0,"purchased_purges":3,"victory":false,"master_deck":["Strike_R","Strike_R","Defend_R","Defend_R","Defend_R","Defend_R+1","Bash+1","Inflame+1","Armaments+1","True Grit","Reaper+1","Infernal Blade","Heavy Blade+1","Rampage+1","Limit Break+1","Pommel Strike","Inflame+1","Headbutt","Cleave","Exhume","Limit Break","Metallicize+1","Flex"],"max_hp_per_floor":[80,80,80,80,80,80,80,80,80,80,80,80,80,80,80,80,85,85,85,85,85,85,85,85,85,92,92,92,92,92,92,92,92,92,92,92,92,92,92,92,92],"relics":["Black Blood","Orichalcum","Lantern","Tiny House","Red Mask","Strawberry","Bottled Flame","Peace Pipe"],"card_choices":[{"not_picked":["Clash","Cleave"],"picked":"Inflame","floor":2.0},{"not_picked":["Thunderclap","Anger"],"picked":"True Grit","floor":4.0},{"not_picked":["Armaments","Offering"],"picked":"Reaper","floor":6.0},{"not_picked":["Carnage","Wild Strike"],"picked":"Infernal Blade","floor":8.0},{"not_picked":["Shrug It Off","Rampage"],"picked":"Heavy Blade","floor":11.0},{"not_picked":["Exhume","Immolate"],"picked":"Limit Break","floor":16.0},{"not_picked":["Sword Boomerang","Headbutt"],"picked":"Pommel Strike","floor":17.0},{"not_picked":["Warcry","Sword Boomerang"],"picked":"Headbutt","floor":20.0},{"not_picked":["Havoc","Blood for Blood"],"picked":"Cleave","floor":30.0},{"not_picked":["Sever Soul","Iron Wave"],"picked":"Exhume","floor":31.0},{"not_picked":["Reaper","Barricade"],"picked":"Limit Break","floor":33.0},{"not_picked":["Iron Wave+1","Headbutt"],"picked":"Metallicize+1","floor":35.0},{"not_picked":["True Grit+1","Warcry","Bloodletting"],"picked":"SKIP","floor":37.0},{"not_picked":["Sword Boomerang","Infernal Blade+1","Clothesline"],"picked":"SKIP","floor":38.0},{"not_picked":["Metallicize+1","Dark Embrace"],"picked":"Flex","floor":39.0}],"player_experience":70372,"potions_floor_usage":[],"damage_taken":[{"damage":6.0,"enemies":"Cultist","floor":1.0,"turns":3.0},{"damage":6.0,"enemies":"2 Louse","floor":2.0,"turns":2.0},{"damage":6.0,"enemies":"Jaw Worm","floor":4.0,"turns":3.0},{"damage":13.0,"enemies":"Large Slime","floor":5.0,"turns":11.0},{"damage":21.0,"enemies":"Lagavulin","floor":6.0,"turns":14.0},{"damage":8.0,"enemies":"Red Slaver","floor":8.0,"turns":5.0},{"damage":6.0,"enemies":"Exordium Wildlife","floor":11.0,"turns":4.0},{"damage":52.0,"enemies":"The Guardian","floor":16.0,"turns":11.0},{"damage":0.0,"enemies":"Chosen","floor":18.0,"turns":6.0},{"damage":14.0,"enemies":"Spheric Guardian","floor":20.0,"turns":4.0},{"damage":48.0,"enemies":"Masked Bandits","floor":24.0,"turns":5.0},{"damage":20.0,"enemies":"Centurion and Healer","floor":27.0,"turns":4.0},{"damage":10.0,"enemies":"Snake Plant","floor":29.0,"turns":4.0},{"damage":42.0,"enemies":"Slavers","floor":30.0,"turns":7.0},{"damage":16.0,"enemies":"Chosen and Byrds","floor":31.0,"turns":4.0},{"damage":116.0,"enemies":"Collector","floor":33.0,"turns":10.0},{"damage":32.0,"enemies":"3 Darklings","floor":35.0,"turns":5.0},{"damage":94.0,"enemies":"3 Shapes","floor":37.0,"turns":6.0},{"damage":53.0,"enemies":"Maw","floor":38.0,"turns":7.0},{"damage":36.0,"enemies":"4 Shapes","floor":39.0,"turns":5.0},{"damage":43,"enemies":"3 Darklings","floor":41,"turns":3}],"relics_obtained":[],"event_choices":[{"event_name":"Shining Light","player_choice":"Entered Light","floor":14.0,"damage_taken":0.0},{"event_name":"The Library","player_choice":"Read","floor":19.0,"damage_taken":0.0},{"event_name":"Vampires","player_choice":"Ignored","floor":22.0,"damage_taken":0.0},{"event_name":"Masked Bandits","player_choice":"Fought over 105 gold","floor":24.0,"damage_taken":0.0}],"boss_relics":[],"potions_floor_spawned":[4,5,11,24,27,38],"seed_played":"598299238424065750","killed_by":"3 Darklings","ascension_level":0,"potions_obtained":[{"floor":38.0,"key":"Energy Potion"}],"is_trial":false}