{"gold_per_floor":[109,109,129,148,148,148,164,193,248,248,16,16,49,59,59,59],"floor_reached":16,"playtime":593,"items_purged":["Strike_G"],"score":236,"play_id":"c45f100d-d951-4ab4-bf3d-df4d4037aab4","local_time":"20180816193903","is_ascension_mode":true,"campfire_choices":[{"data":"Dash","floor":6,"key":"SMITH"},{"data":"Sucker Punch","floor":12,"key":"SMITH"},{"data":"Bouncing Flask","floor":15,"key":"SMITH"}],"neow_cost":"TEN_PERCENT_HP_LOSS","seed_source_timestamp":95228953256841,"circlet_count":0,"master_deck":["Defend_G+1","Defend_G","Defend_G","Defend_G","Strike_G","Strike_G+1","Strike_G","Survivor","Neutralize+1","AscendersBane","Burst+1","Expertise+1","Dagger Throw","Dash+1","Sucker Punch+1","Dodge and Roll","Glass Knife","Bouncing Flask+1"],"relics":["Ring of the Snake","Ornamental Fan","Omamori","War Paint","Bronze Scales"],"potions_floor_usage":[7,7,8],"damage_taken":[{"damage":2,"enemies":"2 Louse","floor":1,"turns":4},{"damage":0,"enemies":"Small Slimes","floor":3,"turns":3},{"damage":0,"enemies":"Cultist","floor":4,"turns":3},{"damage":8,"enemies":"3 Louse","floor":7,"turns":6},{"damage":0,"enemies":"Gremlin Nob","floor":8,"turns":4},{"damage":26,"enemies":"3 Sentries","floor":13,"turns":9},{"damage":0,"enemies":"Exordium Thugs","floor":14,"turns":3},{"damage":16,"enemies":"Slime Boss","floor":16,"turns":5}],"seed_played":"-2189833823383745263","potions_obtained":[{"floor":3,"key":"Swift Potion"},{"floor":4,"key":"Regen Potion"},{"floor":7,"key":"Fire Potion"}],"is_trial":false,"path_per_floor":["M","?","M","M","?","R","M","E","T","?","$","R","E","M","R"],"character_chosen":"THE_SILENT","items_purchased":["War Paint"],"campfire_rested":0,"item_purchase_floors":[11],"current_hp_per_floor":[57,57,57,57,39,39,46,46,46,46,46,46,20,20,20,4],"gold":59,"neow_bonus":"TRANSFORM_TWO_CARDS","is_prod":false,"is_daily":false,"chose_seed":false,"campfire_upgraded":3,"win_rate":0,"timestamp":1534462743,"path_taken":["M","?","M","M","?","R","M","E","T","?","$","R","E","M","R","BOSS"],"build_version":"2018-08-09","purchased_purges":1,"victory":false,"max_hp_per_floor":[60,60,60,60,60,60,60,60,60,60,60,60,60,60,60,60],"card_choices":[{"not_picked":["Backflip","Footwork"],"picked":"Dagger Throw","floor":1},{"not_picked":["Tactician","Poisoned Stab"],"picked":"Dash","floor":3},{"not_picked":["Poisoned Stab","Catalyst"],"picked":"Sucker Punch","floor":4},{"not_picked":["Riddle With Holes","Flying Knee"],"picked":"Dodge and Roll","floor":7},{"not_picked":["Poisoned Stab","Bane","Underhanded Strike"],"picked":"SKIP","floor":8},{"not_picked":["Expertise","Bane"],"picked":"Glass Knife","floor":13},{"not_picked":["Quick Slash","Escape Plan"],"picked":"Bouncing Flask","floor":14}],"player_experience":584557,"relics_obtained":[{"floor":8,"key":"Ornamental Fan"},{"floor":9,"key":"Omamori"},{"floor":13,"key":"Bronze Scales"}],"event_choices":[{"event_name":"Living Wall","player_choice":"Grow","floor":2,"damage_taken":0},{"event_name":"Shining Light","player_choice":"Entered Light","floor":5,"damage_taken":0},{"event_name":"Scrap Ooze","player_choice":"unsuccessful","floor":10,"damage_taken":0}],"is_beta":false,"boss_relics":[],"items_purged_floors":[11],"is_endless":false,"potions_floor_spawned":[3,4,7],"killed_by":"Slime Boss","ascension_level":15}