{"gold_per_floor":[116,291,291,10,10,337,337,353,379,379,414,425,425],"floor_reached":13,"playtime":344,"items_purged":[],"score":150,"play_id":"63292fd2-48e7-40a7-8b1b-e58409947309","local_time":"20190507184818","is_ascension_mode":true,"campfire_choices":[{"floor":7,"key":"REST"}],"neow_cost":"NONE","seed_source_timestamp":175271424479556,"circlet_count":0,"master_deck":["AscendersBane","Strike_B","Strike_B","Strike_B","Strike_B+1","Defend_B","Defend_B+1","Defend_B","Defend_B","Zap","Dualcast","Deep Breath","Self Repair","Doubt","Static Discharge","Redo+1","Skim+1","Purity+1","Loop","Leap+1","Reboot+1"],"relics":["Cracked Core","Vajra","Toxic Egg 2","Old Coin","Regal Pillow","DataDisk"],"potions_floor_usage":[6,13],"damage_taken":[{"damage":6,"enemies":"Cultist","floor":1,"turns":3},{"damage":28,"enemies":"Gremlin Nob","floor":6,"turns":5},{"damage":12,"enemies":"Jaw Worm","floor":8,"turns":2},{"damage":27,"enemies":"Lagavulin","floor":11,"turns":7},{"damage":2,"enemies":"Small Slimes","floor":12,"turns":3},{"damage":12,"enemies":"3 Louse","floor":13,"turns":2}],"seed_played":"7564878809221040292","potions_obtained":[{"floor":1,"key":"Ancient Potion"},{"floor":12,"key":"FocusPotion"}],"is_trial":false,"path_per_floor":["M","?","?","$","?","E","R","M","T","?","E","M","M"],"character_chosen":"DEFECT","items_purchased":["Toxic Egg 2","Static Discharge"],"campfire_rested":1,"item_purchase_floors":[4,4],"current_hp_per_floor":[62,62,55,55,40,19,41,29,29,29,9,7,0],"gold":425,"neow_bonus":"RANDOM_COLORLESS","is_prod":false,"is_daily":false,"chose_seed":false,"campfire_upgraded":0,"win_rate":0,"timestamp":1557280098,"path_taken":["M","?","?","$","?","E","R","M","T","?","E","M","M"],"build_version":"2019-01-23","purchased_purges":0,"victory":false,"max_hp_per_floor":[75,75,75,75,75,75,75,75,75,75,75,75,75],"card_choices":[{"not_picked":["Beam Cell","Steam Power"],"picked":"Self Repair","floor":1},{"not_picked":["Stack+1","Gash"],"picked":"Redo+1","floor":6},{"not_picked":["Gash","Redo+1"],"picked":"Skim+1","floor":8},{"not_picked":["Barrage","Ball Lightning"],"picked":"Leap+1","floor":11},{"not_picked":["Rebound","Force Field+1"],"picked":"Reboot+1","floor":12}],"player_experience":617323,"relics_obtained":[{"floor":6,"key":"Old Coin"},{"floor":9,"key":"Regal Pillow"},{"floor":11,"key":"DataDisk"}],"event_choices":[{"damage_healed":0,"gold_gain":175,"player_choice":"AGREE","damage_taken":0,"max_hp_gain":0,"max_hp_loss":0,"event_name":"Liars Game","floor":2,"gold_loss":0,"cards_obtained":["Doubt"]},{"damage_healed":0,"gold_gain":0,"player_choice":"Success","damage_taken":7,"relics_obtained":["Vajra"],"max_hp_gain":0,"max_hp_loss":0,"event_name":"Scrap Ooze","floor":3,"gold_loss":0},{"damage_healed":0,"gold_gain":0,"player_choice":"Entered Light","damage_taken":15,"max_hp_gain":0,"max_hp_loss":0,"event_name":"Shining Light","floor":5,"gold_loss":0,"cards_upgraded":["Strike_B","Defend_B"]},{"damage_healed":0,"gold_gain":0,"player_choice":"2 cards matched","damage_taken":0,"max_hp_gain":0,"max_hp_loss":0,"event_name":"Match and Keep!","floor":10,"gold_loss":0,"cards_obtained":["Purity","Loop"]}],"is_beta":false,"boss_relics":[],"items_purged_floors":[],"is_endless":false,"potions_floor_spawned":[1,12],"killed_by":"3 Louse","ascension_level":13}