{"gold_per_floor":[17,92,57,57,57,57,70,81,81,81,94,94,109,109,109,109],"floor_reached":16,"playtime":425,"items_purged":[],"score":176,"play_id":"7f3c5224-2eca-4a9b-9a4c-533f78ff985c","local_time":"20181021165611","is_ascension_mode":true,"campfire_choices":[{"data":"Cloak And Dagger","floor":6,"key":"SMITH"},{"data":"Sucker Punch","floor":12,"key":"SMITH"},{"floor":15,"key":"REST"}],"neow_cost":"NO_GOLD","seed_source_timestamp":1024864777246507,"circlet_count":0,"master_deck":["Defend_G+1","Defend_G+1","Defend_G","Defend_G","Defend_G","Strike_G","Strike_G","Strike_G","Strike_G","Strike_G","Survivor","Neutralize","AscendersBane","Cloak And Dagger+1","Deflect","Noxious Fumes","Sucker Punch+1","Dagger Spray"],"relics":["Ring of the Snake","Peace Pipe","Singing Bowl","Frozen Egg 2"],"potions_floor_usage":[13],"damage_taken":[{"damage":19,"enemies":"Cultist","floor":1,"turns":6},{"damage":0,"enemies":"Small Slimes","floor":7,"turns":3},{"damage":0,"enemies":"2 Louse","floor":8,"turns":3},{"damage":1,"enemies":"Exordium Thugs","floor":11,"turns":4},{"damage":20,"enemies":"Gremlin Gang","floor":13,"turns":4},{"damage":37,"enemies":"Slime Boss","floor":16,"turns":7}],"seed_played":"-8585313734989764869","potions_obtained":[{"floor":8,"key":"SpeedPotion"},{"floor":11,"key":"Energy Potion"}],"is_trial":false,"path_per_floor":["M","?","?","$","?","R","M","M","T","?","M","R","M","T","R"],"character_chosen":"THE_SILENT","items_purchased":[],"campfire_rested":1,"item_purchase_floors":[],"current_hp_per_floor":[40,29,45,45,25,25,25,25,25,47,46,46,26,26,45,8],"gold":109,"neow_bonus":"ONE_RARE_RELIC","is_prod":false,"is_daily":false,"chose_seed":false,"campfire_upgraded":2,"win_rate":0,"timestamp":1540155371,"path_taken":["M","?","?","$","?","R","?","?","T","?","M","R","M","?","R","BOSS"],"build_version":"2018-10-18","purchased_purges":0,"victory":false,"max_hp_per_floor":[66,66,66,66,66,66,66,66,66,66,66,66,66,66,66,66],"card_choices":[{"not_picked":["Deflect","Dodge and Roll"],"picked":"Cloak And Dagger","floor":1},{"not_picked":["Dagger Throw","Expertise"],"picked":"Deflect","floor":7},{"not_picked":["Blade Dance","Quick Slash"],"picked":"Noxious Fumes","floor":8},{"not_picked":["Accuracy","Poisoned Stab"],"picked":"Sucker Punch","floor":11},{"not_picked":["Endless Agony","Noxious Fumes"],"picked":"Dagger Spray","floor":13}],"player_experience":786281,"relics_obtained":[{"floor":9,"key":"Singing Bowl"},{"floor":14,"key":"Frozen Egg 2"}],"event_choices":[{"damage_healed":0,"gold_gain":75,"player_choice":"Gather Gold","damage_taken":11,"max_hp_gain":0,"max_hp_loss":0,"event_name":"World of Goop","floor":2,"gold_loss":0},{"damage_healed":16,"gold_gain":0,"player_choice":"Healed","damage_taken":0,"max_hp_gain":0,"max_hp_loss":0,"event_name":"The Cleric","floor":3,"gold_loss":35},{"damage_healed":0,"gold_gain":0,"player_choice":"Entered Light","damage_taken":20,"max_hp_gain":0,"max_hp_loss":0,"event_name":"Shining Light","floor":5,"gold_loss":0,"cards_upgraded":["Defend_G","Defend_G"]},{"damage_healed":22,"gold_gain":0,"player_choice":"Banana","damage_taken":0,"max_hp_gain":0,"max_hp_loss":0,"event_name":"Big Fish","floor":10,"gold_loss":0}],"is_beta":false,"boss_relics":[],"items_purged_floors":[],"is_endless":false,"potions_floor_spawned":[8,11],"killed_by":"Slime Boss","ascension_level":19}