{"gold_per_floor":[111,61,61,61,76,120,120,164,164,177,213,213,253,273,273,397,397,420,36,36,135,148,183,206,206,206,206,131,154,192,208,208,332,332,347,347,372,60,60,98,98,112,112,152,166,191,191,191,191,191],"floor_reached":51,"playtime":2752,"items_purged":["Strike_B","Defend_B"],"score":1000,"play_id":"e587ae21-b9af-4300-932d-050df4a1560f","local_time":"20190116121515","is_ascension_mode":true,"campfire_choices":[{"floor":7,"key":"REST"},{"floor":12,"key":"REST"},{"floor":15,"key":"REST"},{"floor":27,"key":"REST"},{"floor":32,"key":"REST"},{"data":"Thunder Strike","floor":41,"key":"SMITH"},{"floor":47,"key":"REST"},{"data":"Defragment","floor":49,"key":"SMITH"}],"neow_cost":"NONE","seed_source_timestamp":582498595811053,"circlet_count":0,"master_deck":["Strike_B+1","Defend_B","Defend_B","Defend_B","Zap+1","Dualcast","Ball Lightning+1","Tempest","Rainbow+1","Tempest+1","Steam+1","Conserve Battery+1","Coolheaded+1","Chaos+1","Thunder Strike+1","Conserve Battery+1","Leap+1","Hologram+1","Steam+1","Conserve Battery+1","Turbo+1","Conserve Battery+1","Leap+1","Auto Shields+1","Tempest+1","Electrodynamics","Turbo+1","Hologram+1","Turbo+1","Good Instincts+1","Defragment+1","Electrodynamics","Hologram+1","BootSequence+1","Creative AI"],"relics":["Cracked Core","Golden Idol","Toxic Egg 2","Omamori","Cables","Whetstone","The Courier","Philosopher\u0027s Stone","Chemical X","Smiling Mask","Bottled Flame","Lantern","Nuclear Battery","Lee\u0027s Waffle","Dream Catcher","Oddly Smooth Stone","Boot","Art of War"],"potions_floor_usage":[11,11,18,33,44,50,50],"damage_taken":[{"damage":0,"enemies":"2 Louse","floor":1,"turns":2},{"damage":0,"enemies":"Small Slimes","floor":5,"turns":2},{"damage":45,"enemies":"3 Sentries","floor":6,"turns":7},{"damage":23,"enemies":"Lagavulin","floor":8,"turns":4},{"damage":0,"enemies":"Cultist","floor":10,"turns":2},{"damage":5,"enemies":"3 Sentries","floor":11,"turns":6},{"damage":16,"enemies":"Gremlin Nob","floor":13,"turns":3},{"damage":0,"enemies":"Large Slime","floor":14,"turns":2},{"damage":19,"enemies":"Hexaghost","floor":16,"turns":8},{"damage":12,"enemies":"3 Byrds","floor":18,"turns":3},{"damage":18,"enemies":"2 Thieves","floor":22,"turns":3},{"damage":0,"enemies":"Gremlin Leader","floor":23,"turns":4},{"damage":2,"enemies":"Snecko","floor":24,"turns":3},{"damage":12,"enemies":"Snake Plant","floor":29,"turns":2},{"damage":6,"enemies":"Book of Stabbing","floor":30,"turns":5},{"damage":9,"enemies":"Shelled Parasite and Fungi","floor":31,"turns":3},{"damage":36,"enemies":"Collector","floor":33,"turns":10},{"damage":29,"enemies":"3 Shapes","floor":35,"turns":4},{"damage":0,"enemies":"3 Darklings","floor":37,"turns":3},{"damage":0,"enemies":"Giant Head","floor":40,"turns":5},{"damage":4,"enemies":"Spire Growth","floor":42,"turns":2},{"damage":35,"enemies":"Reptomancer","floor":44,"turns":5},{"damage":0,"enemies":"Writhing Mass","floor":45,"turns":4},{"damage":13,"enemies":"Donu and Deca","floor":50,"turns":4}],"seed_played":"-4673798563743073780","potions_obtained":[{"floor":5,"key":"SpeedPotion"},{"floor":10,"key":"PowerPotion"},{"floor":11,"key":"Explosive Potion"},{"floor":14,"key":"Swift Potion"},{"floor":16,"key":"SkillPotion"},{"floor":18,"key":"Fire Potion"},{"floor":23,"key":"FocusPotion"},{"floor":33,"key":"FairyPotion"},{"floor":35,"key":"PowerPotion"},{"floor":44,"key":"SteroidPotion"}],"is_trial":false,"path_per_floor":["M","?","?","?","M","E","R","E","T","M","E","R","E","M","R","B",null,"M","$","?","?","M","E","M","?","T","R","?","M","E","M","R","B",null,"M","?","M","$","?","E","R","M","T","E","M","T","R","?","R","B",null],"character_chosen":"DEFECT","items_purchased":["Chemical X","Leap+1","Hologram+1","Steam+1","Conserve Battery+1","Lee\u0027s Waffle","Good Instincts+1","Defragment"],"campfire_rested":6,"item_purchase_floors":[19,19,19,19,19,38,38,38],"current_hp_per_floor":[75,75,75,75,75,30,52,29,29,29,24,46,30,30,52,33,75,63,63,63,63,45,45,43,43,43,65,65,53,47,38,60,24,75,46,46,46,82,82,82,82,78,78,43,43,43,67,67,67,54],"gold":191,"neow_bonus":"UPGRADE_CARD","is_prod":false,"is_daily":false,"chose_seed":false,"campfire_upgraded":2,"win_rate":0,"timestamp":1547658915,"path_taken":["M","?","?","?","M","E","R","E","T","?","E","R","E","M","R","BOSS","M","$","?","?","M","E","M","?","T","R","?","?","E","M","R","BOSS","M","?","M","$","?","E","R","M","T","E","?","?","R","?","R","BOSS"],"build_version":"2019-01-10","purchased_purges":2,"victory":true,"max_hp_per_floor":[75,75,75,75,75,75,75,75,75,75,75,75,75,75,75,75,75,75,75,75,75,75,75,75,75,75,75,75,75,75,75,75,75,75,75,75,75,82,82,82,82,82,82,82,82,82,82,82,82,82],"card_choices":[{"not_picked":["Streamline","Go for the Eyes"],"picked":"Ball Lightning","floor":1},{"not_picked":["Rip and Tear","Stack"],"picked":"Tempest","floor":5},{"not_picked":["Leap","Meteor Strike"],"picked":"Rainbow","floor":6},{"not_picked":["Ball Lightning","Sweeping Beam"],"picked":"Tempest+1","floor":8},{"not_picked":["Sweeping Beam","Undo+1"],"picked":"Steam+1","floor":10},{"not_picked":["Melter","Machine Learning"],"picked":"Conserve Battery+1","floor":11},{"not_picked":["Barrage","Heatsinks"],"picked":"Coolheaded+1","floor":13},{"not_picked":["Go for the Eyes","Blizzard"],"picked":"Chaos+1","floor":14},{"not_picked":["Biased Cognition","All For One"],"picked":"Thunder Strike","floor":16},{"not_picked":["Hologram+1","Glacier+1"],"picked":"Conserve Battery+1","floor":18},{"not_picked":["Beam Cell","Stack+1"],"picked":"Conserve Battery+1","floor":22},{"not_picked":["Compile Driver","Redo+1"],"picked":"Leap+1","floor":23},{"not_picked":["Undo+1","Stack+1"],"picked":"Auto Shields+1","floor":24},{"not_picked":["Redo+1","Cold Snap"],"picked":"Tempest+1","floor":29},{"not_picked":["Beam Cell","Hologram+1"],"picked":"Electrodynamics","floor":30},{"not_picked":["Rebound","Compile Driver"],"picked":"Turbo+1","floor":31},{"not_picked":["Meteor Strike","All For One"],"picked":"Reboot+1","floor":33},{"not_picked":["Rebound","Scrape+1"],"picked":"Hologram+1","floor":35},{"not_picked":["Leap+1","Go for the Eyes+1"],"picked":"Turbo+1","floor":37},{"not_picked":["Steam+1","Melter"],"picked":"Hologram+1","floor":40},{"not_picked":["Glacier+1","Doom and Gloom","Sunder+1"],"picked":"SKIP","floor":42},{"not_picked":["Streamline+1","Stack+1"],"picked":"BootSequence+1","floor":44},{"not_picked":["Sweeping Beam+1","Blizzard+1","Barrage"],"picked":"SKIP","floor":45},{"not_picked":["Rebound+1","FTL"],"picked":"Creative AI","floor":47}],"player_experience":99101,"relics_obtained":[{"floor":6,"key":"Toxic Egg 2"},{"floor":8,"key":"Omamori"},{"floor":9,"key":"Cables"},{"floor":11,"key":"Whetstone"},{"floor":13,"key":"The Courier"},{"floor":23,"key":"Smiling Mask"},{"floor":26,"key":"Bottled Flame"},{"floor":30,"key":"Lantern"},{"floor":40,"key":"Dream Catcher"},{"floor":43,"key":"Oddly Smooth Stone"},{"floor":44,"key":"Boot"},{"floor":46,"key":"Art of War"}],"event_choices":[{"cards_removed":["Strike_B"],"damage_healed":0,"gold_gain":0,"player_choice":"Card Removal","damage_taken":0,"max_hp_gain":0,"max_hp_loss":0,"event_name":"The Cleric","floor":2,"gold_loss":50},{"damage_healed":0,"gold_gain":0,"player_choice":"Take Wound","damage_taken":0,"relics_obtained":["Golden Idol"],"max_hp_gain":0,"max_hp_loss":0,"event_name":"Golden Idol","floor":3,"gold_loss":0,"cards_obtained":["Injury"]},{"cards_removed":["Injury"],"damage_healed":0,"gold_gain":0,"player_choice":"Removed Curses","damage_taken":0,"max_hp_gain":0,"max_hp_loss":0,"event_name":"Fountain of Cleansing","floor":4,"gold_loss":0},{"damage_healed":0,"gold_gain":0,"player_choice":"Read","damage_taken":0,"max_hp_gain":0,"max_hp_loss":0,"event_name":"The Library","floor":20,"gold_loss":0,"cards_obtained":["Turbo"]},{"damage_healed":0,"gold_gain":99,"player_choice":"Stole From Cult","damage_taken":0,"max_hp_gain":0,"max_hp_loss":0,"event_name":"Nest","floor":21,"gold_loss":0},{"damage_healed":0,"gold_gain":0,"player_choice":"Ignored","damage_taken":0,"max_hp_gain":0,"max_hp_loss":0,"event_name":"Ghosts","floor":25,"gold_loss":0},{"cards_removed":["Strike_B"],"damage_healed":0,"gold_gain":0,"player_choice":"Gave Gold","damage_taken":0,"max_hp_gain":0,"max_hp_loss":0,"event_name":"Beggar","floor":28,"gold_loss":75},{"damage_healed":0,"gold_gain":0,"player_choice":"Ignored","damage_taken":0,"max_hp_gain":0,"max_hp_loss":0,"event_name":"Tomb of Lord Red Mask","floor":36,"gold_loss":0},{"damage_healed":0,"gold_gain":0,"player_choice":"Copied","damage_taken":0,"max_hp_gain":0,"max_hp_loss":0,"event_name":"Duplicator","floor":39,"gold_loss":0,"cards_obtained":["Electrodynamics"]},{"cards_removed":["Reboot"],"damage_healed":0,"gold_gain":0,"player_choice":"Removed Skill","damage_taken":0,"max_hp_gain":0,"max_hp_loss":0,"event_name":"Falling","floor":48,"gold_loss":0}],"is_beta":false,"boss_relics":[{"not_picked":["Sozu","Coffee Dripper"],"picked":"Philosopher\u0027s Stone"},{"not_picked":["Pandora\u0027s Box","FrozenCore"],"picked":"Nuclear Battery"}],"items_purged_floors":[19,38],"is_endless":false,"potions_floor_spawned":[5,10,11,14,16,18,23,30,33,35,44],"ascension_level":4}