{"gold_per_floor":[214,214,214,225,235,235,51,77,77,112,387,387,415,435,435,533,533,545,563,587,177,191,191,209,209,209,209,236,254,353,353,353,353],"floor_reached":33,"playtime":2735,"items_purged":["Regret"],"score":282,"play_id":"fbee30cf-1985-48d2-8bb6-bc07fcf2b6c1","local_time":"20190523133713","is_ascension_mode":false,"campfire_choices":[{"data":"Infinite Blades","floor":12,"key":"SMITH"},{"floor":15,"key":"REST"},{"data":"Terror","floor":23,"key":"SMITH"},{"data":"Corpse Explosion","floor":27,"key":"SMITH"},{"floor":32,"key":"REST"}],"neow_cost":"NONE","seed_source_timestamp":590749792317600,"circlet_count":0,"master_deck":["Defend_G","Defend_G","Defend_G","Defend_G+1","Defend_G+1","Strike_G","Strike_G","Strike_G","Strike_G","Strike_G","Survivor","Neutralize","Blade Dance","Infinite Blades+1","Masterful Stab","Noxious Fumes","Slice","Caltrops","Cloak And Dagger","Terror+1","Corpse Explosion+1","Infinite Blades","Caltrops","Noxious Fumes+1","Caltrops","Infinite Blades","Blade Dance","Backstab","Cloak And Dagger","Backstab"],"relics":["Ring of the Snake","Darkstone Periapt","Spirit Poop","Snake Skull","Matryoshka","Mummified Hand","Ornamental Fan","Prayer Wheel","Lantern","Sozu","Paper Crane","Anchor","War Paint","Nloth\u0027s Gift","The Courier","Omamori","MutagenicStrength"],"potions_floor_usage":[19,22],"damage_taken":[{"damage":0,"enemies":"Jaw Worm","floor":1,"turns":6},{"damage":0,"enemies":"Cultist","floor":4,"turns":4},{"damage":5,"enemies":"Small Slimes","floor":5,"turns":4},{"damage":14,"enemies":"Gremlin Nob","floor":8,"turns":4},{"damage":14,"enemies":"3 Sentries","floor":10,"turns":6},{"damage":10,"enemies":"Gremlin Nob","floor":13,"turns":4},{"damage":2,"enemies":"Looter","floor":14,"turns":3},{"damage":23,"enemies":"The Guardian","floor":16,"turns":10},{"damage":1,"enemies":"Chosen","floor":18,"turns":4},{"damage":14,"enemies":"2 Thieves","floor":19,"turns":4},{"damage":11,"enemies":"Centurion and Healer","floor":22,"turns":5},{"damage":4,"enemies":"Cultist and Chosen","floor":24,"turns":6},{"damage":18,"enemies":"Slavers","floor":28,"turns":3},{"damage":12,"enemies":"Snake Plant","floor":29,"turns":3},{"damage":58,"enemies":"Collector","floor":33,"turns":6}],"seed_played":"-7576964587441111449","potions_obtained":[{"floor":4,"key":"Weak Potion"},{"floor":8,"key":"SpeedPotion"},{"floor":10,"key":"Explosive Potion"}],"is_trial":false,"path_per_floor":["M","?","?","M","M","?","$","E","T","E","?","R","E","M","R","B",null,"M","M","T","$","M","R","M","?","T","R","E","M","?","?","R","B"],"character_chosen":"THE_SILENT","items_purchased":["Snake Skull","Noxious Fumes","Anchor","Caltrops","War Paint"],"campfire_rested":2,"item_purchase_floors":[7,7,21,21,21],"current_hp_per_floor":[70,76,76,76,71,71,71,57,57,43,49,49,39,37,61,38,82,81,67,67,67,58,58,56,56,56,56,38,26,26,26,50,0],"gold":353,"neow_bonus":"HUNDRED_GOLD","is_prod":false,"is_daily":false,"chose_seed":false,"campfire_upgraded":3,"win_rate":0,"timestamp":1558647433,"path_taken":["M","?","?","M","?","?","$","E","T","E","?","R","E","M","R","BOSS","M","?","?","$","M","R","M","?","T","R","E","?","?","?","R","BOSS"],"build_version":"2019-01-23","purchased_purges":1,"victory":false,"max_hp_per_floor":[70,76,76,76,76,76,76,76,76,76,82,82,82,82,82,82,82,82,82,82,82,82,82,82,82,82,82,82,82,82,82,82,82],"card_choices":[{"not_picked":["Calculated Gamble","Deflect"],"picked":"Blade Dance","floor":1},{"not_picked":["Bane","Expertise"],"picked":"Infinite Blades","floor":4},{"not_picked":["Acrobatics","Quick Slash"],"picked":"Masterful Stab","floor":5},{"not_picked":["Unload","Escape Plan"],"picked":"Slice","floor":8},{"not_picked":["Underhanded Strike","Night Terror"],"picked":"Caltrops","floor":10},{"not_picked":["Reflex","Tactician","Underhanded Strike"],"picked":"SKIP","floor":13},{"not_picked":["Acrobatics","Dagger Spray"],"picked":"Cloak And Dagger","floor":14},{"not_picked":["Skewer","Riddle With Holes"],"picked":"Terror","floor":14},{"not_picked":["Tools of the Trade","Phantasmal Killer"],"picked":"Corpse Explosion","floor":16},{"not_picked":["Sucker Punch","Finisher+1"],"picked":"Infinite Blades","floor":18},{"not_picked":["Poisoned Stab","Acrobatics+1"],"picked":"Caltrops","floor":18},{"not_picked":["Quick Slash","Prepared"],"picked":"Noxious Fumes+1","floor":19},{"not_picked":["Backflip","Flying Knee","Sucker Punch"],"picked":"SKIP","floor":19},{"not_picked":["Sucker Punch","Quick Slash+1"],"picked":"Infinite Blades","floor":22},{"not_picked":["Bane","Bouncing Flask"],"picked":"Blade Dance","floor":22},{"not_picked":["Catalyst","Finisher"],"picked":"Backstab","floor":24},{"not_picked":["Dagger Spray","Skewer+1"],"picked":"Cloak And Dagger","floor":24},{"not_picked":["Glass Knife","Calculated Gamble","Acrobatics"],"picked":"SKIP","floor":28},{"not_picked":["Underhanded Strike","Quick Slash+1"],"picked":"Backstab","floor":29},{"not_picked":["Sucker Punch+1","Slice","Heel Hook"],"picked":"SKIP","floor":29}],"player_experience":416451,"relics_obtained":[{"floor":8,"key":"Matryoshka"},{"floor":9,"key":"Mummified Hand"},{"floor":9,"key":"Ornamental Fan"},{"floor":10,"key":"Prayer Wheel"},{"floor":13,"key":"Lantern"},{"floor":20,"key":"Paper Crane"},{"floor":20,"key":"Blood Vial"},{"floor":26,"key":"The Courier"},{"floor":28,"key":"Omamori"}],"event_choices":[{"damage_healed":0,"gold_gain":0,"player_choice":"Box","damage_taken":0,"relics_obtained":["Darkstone Periapt"],"max_hp_gain":0,"max_hp_loss":0,"event_name":"Big Fish","floor":2,"gold_loss":0,"cards_obtained":["Regret"]},{"cards_removed":["Regret"],"damage_healed":0,"gold_gain":0,"player_choice":"Offered Curse","damage_taken":0,"relics_obtained":["Spirit Poop"],"max_hp_gain":0,"max_hp_loss":0,"event_name":"Bonfire Elementals","floor":3,"gold_loss":0},{"damage_healed":0,"gold_gain":0,"player_choice":"Leave","damage_taken":0,"max_hp_gain":0,"max_hp_loss":0,"event_name":"The Cleric","floor":6,"gold_loss":0},{"damage_healed":0,"gold_gain":275,"player_choice":"Desecrate","damage_taken":0,"max_hp_gain":0,"max_hp_loss":0,"event_name":"Golden Shrine","floor":11,"gold_loss":0,"cards_obtained":["Regret"]},{"damage_healed":0,"gold_gain":0,"player_choice":"Traded Relic","damage_taken":0,"relics_obtained":["Nloth\u0027s Gift"],"max_hp_gain":0,"max_hp_loss":0,"event_name":"N\u0027loth","floor":25,"relics_lost":["Blood Vial"],"gold_loss":0},{"damage_healed":0,"gold_gain":99,"player_choice":"Stole From Cult","damage_taken":0,"max_hp_gain":0,"max_hp_loss":0,"event_name":"Nest","floor":30,"gold_loss":0},{"damage_healed":0,"gold_gain":0,"player_choice":"Inject Mutagens","damage_taken":0,"relics_obtained":["MutagenicStrength"],"max_hp_gain":0,"max_hp_loss":0,"event_name":"Drug Dealer","floor":31,"gold_loss":0}],"is_beta":false,"boss_relics":[{"not_picked":["Ring of the Serpent","Fusion Hammer"],"picked":"Sozu"}],"items_purged_floors":[21],"is_endless":false,"potions_floor_spawned":[4,8,10,19,24],"killed_by":"Collector","ascension_level":0}