{"gold_per_floor":[109,122,87,87,87,100,100,25,101,101,51,51,76,94,94,225,225,225,225,225,225,225,225,225,225,225,225,138,138,138,88,88,88],"floor_reached":33,"playtime":1508,"items_purged":["Defend_B","Strike_B","Strike_B","Strike_B"],"score":329,"play_id":"85280bc1-8bc9-422a-b9c3-f14254a33259","local_time":"20180630074042","is_ascension_mode":true,"campfire_choices":[{"floor":7,"key":"DIG"},{"floor":10,"key":"DIG"},{"floor":12,"key":"DIG"},{"floor":15,"key":"REST"},{"data":"Zap","floor":23,"key":"SMITH"},{"data":"Dualcast","floor":25,"key":"SMITH"},{"floor":29,"key":"DIG"},{"floor":32,"key":"DIG"}],"neow_cost":"FIFTY_PERCENT_DAMAGE","seed_source_timestamp":191562781920,"circlet_count":0,"master_deck":["Strike_B","Defend_B","Defend_B","Defend_B","Zap+1","Dualcast+1","Sweeping Beam","Turbo","Undo","Go for the Eyes","Electrodynamics","All For One","Conserve Battery+1","Reprogram+1","Self Repair+1","Loop+1"],"relics":["Cracked Core","Shovel","Bloody Idol","Letter Opener","Smiling Mask","Thread and Needle","Unceasing Top","Ectoplasm","Oddly Smooth Stone","Frozen Egg 2","Ornamental Fan","Mummified Hand"],"potions_floor_usage":[16,16],"damage_taken":[{"damage":0,"enemies":"Small Slimes","floor":1,"turns":2},{"damage":2,"enemies":"Jaw Worm","floor":2,"turns":4},{"damage":1,"enemies":"Cultist","floor":6,"turns":3},{"damage":0,"enemies":"Looter","floor":13,"turns":2},{"damage":0,"enemies":"Blue Slaver","floor":14,"turns":2},{"damage":11,"enemies":"The Guardian","floor":16,"turns":15},{"damage":11,"enemies":"Spheric Guardian","floor":18,"turns":4},{"damage":3,"enemies":"3 Byrds","floor":19,"turns":4},{"damage":14,"enemies":"Snake Plant","floor":22,"turns":4},{"damage":30,"enemies":"Gremlin Leader","floor":24,"turns":6},{"damage":0,"enemies":"Snecko","floor":30,"turns":5},{"damage":39,"enemies":"Automaton","floor":33,"turns":6}],"seed_played":"4781374060452329427","potions_obtained":[{"floor":13,"key":"SpeedPotion"},{"floor":14,"key":"Weak Potion"},{"floor":18,"key":"FearPotion"},{"floor":19,"key":"Ancient Potion"}],"is_trial":false,"path_per_floor":["M","M","?","?","?","M","R","$","T","R","$","R","M","M","R","B",null,"M","M","?","?","M","R","E","R","T","?","$","R","M","$","R"],"character_chosen":"DEFECT","items_purchased":["Loop+1"],"campfire_rested":1,"item_purchase_floors":[28],"current_hp_per_floor":[34,32,50,50,50,49,49,49,49,49,49,49,49,49,69,58,66,55,52,52,69,55,55,25,25,25,25,25,25,35,35,35,0],"gold":88,"neow_bonus":"ONE_RARE_RELIC","is_prod":false,"is_daily":false,"chose_seed":false,"campfire_upgraded":2,"win_rate":0,"timestamp":1530358842,"path_taken":["M","M","?","?","?","M","R","$","T","R","?","R","M","?","R","BOSS","M","M","?","?","?","R","E","R","T","?","?","R","M","$","R","BOSS"],"build_version":"2018-06-28","purchased_purges":4,"victory":false,"max_hp_per_floor":[75,75,75,75,69,69,69,69,69,69,69,69,69,69,69,69,69,69,69,69,69,69,69,69,69,69,69,69,69,69,69,69,69],"card_choices":[{"not_picked":["Rebound","Turbo"],"picked":"Sweeping Beam","floor":1},{"not_picked":["Steam","Rebound"],"picked":"Turbo","floor":2},{"not_picked":["Compile Driver","Streamline"],"picked":"Undo","floor":6},{"not_picked":["Storm","Redo"],"picked":"Go for the Eyes","floor":13},{"not_picked":["Stack","Reinforced Body"],"picked":"Electrodynamics","floor":14},{"not_picked":["Electrodynamics","Rainbow"],"picked":"All For One","floor":16},{"not_picked":["Steam","Ball Lightning+1"],"picked":"Conserve Battery+1","floor":18},{"not_picked":["Streamline","Coolheaded"],"picked":"Reprogram+1","floor":19},{"not_picked":["Glacier","Amplify","Compile Driver"],"picked":"SKIP","floor":22},{"not_picked":["Compile Driver","White Noise"],"picked":"Self Repair+1","floor":24},{"not_picked":["Double Energy","Ball Lightning+1","Rip and Tear"],"picked":"SKIP","floor":30}],"player_experience":345944,"relics_obtained":[{"floor":7,"key":"Letter Opener"},{"floor":9,"key":"Smiling Mask"},{"floor":10,"key":"Thread and Needle"},{"floor":12,"key":"Unceasing Top"},{"floor":24,"key":"Oddly Smooth Stone"},{"floor":26,"key":"Frozen Egg 2"},{"floor":29,"key":"Ornamental Fan"},{"floor":32,"key":"Mummified Hand"}],"event_choices":[{"event_name":"The Cleric","player_choice":"Healed","floor":3,"damage_taken":0},{"event_name":"Liars Game","player_choice":"disagreed","floor":4,"damage_taken":0},{"event_name":"Golden Idol","player_choice":"Lose Max HP","floor":5,"damage_taken":0},{"event_name":"Forgotten Altar","player_choice":"Gave Idol","floor":20,"damage_taken":0},{"event_name":"The Library","player_choice":"Heal","floor":21,"damage_taken":0},{"event_name":"Beggar","player_choice":"Ignored","floor":27,"damage_taken":0}],"boss_relics":[{"not_picked":["Calling Bell","Tiny House"],"picked":"Ectoplasm"}],"items_purged_floors":[8,11,28,31],"is_endless":false,"potions_floor_spawned":[13,14,18,19],"killed_by":"Automaton","ascension_level":6}