{"path_per_floor":["M","M","M","$","M","E","?","R","T","E","R","E","$","E","R","B",null,"M","M","?","M","$","R","?","?","T","E","?","M","$","E","R","B",null,"M","?","$","?","M","R","E","R","T","E","M","M","R","E","R","B"],"character_chosen":"IRONCLAD","items_purchased":["War Paint","Corruption","Juzu Bracelet","Apotheosis"],"gold_per_floor":[218,230,245,21,41,71,135,135,216,248,248,278,102,136,136,239,239,259,273,273,284,15,15,15,15,90,119,119,133,133,162,162,262,262,282,282,100,100,119,119,151,151,151,186,198,215,215,250,250,250],"floor_reached":51,"campfire_rested":4,"playtime":4919,"current_hp_per_floor":[72,77,80,80,75,61,67,67,67,56,56,70,70,70,70,52,89,87,51,51,53,53,53,53,38,38,32,32,38,38,27,72,28,103,64,64,64,54,44,44,18,66,66,63,42,46,95,51,100,59],"items_purged":["Strike_R","Defend_R","Strike_R"],"gold":250,"play_id":"b9dcf059-bf12-4af5-b69b-94c1f43621b6","is_prod":false,"is_daily":false,"is_ascension_mode":true,"campfire_upgraded":5,"path_taken":["M","M","M","$","M","E","?","R","T","E","R","E","?","E","R","BOSS","M","M","?","M","$","R","?","?","T","E","?","M","?","E","R","BOSS","M","?","$","?","M","R","E","R","T","E","M","M","R","E","R","BOSS"],"build_version":"2018-02-01-PROD3","purchased_purges":3,"victory":true,"master_deck":["Bash","Feel No Pain","Uppercut","Seeing Red+1","Clash+1","Dark Embrace+1","Headbutt","Feed","Rampage","Corruption+1","Seeing Red","Warcry","Decay","Cleave+1","Clash","Exhume","Dropkick","Dropkick","Burning Pact","Iron Wave+1","Dual Wield+1","Apotheosis","Madness","Madness","Clash+1","Sentinel+1","Pain","Warcry+1","Second Wind"],"max_hp_per_floor":[80,80,80,80,80,80,80,80,80,80,80,83,83,86,86,89,89,92,92,92,92,92,92,92,97,97,100,100,100,100,103,103,103,103,106,106,106,106,110,110,110,110,110,110,110,114,114,114,114,114],"relics":["Burning Blood","War Paint","Toolbox","Bag of Preparation","Kunai","Vajra","Bronze Scales","Red Skull","Cursed Key","Juzu Bracelet","Pantograph","Bottled Flame","Regal Pillow","Pandora\u0027s Box","Pen Nib","Lantern","Dodecahedron","Frozen Egg 2"],"card_choices":[{"not_picked":["Havoc","Cleave"],"picked":"Feel No Pain"},{"not_picked":["Clothesline","Thunderclap"],"picked":"Uppercut"},{"not_picked":["Clash","Sentinel"],"picked":"Seeing Red"},{"not_picked":["Flex","Thunderclap"],"picked":"Clash"},{"not_picked":["Rampage","Second Wind"],"picked":"Dark Embrace"},{"not_picked":["Flex","Shrug It Off"],"picked":"Headbutt"},{"not_picked":["Anger","Pommel Strike"],"picked":"Feed"},{"not_picked":["Cleave","Sword Boomerang"],"picked":"Rampage"},{"not_picked":["Intimidate","Disarm"],"picked":"Seeing Red"},{"not_picked":["Pommel Strike","Shrug It Off"],"picked":"Evolve"},{"not_picked":["Headbutt","Perfected Strike"],"picked":"Warcry"},{"not_picked":["Perfected Strike","Searing Blow"],"picked":"Cleave"},{"not_picked":["Reckless Charge","Heavy Blade"],"picked":"Clash"},{"not_picked":["Limit Break","Brutality"],"picked":"Exhume"},{"not_picked":["Pommel Strike","True Grit"],"picked":"Dual Wield"},{"not_picked":["Sword Boomerang","Havoc"],"picked":"Clash"},{"not_picked":["Barricade","Rampage"],"picked":"Sentinel"},{"not_picked":["Power Through","Metallicize"],"picked":"Warcry"},{"not_picked":["Headbutt","Clash"],"picked":"Second Wind"}],"player_experience":128344,"potions_floor_usage":[7,12,16,21,27,27,31,31,48,48,50,50],"damage_taken":[{"damage":14,"enemies":"Jaw Worm","floor":1,"turns":5},{"damage":1,"enemies":"Cultist","floor":2,"turns":3},{"damage":0,"enemies":"2 Louse","floor":3,"turns":3},{"damage":11,"enemies":"Looter","floor":5,"turns":3},{"damage":20,"enemies":"Gremlin Nob","floor":6,"turns":4},{"damage":0,"enemies":"3 Sentries","floor":7,"turns":7},{"damage":17,"enemies":"Lagavulin","floor":10,"turns":7},{"damage":10,"enemies":"3 Sentries","floor":12,"turns":9},{"damage":9,"enemies":"Lagavulin","floor":14,"turns":7},{"damage":27,"enemies":"The Guardian","floor":16,"turns":7},{"damage":11,"enemies":"Spheric Guardian","floor":18,"turns":3},{"damage":42,"enemies":"Chosen","floor":19,"turns":4},{"damage":4,"enemies":"Snake Plant","floor":21,"turns":4},{"damage":15,"enemies":"Book of Stabbing","floor":27,"turns":4},{"damage":0,"enemies":"Centurion and Healer","floor":29,"turns":3},{"damage":24,"enemies":"Slavers","floor":31,"turns":3},{"damage":79,"enemies":"Champ","floor":33,"turns":10},{"damage":48,"enemies":"3 Darklings","floor":35,"turns":5},{"damage":20,"enemies":"3 Shapes","floor":39,"turns":5},{"damage":32,"enemies":"Nemesis","floor":41,"turns":7},{"damage":9,"enemies":"Giant Head","floor":44,"turns":6},{"damage":27,"enemies":"Sphere and 2 Shapes","floor":45,"turns":3},{"damage":6,"enemies":"3 Darklings","floor":46,"turns":2},{"damage":50,"enemies":"2 Orb Walkers","floor":48,"turns":6},{"damage":61,"enemies":"Time Eater","floor":50,"turns":8}],"event_choices":[{"event_name":"Dead Adventurer","player_choice":"Searched \u00272\u0027 times","floor":7,"damage_taken":0},{"event_name":"Vampires","player_choice":"Ignored","floor":20,"damage_taken":0},{"event_name":"Back to Basics","player_choice":"Elegance","floor":24,"damage_taken":0},{"event_name":"Forgotten Altar","player_choice":"Shed Blood","floor":25,"damage_taken":0},{"event_name":"Purifier","player_choice":"One Purge","floor":28,"damage_taken":0},{"event_name":"Wheel of Change","player_choice":"Card Removal","floor":36,"damage_taken":0},{"event_name":"Winding Halls","player_choice":"Embrace Madness","floor":38,"damage_taken":0}],"boss_relics":[{"not_picked":["Black Star","Orrery"],"picked":"Cursed Key"},{"not_picked":["Sozu","Tiny House"],"picked":"Pandora\u0027s Box"}],"potions_floor_spawned":[2,5,10,14,16,18,19,21,27,33,44,45,46,48],"seed_played":"6116949395182341596","ascension_level":2,"is_trial":false}