{"gold_per_floor":[110,35,35,47,65,65,100,100,100,134,153,166,66,83,83,178,178,189,189,189,189,64,64,93,106,133,133,133,194,213,228,228,332,332,352,352,202,202,218,218,249,267,267,282,282,282,107,0,0,0],"floor_reached":50,"playtime":3042,"items_purged":["Strike_B","Defend_B","Writhe","Strike_B","Strike_B"],"score":568,"play_id":"8b90f383-270e-4961-9f0b-9ddf8476d3ee","local_time":"20180820235347","is_ascension_mode":false,"campfire_choices":[{"data":"Dualcast","floor":6,"key":"SMITH"},{"data":"Auto Shields","floor":8,"key":"SMITH"},{"data":"Go for the Eyes","floor":15,"key":"SMITH"},{"data":"Rainbow","floor":23,"key":"SMITH"},{"floor":27,"key":"REST"},{"floor":32,"key":"REST"},{"floor":40,"key":"REST"},{"floor":46,"key":"REST"},{"floor":49,"key":"REST"}],"neow_cost":"NONE","seed_source_timestamp":100644910194966,"circlet_count":0,"master_deck":["Defend_B","Defend_B","Defend_B+1","Zap+1","Dualcast+1","Rainbow+1","Auto Shields+1","Electrodynamics+1","White Noise","Go for the Eyes+1","All For One","Force Field+1","Streamline","Fission","Fusion","Madness","Madness","Mind Blast"],"relics":["Cracked Core","NlothsMask","Bag of Preparation","Bronze Scales","Snecko Eye","Juzu Bracelet","Blood Vial","War Paint","Tiny Chest","Empty Cage","Dodecahedron","Bottled Flame","Pen Nib","Red Mask"],"potions_floor_usage":[10,10,16,18,33,33,41,50,50],"damage_taken":[{"damage":0,"enemies":"Small Slimes","floor":1,"turns":3},{"damage":0,"enemies":"Cultist","floor":4,"turns":3},{"damage":0,"enemies":"Jaw Worm","floor":5,"turns":3},{"damage":6,"enemies":"3 Sentries","floor":7,"turns":8},{"damage":17,"enemies":"Lagavulin","floor":10,"turns":4},{"damage":0,"enemies":"Exordium Wildlife","floor":11,"turns":2},{"damage":0,"enemies":"Large Slime","floor":12,"turns":4},{"damage":13,"enemies":"Lots of Slimes","floor":14,"turns":2},{"damage":0,"enemies":"Slime Boss","floor":16,"turns":9},{"damage":18,"enemies":"Shell Parasite","floor":18,"turns":4},{"damage":36,"enemies":"Book of Stabbing","floor":24,"turns":5},{"damage":0,"enemies":"2 Thieves","floor":25,"turns":3},{"damage":34,"enemies":"Slavers","floor":29,"turns":3},{"damage":0,"enemies":"Sentry and Sphere","floor":30,"turns":3},{"damage":6,"enemies":"Snecko","floor":31,"turns":3},{"damage":19,"enemies":"Collector","floor":33,"turns":8},{"damage":0,"enemies":"3 Darklings","floor":35,"turns":3},{"damage":14,"enemies":"3 Shapes","floor":39,"turns":3},{"damage":30,"enemies":"2 Orb Walkers","floor":41,"turns":3},{"damage":1,"enemies":"3 Darklings","floor":42,"turns":2},{"damage":14,"enemies":"Transient","floor":44,"turns":5},{"damage":70,"enemies":"Time Eater","floor":50,"turns":10}],"seed_played":"4572498138269737833","potions_obtained":[{"floor":5,"key":"Swift Potion"},{"floor":7,"key":"AttackPotion"},{"floor":14,"key":"Weak Potion"},{"floor":16,"key":"GamblersBrew"},{"floor":25,"key":"PowerPotion"},{"floor":29,"key":"LiquidBronze"},{"floor":31,"key":"EssenceOfSteel"},{"floor":39,"key":"GamblersBrew"},{"floor":41,"key":"Ancient Potion"}],"is_trial":false,"path_per_floor":["M","$","?","M","M","R","E","R","T","E","M","M","$","M","R","B",null,"M","?","?","?","$","R","E","M","T","R","$","E","M","M","R","B",null,"M","T","$","?","M","R","E","M","T","M","?","R","$","?","R"],"character_chosen":"DEFECT","items_purchased":[],"campfire_rested":5,"item_purchase_floors":[],"current_hp_per_floor":[75,75,75,75,75,75,69,69,69,52,52,52,52,39,39,39,75,64,64,64,64,64,64,28,30,30,52,52,20,22,18,40,23,75,75,75,75,75,61,75,45,46,46,34,24,46,46,46,68,0],"gold":0,"neow_bonus":"ONE_RANDOM_RARE_CARD","is_prod":false,"is_daily":false,"chose_seed":false,"campfire_upgraded":4,"win_rate":0,"timestamp":1534805627,"path_taken":["M","$","?","?","M","R","E","R","T","E","M","M","$","M","R","BOSS","M","?","?","?","$","R","E","M","T","R","$","E","M","M","R","BOSS","M","?","$","?","M","R","E","M","T","M","?","R","$","?","R","BOSS"],"build_version":"2018-08-16","purchased_purges":5,"victory":false,"max_hp_per_floor":[75,75,75,75,75,75,75,75,75,75,75,75,75,75,75,75,75,75,75,75,75,75,75,75,75,75,75,75,75,75,75,75,75,75,75,75,75,75,75,75,75,75,75,75,75,75,75,75,75,75],"card_choices":[{"not_picked":["Turbo","Force Field","Blizzard"],"picked":"SKIP","floor":1},{"not_picked":["Turbo","Lockon"],"picked":"Auto Shields","floor":4},{"not_picked":["Rebound","Hologram","Steam"],"picked":"SKIP","floor":5},{"not_picked":["Fusion","Barrage"],"picked":"Gash","floor":7},{"not_picked":["Conserve Battery","Cold Snap"],"picked":"Electrodynamics","floor":10},{"not_picked":["Hologram","Heatsinks"],"picked":"White Noise","floor":11},{"not_picked":["Hologram","Beam Cell","Blizzard"],"picked":"SKIP","floor":12},{"not_picked":["Rebound","Leap"],"picked":"Go for the Eyes","floor":14},{"not_picked":["Meteor Strike","Thunder Strike"],"picked":"All For One","floor":16},{"not_picked":["Recycle","Steam"],"picked":"Force Field","floor":18},{"not_picked":["Redo","Coolheaded","Ball Lightning"],"picked":"SKIP","floor":24},{"not_picked":["White Noise","Steam Power","Rebound+1"],"picked":"SKIP","floor":25},{"not_picked":["Hologram","Barrage+1","Tempest"],"picked":"SKIP","floor":29},{"not_picked":["Stack","Conserve Battery","Go for the Eyes+1"],"picked":"SKIP","floor":30},{"not_picked":["Redo","Self Repair+1"],"picked":"Streamline","floor":31},{"not_picked":["All For One","Hyperbeam"],"picked":"Fission","floor":33},{"not_picked":["Sweeping Beam+1","Gash+1","Turbo"],"picked":"SKIP","floor":35},{"not_picked":["Cold Snap","Go for the Eyes+1","Rebound"],"picked":"SKIP","floor":39},{"not_picked":["Conserve Battery+1","Hyperbeam","Sweeping Beam"],"picked":"SKIP","floor":41},{"not_picked":["Leap+1","Consume","Gash"],"picked":"SKIP","floor":42},{"not_picked":["Steam","Gash"],"picked":"Fusion","floor":44},{"not_picked":["Dark Shackles","Good Instincts"],"picked":"Madness","floor":45},{"not_picked":["Secret Technique","Finesse"],"picked":"Madness","floor":45},{"not_picked":["Jack Of All Trades","Deep Breath"],"picked":"Mind Blast","floor":45}],"player_experience":456635,"relics_obtained":[{"floor":7,"key":"Bag of Preparation"},{"floor":10,"key":"Bronze Scales"},{"floor":24,"key":"Blood Vial"},{"floor":26,"key":"War Paint"},{"floor":29,"key":"Tiny Chest"},{"floor":36,"key":"Dodecahedron"},{"floor":41,"key":"Bottled Flame"},{"floor":43,"key":"Pen Nib"}],"event_choices":[{"event_name":"FaceTrader","player_choice":"Trade","floor":3,"damage_taken":0},{"event_name":"Upgrade Shrine","player_choice":"Upgraded","floor":19,"damage_taken":0},{"event_name":"The Mausoleum","player_choice":"Yes","floor":20,"damage_taken":0},{"event_name":"Accursed Blacksmith","player_choice":"Forge","floor":21,"damage_taken":0},{"event_name":"Falling","player_choice":"Removed Attack","floor":38,"damage_taken":0},{"event_name":"SensoryStone","player_choice":"Memory 3","floor":45,"damage_taken":0},{"event_name":"Tomb of Lord Red Mask","player_choice":"Paid","floor":48,"damage_taken":0}],"is_beta":false,"boss_relics":[{"not_picked":["FrozenCore","Tiny House"],"picked":"Snecko Eye"},{"not_picked":["Runic Pyramid","Orrery"],"picked":"Empty Cage"}],"items_purged_floors":[2,13,22,37,47],"is_endless":false,"potions_floor_spawned":[5,7,14,16,25,29,31,39,41],"killed_by":"Time Eater","ascension_level":0}