{"gold_per_floor":[110,110,110,28,39,73,6,17,40,57,57,57,86,86,86,190,190,204,204,204,214,234,234,234,234,234,149,149,175,30,30,30,30],"floor_reached":33,"playtime":1381,"items_purged":[],"score":294,"play_id":"f3b7cf97-468b-4094-a508-b6f212c4ac05","local_time":"20190523031808","is_ascension_mode":false,"campfire_choices":[{"floor":15,"key":"REST"},{"floor":23,"key":"REST"},{"data":"Infinite Blades","floor":25,"key":"SMITH"},{"floor":28,"key":"RECALL"},{"floor":32,"key":"REST"}],"neow_cost":"TEN_PERCENT_HP_LOSS","seed_source_timestamp":554962511032999,"circlet_count":0,"master_deck":["Defend_G","Defend_G+1","Defend_G","Defend_G+1","Strike_G","Strike_G","Strike_G","Strike_G","Survivor","Neutralize","Blade Dance","Noxious Fumes","Accuracy","Cloak And Dagger","Infinite Blades+1","PiercingWail","Prepared","Bouncing Flask+1","Corpse Explosion","Crippling Poison+1"],"relics":["Ring of the Snake","Dead Branch","Tingsha","Vajra","Happy Flower","Centennial Puzzle","White Beast Statue","MutagenicStrength","Bag of Preparation","Omamori","Torii","War Paint","Dream Catcher"],"potions_floor_usage":[13,13,22,33,33,33],"damage_taken":[{"damage":5,"enemies":"Jaw Worm","floor":1,"turns":5},{"damage":0,"enemies":"2 Louse","floor":5,"turns":3},{"damage":17,"enemies":"Lagavulin","floor":6,"turns":8},{"damage":0,"enemies":"Small Slimes","floor":8,"turns":3},{"damage":8,"enemies":"2 Fungi Beasts","floor":10,"turns":3},{"damage":8,"enemies":"Gremlin Nob","floor":13,"turns":3},{"damage":4,"enemies":"Hexaghost","floor":16,"turns":8},{"damage":13,"enemies":"Shell Parasite","floor":18,"turns":6},{"damage":3,"enemies":"Chosen","floor":21,"turns":5},{"damage":19,"enemies":"3 Cultists","floor":22,"turns":4},{"damage":47,"enemies":"Gremlin Leader","floor":29,"turns":6},{"damage":49,"enemies":"Champ","floor":33,"turns":8}],"seed_played":"-4827950021413744380","potions_obtained":[{"floor":1,"key":"SkillPotion"},{"floor":5,"key":"EssenceOfSteel"},{"floor":13,"key":"Explosive Potion"},{"floor":18,"key":"EssenceOfSteel"},{"floor":20,"key":"Poison Potion"},{"floor":22,"key":"SteroidPotion"}],"is_trial":false,"path_per_floor":["M","?","T","$","M","E","$","M","T","M","?","?","E","?","R","B",null,"M","?","?","M","M","R","?","R","T","?","R","E","$","T","R","B"],"character_chosen":"THE_SILENT","items_purchased":["Noxious Fumes","Infinite Blades","War Paint"],"campfire_rested":3,"item_purchase_floors":[4,7,30],"current_hp_per_floor":[58,55,55,55,55,38,38,38,38,30,23,44,36,36,54,50,63,50,50,50,47,28,46,63,63,63,63,63,16,16,16,34,0],"gold":30,"neow_bonus":"ONE_RARE_RELIC","is_prod":false,"is_daily":false,"chose_seed":false,"campfire_upgraded":1,"win_rate":0,"timestamp":1558610288,"path_taken":["M","?","?","$","M","E","?","M","T","M","?","?","E","?","R","BOSS","M","?","?","?","M","R","?","R","T","?","R","E","$","?","R","BOSS"],"build_version":"2019-01-23","purchased_purges":0,"victory":false,"max_hp_per_floor":[63,63,63,63,63,63,63,63,63,63,63,63,63,63,63,63,63,63,63,63,63,63,63,63,63,63,63,63,63,63,63,63,63],"card_choices":[{"not_picked":["Concentrate","Sucker Punch"],"picked":"Blade Dance","floor":1},{"not_picked":["Deflect","Dodge and Roll"],"picked":"Accuracy","floor":5},{"not_picked":["A Thousand Cuts","Caltrops"],"picked":"Cloak And Dagger","floor":6},{"not_picked":["Dagger Throw","Sucker Punch","Quick Slash"],"picked":"SKIP","floor":8},{"not_picked":["Flying Knee","Quick Slash"],"picked":"PiercingWail","floor":10},{"not_picked":["Acrobatics","Leg Sweep","Sucker Punch"],"picked":"SKIP","floor":13},{"not_picked":["Reflex+1","Cloak And Dagger"],"picked":"Prepared","floor":18},{"not_picked":["Underhanded Strike","Sucker Punch+1"],"picked":"Bouncing Flask+1","floor":21},{"not_picked":["Blade Dance","Heel Hook"],"picked":"Corpse Explosion","floor":22},{"not_picked":["Deflect+1","Die Die Die"],"picked":"Crippling Poison+1","floor":29}],"player_experience":409708,"relics_obtained":[{"floor":6,"key":"Vajra"},{"floor":9,"key":"Happy Flower"},{"floor":13,"key":"Centennial Puzzle"},{"floor":26,"key":"Bag of Preparation"},{"floor":29,"key":"Torii"},{"floor":31,"key":"Dream Catcher"}],"event_choices":[{"damage_healed":0,"gold_gain":0,"player_choice":"Success","damage_taken":3,"relics_obtained":["Tingsha"],"max_hp_gain":0,"max_hp_loss":0,"event_name":"Scrap Ooze","floor":2,"gold_loss":0},{"cards_removed":["Defend_G"],"damage_healed":0,"gold_gain":0,"player_choice":"Card Removal","damage_taken":7,"max_hp_gain":0,"max_hp_loss":0,"event_name":"Golden Wing","floor":11,"gold_loss":0},{"damage_healed":21,"gold_gain":0,"player_choice":"Banana","damage_taken":0,"max_hp_gain":0,"max_hp_loss":0,"event_name":"Big Fish","floor":12,"gold_loss":0},{"cards_removed":["Strike_G"],"damage_healed":0,"gold_gain":0,"player_choice":"Purged","damage_taken":0,"max_hp_gain":0,"max_hp_loss":0,"event_name":"Purifier","floor":14,"gold_loss":0},{"damage_healed":0,"gold_gain":0,"player_choice":"Inject Mutagens","damage_taken":0,"relics_obtained":["MutagenicStrength"],"max_hp_gain":0,"max_hp_loss":0,"event_name":"Drug Dealer","floor":19,"gold_loss":0},{"damage_healed":0,"gold_gain":0,"player_choice":"Got Potions","damage_taken":0,"max_hp_gain":0,"max_hp_loss":0,"event_name":"Lab","floor":20,"gold_loss":0},{"damage_healed":21,"gold_gain":0,"player_choice":"Heal","damage_taken":0,"max_hp_gain":0,"max_hp_loss":0,"event_name":"The Library","floor":24,"gold_loss":0},{"damage_healed":0,"gold_gain":0,"player_choice":"Obtained Relic","damage_taken":0,"relics_obtained":["Omamori"],"max_hp_gain":0,"max_hp_loss":0,"event_name":"Addict","floor":27,"gold_loss":85}],"is_beta":false,"boss_relics":[{"not_picked":["Runic Pyramid","Busted Crown"],"picked":"White Beast Statue"}],"items_purged_floors":[],"is_endless":false,"potions_floor_spawned":[1,5,13,18,21,22,29],"killed_by":"Champ","ascension_level":0}