{"path_per_floor":["M","M","M","M","?","R","E","R","T","R","$","?","R","E","R","B",null,"M","?","$","$","M","R","E","M","T","M","M","M","R","E","R","B",null,"M","M","?","M","M","E","R","M","T","?","E","R","?","M","R","B"],"character_chosen":"THE_SILENT","items_purchased":["Footwork"],"gold_per_floor":[119,137,148,166,116,116,146,146,146,146,74,74,74,107,107,205,205,205,205,130,30,0,0,0,0,0,0,0,0,0,0,0,0,0,0,0,0,0,0,0,0,0,0,0,0,0,0,0,0,0],"floor_reached":51,"campfire_rested":3,"playtime":3819,"current_hp_per_floor":[62,62,57,56,56,56,50,50,50,50,50,70,70,49,49,48,65,65,52,52,52,66,66,63,63,70,70,70,68,68,50,74,73,80,74,74,74,71,51,48,72,71,71,71,12,36,72,72,72,49],"items_purged":["Defend_G","Strike_G"],"gold":0,"score":836,"play_id":"d6cf577a-d374-4615-9235-f91cf63cd411","is_prod":false,"is_daily":false,"is_ascension_mode":true,"campfire_upgraded":7,"path_taken":["M","M","M","M","?","R","E","R","T","R","$","?","R","E","R","BOSS","M","?","?","$","M","R","E","M","T","M","?","M","R","E","R","BOSS","M","M","?","M","M","E","R","M","T","?","E","R","?","?","R","BOSS"],"build_version":"2018-02-22-PROD2","purchased_purges":2,"victory":true,"master_deck":["Defend_G","Defend_G","Defend_G","Defend_G","Strike_G","Strike_G","Survivor+1","Neutralize+1","Parasite","Leg Sweep+1","Quick Slash","Dash+1","Dash+1","Acrobatics+1","Footwork+1","Well Laid Plans+1","After Image+1","Backstab+1","All Out Attack+1","Backflip","Terror+1","Outmaneuver+1","Tools of the Trade+1","Malaise+1","Caltrops+1","Backstab+1"],"max_hp_per_floor":[70,70,70,70,70,70,70,70,70,70,70,70,70,70,70,70,70,70,75,75,75,75,75,75,75,82,82,82,82,82,82,82,82,82,82,82,82,82,82,82,82,82,82,82,82,82,72,72,72,72],"relics":["Question Card","Frozen Egg 2","Torii","Prayer Wheel","Ectoplasm","Oddly Smooth Stone","Strawberry","Dead Branch","Velvet Choker","Red Mask","Bag of Marbles","Girya","Omamori"],"card_choices":[{"not_picked":["Flying Knee","Bane","Acrobatics"],"picked":"Leg Sweep"},{"not_picked":["Leg Sweep","PiercingWail","Sucker Punch"],"picked":"Quick Slash"},{"not_picked":["Backflip","Sucker Punch","Bouncing Flask"],"picked":"Dash"},{"not_picked":["Deflect","A Thousand Cuts","PiercingWail"],"picked":"Dash"},{"not_picked":["Deadly Poison","Riddle With Holes","Flechettes"],"picked":"Acrobatics"},{"not_picked":["Concentrate","Endless Agony","Prepared"],"picked":"Well Laid Plans"},{"not_picked":["Corpse Explosion","Night Terror","Venomology"],"picked":"After Image"},{"not_picked":["Dodge and Roll","Dagger Throw","Concentrate"],"picked":"Backstab"},{"not_picked":["Outmaneuver","Riddle With Holes","Infinite Blades"],"picked":"All Out Attack"},{"not_picked":["Outmaneuver","Doppelganger","Quick Slash"],"picked":"Backflip"},{"not_picked":["Backflip","Catalyst","Dagger Spray"],"picked":"Terror"},{"not_picked":["Acrobatics","Underhanded Strike","Crippling Poison"],"picked":"Outmaneuver"},{"not_picked":["Storm of Steel","Doppelganger","Night Terror"],"picked":"Tools of the Trade"},{"not_picked":["Catalyst","Dash","Cloak And Dagger"],"picked":"Malaise"},{"not_picked":["Outmaneuver","Poisoned Stab","Dagger Throw"],"picked":"Caltrops"},{"not_picked":["Grand Finale","Dash","Poisoned Stab"],"picked":"Backstab"}],"player_experience":252503,"potions_floor_usage":[16,22,22,29,29,31,40,45,48,50,50],"damage_taken":[{"damage":1,"enemies":"Small Slimes","floor":1,"turns":4},{"damage":0,"enemies":"2 Louse","floor":2,"turns":3},{"damage":5,"enemies":"Jaw Worm","floor":3,"turns":6},{"damage":1,"enemies":"3 Louse","floor":4,"turns":4},{"damage":6,"enemies":"Gremlin Nob","floor":7,"turns":6},{"damage":21,"enemies":"Lagavulin","floor":14,"turns":9},{"damage":1,"enemies":"The Guardian","floor":16,"turns":20},{"damage":0,"enemies":"Shell Parasite","floor":18,"turns":8},{"damage":1,"enemies":"2 Thieves","floor":22,"turns":5},{"damage":3,"enemies":"Book of Stabbing","floor":24,"turns":9},{"damage":0,"enemies":"Snake Plant","floor":25,"turns":6},{"damage":0,"enemies":"Snecko","floor":27,"turns":6},{"damage":0,"enemies":"Centurion and Healer","floor":28,"turns":7},{"damage":2,"enemies":"Slaver and Parasite","floor":29,"turns":9},{"damage":18,"enemies":"Gremlin Leader","floor":31,"turns":9},{"damage":1,"enemies":"Champ","floor":33,"turns":15},{"damage":6,"enemies":"3 Shapes","floor":35,"turns":5},{"damage":0,"enemies":"Orb Walker","floor":36,"turns":4},{"damage":3,"enemies":"Maw","floor":38,"turns":10},{"damage":20,"enemies":"Sphere and 2 Shapes","floor":39,"turns":8},{"damage":3,"enemies":"2 Orb Walkers","floor":40,"turns":7},{"damage":1,"enemies":"4 Shapes","floor":42,"turns":6},{"damage":59,"enemies":"Giant Head","floor":45,"turns":14},{"damage":0,"enemies":"3 Darklings","floor":48,"turns":4},{"damage":23,"enemies":"Time Eater","floor":50,"turns":15}],"event_choices":[{"event_name":"The Cleric","player_choice":"Card Removal","floor":5,"damage_taken":0},{"event_name":"Big Fish","player_choice":"Banana","floor":12,"damage_taken":0},{"event_name":"Forgotten Altar","player_choice":"Shed Blood","floor":19,"damage_taken":0},{"event_name":"Tomb of Lord Red Mask","player_choice":"Paid","floor":37,"damage_taken":0},{"event_name":"The Moai Head","player_choice":"Heal","floor":47,"damage_taken":0}],"boss_relics":[{"not_picked":["The Specimen","Lizard Tail"],"picked":"Ectoplasm"},{"not_picked":["White Beast Statue","Orrery"],"picked":"Velvet Choker"}],"potions_floor_spawned":[3,7,14,16,22,24,29,31,33,36,40,42,45,48],"seed_played":"-9066087085933713984","ascension_level":10,"is_trial":false}