{"gold_per_floor":[18,38,38,56,56,56,87,87,112,130,130,163,6,16,16,117,117,137,162,180,180,180,210,210,59,84,111,111,127,127,144,144,249,249,266,488,488,502,502,502,533,548,575,575,588,588,261,261,261,261],"floor_reached":51,"playtime":3010,"items_purged":[],"score":776,"play_id":"c34762b3-1ef1-4130-9370-76ca871492a8","local_time":"20190523183609","is_ascension_mode":false,"campfire_choices":[{"data":"Blur","floor":6,"key":"SMITH"},{"data":"Accuracy","floor":8,"key":"SMITH"},{"data":"Terror","floor":15,"key":"SMITH"},{"floor":24,"key":"REST"},{"data":"Blade Dance","floor":28,"key":"SMITH"},{"data":"Distraction","floor":32,"key":"SMITH"},{"floor":40,"key":"REST"},{"floor":44,"key":"REST"},{"floor":49,"key":"REST"}],"neow_cost":"NO_GOLD","seed_source_timestamp":608402224596900,"circlet_count":0,"master_deck":["Defend_G","Defend_G","Defend_G","Survivor","Neutralize+1","Accuracy+1","Cloak And Dagger","Blur+1","Backstab+1","Terror+1","Cloak And Dagger","Blade Dance+1","Envenom+1","Distraction+1","Dash+1","Dodge and Roll","Crippling Poison+1","Distraction+1","Bite","Bite","Bite","Bite","Bite","Backstab+1","Backstab+1","Dodge and Roll+1","All Out Attack+1","A Thousand Cuts","Madness","Madness","Accuracy"],"relics":["Ring of the Serpent","Thread and Needle","Omamori","Whetstone","Ginger","Mango","Oddly Smooth Stone","Astrolabe","Red Mask","Regal Pillow","Mercury Hourglass","Bronze Scales","Juzu Bracelet","Potion Belt","Molten Egg 2","Smiling Mask","Centennial Puzzle","Snake Skull"],"potions_floor_usage":[3,16,16,18,33,33,45,50,50,50,50],"damage_taken":[{"damage":0,"enemies":"Jaw Worm","floor":1,"turns":4},{"damage":0,"enemies":"Cultist","floor":2,"turns":6},{"damage":0,"enemies":"Small Slimes","floor":4,"turns":4},{"damage":5,"enemies":"3 Sentries","floor":7,"turns":14},{"damage":0,"enemies":"2 Fungi Beasts","floor":10,"turns":3},{"damage":0,"enemies":"Lagavulin","floor":12,"turns":8},{"damage":0,"enemies":"Blue Slaver","floor":14,"turns":2},{"damage":0,"enemies":"Slime Boss","floor":16,"turns":14},{"damage":11,"enemies":"2 Thieves","floor":18,"turns":5},{"damage":15,"enemies":"Masked Bandits","floor":19,"turns":4},{"damage":3,"enemies":"Chosen","floor":20,"turns":5},{"damage":26,"enemies":"Gremlin Leader","floor":23,"turns":7},{"damage":0,"enemies":"Snecko","floor":29,"turns":4},{"damage":1,"enemies":"Snake Plant","floor":31,"turns":3},{"damage":31,"enemies":"Automaton","floor":33,"turns":9},{"damage":0,"enemies":"Orb Walker","floor":35,"turns":3},{"damage":19,"enemies":"3 Darklings","floor":38,"turns":4},{"damage":58,"enemies":"Nemesis","floor":41,"turns":9},{"damage":3,"enemies":"Writhing Mass","floor":42,"turns":5},{"damage":0,"enemies":"Jaw Worm Horde","floor":45,"turns":5},{"damage":39,"enemies":"Donu and Deca","floor":50,"turns":8}],"seed_played":"9084229605491697016","potions_obtained":[{"floor":1,"key":"SkillPotion"},{"floor":3,"key":"Fruit Juice"},{"floor":3,"key":"Poison Potion"},{"floor":3,"key":"EssenceOfSteel"},{"floor":16,"key":"Swift Potion"},{"floor":18,"key":"Energy Potion"},{"floor":20,"key":"AttackPotion"},{"floor":29,"key":"Poison Potion"},{"floor":35,"key":"SteroidPotion"},{"floor":41,"key":"Block Potion"}],"is_trial":false,"path_per_floor":["M","M","?","M","$","R","E","R","T","M","?","E","$","M","R","B",null,"M","?","M","?","T","E","R","$","T","T","R","M","?","M","R","B",null,"M","?","T","M","?","R","E","M","T","R","M","?","$","?","R","B",null],"character_chosen":"THE_SILENT","items_purchased":["Oddly Smooth Stone","Juzu Bracelet","Snake Skull","Accuracy","Block Potion","Poison Potion"],"campfire_rested":4,"item_purchase_floors":[13,25,47,47,47,47],"current_hp_per_floor":[70,70,75,75,75,75,70,70,70,70,70,84,84,84,84,84,89,78,63,60,60,60,34,75,75,75,75,75,75,62,62,62,41,62,62,62,62,47,47,62,10,11,11,44,54,46,46,46,62,31],"gold":261,"neow_bonus":"ONE_RARE_RELIC","is_prod":false,"is_daily":false,"chose_seed":false,"campfire_upgraded":5,"win_rate":0,"timestamp":1558665369,"path_taken":["M","M","?","?","?","R","E","R","T","M","?","E","$","M","R","BOSS","M","?","M","?","?","E","R","$","T","?","R","M","?","M","R","BOSS","M","?","?","M","?","R","E","M","T","R","M","?","$","?","R","BOSS"],"build_version":"2019-01-23","purchased_purges":0,"victory":true,"max_hp_per_floor":[70,70,75,75,75,75,75,75,75,75,75,89,89,89,89,89,89,89,89,89,89,89,89,89,89,89,89,89,89,62,62,62,62,62,62,62,62,62,62,62,62,62,62,62,62,62,62,62,62,62],"card_choices":[{"not_picked":["Eviscerate","Sucker Punch"],"picked":"Accuracy","floor":1},{"not_picked":["Eviscerate","Footwork"],"picked":"Cloak And Dagger","floor":2},{"not_picked":["Predator","Dagger Spray"],"picked":"Blur","floor":4},{"not_picked":["Blur","Endless Agony"],"picked":"Backstab","floor":7},{"not_picked":["Flying Knee","Poisoned Stab"],"picked":"Terror","floor":10},{"not_picked":["Adrenaline","Blade Dance"],"picked":"Cloak And Dagger","floor":12},{"not_picked":["Underhanded Strike","Leg Sweep"],"picked":"Blade Dance","floor":14},{"not_picked":["Bouncing Flask","Acrobatics+1"],"picked":"Dash+1","floor":18},{"not_picked":["Eviscerate+1","Escape Plan+1"],"picked":"Dodge and Roll","floor":19},{"not_picked":["PiercingWail","Acrobatics"],"picked":"Crippling Poison+1","floor":20},{"not_picked":["Choke","PiercingWail+1","Deadly Poison"],"picked":"SKIP","floor":23},{"not_picked":["Prepared","Dagger Throw"],"picked":"Distraction","floor":29},{"not_picked":["Deflect","PiercingWail"],"picked":"Backstab+1","floor":31},{"not_picked":["Calculated Gamble","Riddle With Holes+1","Predator"],"picked":"SKIP","floor":35},{"not_picked":["Cloak And Dagger+1","Deadly Poison"],"picked":"Backstab+1","floor":38},{"not_picked":["Dagger Spray+1","Slice+1"],"picked":"Dodge and Roll+1","floor":41},{"not_picked":["Underhanded Strike+1","Prepared"],"picked":"All Out Attack+1","floor":42},{"not_picked":["Deadly Poison+1","Acrobatics+1"],"picked":"A Thousand Cuts","floor":45}],"player_experience":421482,"relics_obtained":[{"floor":7,"key":"Omamori"},{"floor":9,"key":"Whetstone"},{"floor":12,"key":"Mango"},{"floor":19,"key":"Red Mask"},{"floor":22,"key":"Mercury Hourglass"},{"floor":23,"key":"Bronze Scales"},{"floor":26,"key":"Potion Belt"},{"floor":37,"key":"Molten Egg 2"},{"floor":41,"key":"Smiling Mask"},{"floor":43,"key":"Centennial Puzzle"}],"event_choices":[{"damage_healed":0,"gold_gain":0,"player_choice":"Got Potions","damage_taken":0,"max_hp_gain":0,"max_hp_loss":0,"event_name":"Lab","floor":3,"gold_loss":0},{"damage_healed":0,"gold_gain":0,"player_choice":"Box","damage_taken":0,"relics_obtained":["Ginger"],"max_hp_gain":0,"max_hp_loss":0,"event_name":"Big Fish","floor":11,"gold_loss":0,"cards_obtained":["Regret"]},{"damage_healed":0,"gold_gain":0,"player_choice":"Fought Bandits","damage_taken":0,"max_hp_gain":0,"max_hp_loss":0,"event_name":"Masked Bandits","floor":19,"gold_loss":0},{"damage_healed":0,"gold_gain":0,"player_choice":"Opened","damage_taken":0,"relics_obtained":["Regal Pillow"],"max_hp_gain":0,"max_hp_loss":0,"event_name":"The Mausoleum","floor":21,"gold_loss":0},{"damage_healed":0,"gold_gain":0,"player_choice":"Became a vampire","damage_taken":0,"max_hp_gain":0,"max_hp_loss":27,"event_name":"Vampires","floor":30,"gold_loss":0,"cards_obtained":["Bite","Bite","Bite","Bite","Bite"]},{"damage_healed":0,"gold_gain":222,"player_choice":"Wore Mask","damage_taken":0,"max_hp_gain":0,"max_hp_loss":0,"event_name":"Tomb of Lord Red Mask","floor":36,"gold_loss":0},{"cards_removed":["Defend_G"],"damage_healed":0,"gold_gain":0,"player_choice":"Removed Skill","damage_taken":0,"max_hp_gain":0,"max_hp_loss":0,"event_name":"Falling","floor":39,"gold_loss":0},{"damage_healed":0,"gold_gain":0,"player_choice":"Embrace Madness","damage_taken":8,"max_hp_gain":0,"max_hp_loss":0,"event_name":"Winding Halls","floor":46,"gold_loss":0,"cards_obtained":["Madness","Madness"]},{"cards_removed":["Skewer"],"damage_healed":0,"gold_gain":0,"player_choice":"Purged","damage_taken":0,"max_hp_gain":0,"max_hp_loss":0,"event_name":"Purifier","floor":48,"gold_loss":0}],"is_beta":false,"boss_relics":[{"not_picked":["Cursed Key","Velvet Choker"],"picked":"Astrolabe"},{"not_picked":["Sozu","Calling Bell"],"picked":"Ring of the Serpent"}],"items_purged_floors":[],"is_endless":false,"potions_floor_spawned":[1,4,10,14,16,18,20,23,29,35,41],"ascension_level":0}