{"gold_per_floor":[118,137,153,153,164,164,193,193,193,206,222,222,235,264,264,360,360,374,195,213,136,152,152,171,191,191,191,210,210],"floor_reached":29,"playtime":1005,"items_purged":["Strike_B"],"score":362,"play_id":"9c7b7f2a-67f3-457a-ad53-4ae252395a09","local_time":"20180707234616","is_ascension_mode":true,"campfire_choices":[{"data":"Beam Cell","floor":6,"key":"SMITH"},{"data":"Zap","floor":8,"key":"SMITH"},{"floor":12,"key":"REST"},{"floor":15,"key":"REST"},{"data":"Dualcast","floor":23,"key":"SMITH"},{"data":"Chill","floor":27,"key":"SMITH"}],"neow_cost":"NONE","seed_source_timestamp":663447467346884,"circlet_count":0,"master_deck":["Strike_B","Strike_B","Strike_B","Defend_B","Defend_B","Defend_B","Zap+1","Dualcast+1","AscendersBane","Chill+1","Beam Cell+1","Streamline","All For One","FTL","Leap","Streamline","Core Surge","Go for the Eyes","Flash of Steel","Leap","J.A.X.","Turbo","FTL+1"],"relics":["Runic Dome","Strawberry","DataDisk","Pantograph","Coffee Dripper","Darkstone Periapt"],"potions_floor_usage":[22,24,28,28,29],"damage_taken":[{"damage":18,"enemies":"Jaw Worm","floor":1,"turns":4},{"damage":0,"enemies":"Small Slimes","floor":2,"turns":3},{"damage":1,"enemies":"Cultist","floor":3,"turns":3},{"damage":4,"enemies":"2 Fungi Beasts","floor":5,"turns":4},{"damage":28,"enemies":"Lagavulin","floor":7,"turns":5},{"damage":0,"enemies":"Looter","floor":10,"turns":1},{"damage":0,"enemies":"Exordium Thugs","floor":11,"turns":2},{"damage":6,"enemies":"Red Slaver","floor":13,"turns":4},{"damage":12,"enemies":"Gremlin Nob","floor":14,"turns":4},{"damage":41,"enemies":"Hexaghost","floor":16,"turns":7},{"damage":0,"enemies":"Spheric Guardian","floor":18,"turns":2},{"damage":14,"enemies":"2 Thieves","floor":20,"turns":4},{"damage":26,"enemies":"Sentry and Sphere","floor":22,"turns":5},{"damage":0,"enemies":"Centurion and Healer","floor":24,"turns":4},{"damage":14,"enemies":"Snake Plant","floor":25,"turns":4},{"damage":12,"enemies":"3 Cultists","floor":28,"turns":5},{"damage":11,"enemies":"Snecko","floor":29,"turns":3}],"seed_played":"-2386334090517127248","potions_obtained":[{"floor":1,"key":"Explosive Potion"},{"floor":2,"key":"Ancient Potion"},{"floor":7,"key":"Explosive Potion"},{"floor":13,"key":"Explosive Potion"},{"floor":18,"key":"FearPotion"},{"floor":25,"key":"AttackPotion"},{"floor":28,"key":"Weak Potion"}],"is_trial":false,"path_per_floor":["M","M","M","?","M","R","E","R","T","M","M","R","M","E","R","B",null,"M","$","M","?","M","R","M","M","T","R","M"],"character_chosen":"DEFECT","items_purchased":["Flash of Steel"],"campfire_rested":2,"item_purchase_floors":[19],"current_hp_per_floor":[50,50,49,42,38,38,17,17,17,17,17,41,35,23,47,31,69,69,69,55,55,29,29,29,15,15,15,3,0],"gold":210,"neow_bonus":"BOSS_RELIC","is_prod":false,"is_daily":false,"chose_seed":false,"campfire_upgraded":4,"win_rate":0,"timestamp":1531021576,"path_taken":["M","M","M","?","M","R","E","R","T","?","M","R","M","E","R","BOSS","M","$","M","?","M","R","M","M","T","R","?","M"],"build_version":"2018-07-05","purchased_purges":1,"victory":false,"max_hp_per_floor":[75,75,75,75,75,75,82,82,82,82,82,82,82,82,82,82,82,82,82,82,82,82,82,82,82,82,82,82,82],"card_choices":[{"not_picked":["Static Discharge","Hologram"],"picked":"Chill","floor":1},{"not_picked":["Barrage","Steam","Compile Driver"],"picked":"SKIP","floor":2},{"not_picked":["White Noise","Lockon"],"picked":"Beam Cell","floor":3},{"not_picked":["Barrage","Conserve Battery"],"picked":"Streamline","floor":5},{"not_picked":["Self Repair","Cold Snap"],"picked":"All For One","floor":7},{"not_picked":["Conserve Battery","Glacier"],"picked":"FTL","floor":10},{"not_picked":["Conserve Battery","Undo","Chaos"],"picked":"SKIP","floor":11},{"not_picked":["Auto Shields","Doom and Gloom"],"picked":"Leap","floor":13},{"not_picked":["Gash","Lockon"],"picked":"Streamline","floor":14},{"not_picked":["Biased Cognition","Meteor Strike"],"picked":"Core Surge","floor":16},{"not_picked":["Ball Lightning","Loop"],"picked":"Go for the Eyes","floor":18},{"not_picked":["Capacitor+1","Cold Snap"],"picked":"Leap","floor":20},{"not_picked":["Capacitor","Beam Cell","Tempest+1"],"picked":"SKIP","floor":22},{"not_picked":["Amplify","Hologram+1"],"picked":"Turbo","floor":24},{"not_picked":["Stack","Hologram+1"],"picked":"FTL+1","floor":25},{"not_picked":["Tempest+1","Beam Cell+1","Auto Shields"],"picked":"SKIP","floor":28}],"player_experience":403979,"relics_obtained":[{"floor":7,"key":"Strawberry"},{"floor":9,"key":"DataDisk"},{"floor":14,"key":"Pantograph"},{"floor":26,"key":"Darkstone Periapt"}],"event_choices":[{"event_name":"Golden Wing","player_choice":"Card Removal","floor":4,"damage_taken":0},{"event_name":"Drug Dealer","player_choice":"Got JAXXED","floor":21,"damage_taken":0}],"boss_relics":[{"not_picked":["White Beast Statue","Nuclear Battery"],"picked":"Coffee Dripper"}],"items_purged_floors":[19],"is_endless":false,"potions_floor_spawned":[1,2,7,13,14,18,25,28],"killed_by":"Snecko","ascension_level":10}