{"path_per_floor":["M","?","?","M","M","R","M","?","T","M","M","E","?","E","R","B",null,"M","?","$","M","M","R"],"character_chosen":"IRONCLAD","items_purchased":["Molten Egg 2"],"gold_per_floor":[112,112,112,128,145,145,163,163,163,180,199,230,230,259,259,361,361,377,377,73,89,104,104],"floor_reached":24,"campfire_rested":0,"playtime":1386,"current_hp_per_floor":[80,85,85,85,85,85,83,83,83,85,85,73,73,79,79,46,75,53,53,53,55,63,63],"items_purged":["Wild Strike"],"gold":104,"score":291,"play_id":"2efb53ed-23fd-41f4-b10e-48e4624a692f","is_prod":false,"is_daily":false,"is_ascension_mode":true,"campfire_upgraded":3,"path_taken":["M","?","?","M","M","R","?","?","T","M","M","E","?","E","R","BOSS","M","?","$","M","M","R","E"],"build_version":"2018-02-15-PROD1","purchased_purges":1,"victory":false,"master_deck":["Bash","Rupture","Clash","Armaments+1","Metallicize","Barricade+1","Impervious+1","Flame Barrier","Juggernaut","Feel No Pain","Heavy Blade","Shrug It Off","Pommel Strike","Spot Weakness","Warcry","Whirlwind","Sentinel+1"],"max_hp_per_floor":[80,85,85,85,85,85,85,85,85,85,85,85,85,85,85,85,85,87,87,87,87,89,89],"relics":["Burning Blood","Lantern","Smiling Mask","Singing Bowl","Pandora\u0027s Box","Molten Egg 2"],"card_choices":[{"not_picked":["Uppercut","Clothesline"],"picked":"Clash"},{"not_picked":["Body Slam","Hemokinesis"],"picked":"Armaments"},{"not_picked":["Reckless Charge","Limit Break"],"picked":"Metallicize"},{"not_picked":["Combust","Sword Boomerang"],"picked":"Barricade"},{"not_picked":["Carnage","Evolve"],"picked":"Impervious"},{"not_picked":["Inflame","Flex"],"picked":"Flame Barrier"},{"not_picked":["Brutality","Immolate"],"picked":"Juggernaut"},{"not_picked":["Armaments","Clash"],"picked":"Sentinel"}],"player_experience":177663,"potions_floor_usage":[12,12,14,21,24],"damage_taken":[{"damage":3,"enemies":"Small Slimes","floor":1,"turns":4},{"damage":0,"enemies":"Cultist","floor":4,"turns":4},{"damage":3,"enemies":"2 Louse","floor":5,"turns":4},{"damage":8,"enemies":"Red Slaver","floor":7,"turns":3},{"damage":3,"enemies":"Large Slime","floor":10,"turns":11},{"damage":0,"enemies":"Exordium Thugs","floor":11,"turns":5},{"damage":18,"enemies":"Gremlin Nob","floor":12,"turns":4},{"damage":0,"enemies":"3 Sentries","floor":14,"turns":15},{"damage":39,"enemies":"Slime Boss","floor":16,"turns":18},{"damage":30,"enemies":"Spheric Guardian","floor":18,"turns":6},{"damage":4,"enemies":"Chosen","floor":21,"turns":7},{"damage":0,"enemies":"Snecko","floor":22,"turns":5},{"damage":65,"enemies":"Slavers","floor":24,"turns":6}],"event_choices":[{"event_name":"Big Fish","player_choice":"Donut","floor":2,"damage_taken":0},{"event_name":"Purifier","player_choice":"One Purge","floor":3,"damage_taken":0},{"event_name":"Accursed Blacksmith","player_choice":"Ignore","floor":8,"damage_taken":0},{"event_name":"Liars Game","player_choice":"disagreed","floor":13,"damage_taken":0},{"event_name":"The Library","player_choice":"Read","floor":19,"damage_taken":0}],"boss_relics":[{"not_picked":["Calling Bell","Question Card"],"picked":"Pandora\u0027s Box"}],"potions_floor_spawned":[1,5,10,12,14,22],"seed_played":"-7562453114616323191","killed_by":"Slavers","ascension_level":5,"is_trial":false}