{"path_per_floor":["M","$","?","?","M","M","M","?","T","R","M","M","M","M","R","B",null,"M","?","M","M","?","R","?","R","T","T","R","M"],"character_chosen":"THE_SILENT","items_purchased":[],"gold_per_floor":[113,113,113,113,132,151,171,171,171,171,191,203,214,228,228,331,331,350,350,370,383,383,383,383,383,431,431,431,450],"floor_reached":30,"campfire_rested":4,"playtime":3384,"current_hp_per_floor":[68,68,68,68,67,63,58,63,63,75,74,72,50,41,63,24,75,58,42,40,11,11,26,26,26,26,26,41,27],"items_purged":[],"gold":450,"score":250,"play_id":"7a4c4cf2-a5e2-42cc-b935-61d86abdf94d","is_prod":false,"is_daily":false,"is_ascension_mode":false,"campfire_upgraded":1,"path_taken":["M","$","?","?","M","M","M","?","T","R","?","M","M","M","R","BOSS","M","?","M","?","?","R","?","R","T","?","R","M","E"],"build_version":"2018-02-15-PROD1","purchased_purges":0,"victory":false,"master_deck":["Defend_G","Defend_G","Defend_G","Defend_G","Defend_G","Survivor+1","Neutralize","Quick Slash","Neutralize","Night Terror","Deadly Poison","Backflip","Poisoned Stab","Distraction+1","Deflect","Dagger Spray","Infinite Blades","Die Die Die","Endless Agony","Deadly Poison","Endless Agony","Eviscerate","Adrenaline","Distraction+1","Blade Dance","Dagger Throw+1","Bite","Bite","Bite","Bite","Bite","Quick Slash","Skewer"],"max_hp_per_floor":[70,70,70,70,70,70,70,75,75,75,75,75,75,75,75,75,75,75,75,75,75,52,52,52,52,52,52,52,52],"relics":["Ring of the Snake","Torii","Orrery","Enchiridion","War Paint","Unceasing Top"],"card_choices":[{"not_picked":["Prepared","Bane"],"picked":"Quick Slash"},{"not_picked":["Eviscerate","Slice"],"picked":"Deadly Poison"},{"not_picked":["Deflect","Dagger Throw"],"picked":"Backflip"},{"not_picked":["Choke","Die Die Die"],"picked":"Poisoned Stab"},{"not_picked":["Well Laid Plans","Acrobatics"],"picked":"Distraction"},{"not_picked":["Poisoned Stab","Acrobatics"],"picked":"Deflect"},{"not_picked":["Poisoned Stab","Prepared"],"picked":"Dagger Spray"},{"not_picked":["Outmaneuver","Bane"],"picked":"Infinite Blades"},{"not_picked":["Tactician","Bullet Time"],"picked":"Die Die Die"},{"not_picked":["Prepared","Riddle With Holes"],"picked":"Endless Agony"},{"not_picked":["Underhanded Strike","Deflect"],"picked":"Deadly Poison"},{"not_picked":["Slice","PiercingWail"],"picked":"Endless Agony"},{"not_picked":["Riddle With Holes","Well Laid Plans"],"picked":"Eviscerate"},{"not_picked":["Backflip","Deflect"],"picked":"Adrenaline"},{"not_picked":["Skewer","Backflip"],"picked":"Distraction"},{"not_picked":["Bane","Prepared"],"picked":"Blade Dance"},{"not_picked":["Reflex","Distraction"],"picked":"Dagger Throw"},{"not_picked":["Backflip","Deadly Poison"],"picked":"Skewer"}],"player_experience":80842,"potions_floor_usage":[12,16,16,29,29,30],"damage_taken":[{"damage":2,"enemies":"2 Louse","floor":1,"turns":4},{"damage":1,"enemies":"Cultist","floor":5,"turns":4},{"damage":4,"enemies":"Jaw Worm","floor":6,"turns":5},{"damage":5,"enemies":"Large Slime","floor":7,"turns":6},{"damage":1,"enemies":"Looter","floor":11,"turns":4},{"damage":2,"enemies":"Lots of Slimes","floor":12,"turns":3},{"damage":22,"enemies":"Large Slime","floor":13,"turns":7},{"damage":9,"enemies":"Blue Slaver","floor":14,"turns":4},{"damage":39,"enemies":"The Guardian","floor":16,"turns":9},{"damage":17,"enemies":"Spheric Guardian","floor":18,"turns":6},{"damage":2,"enemies":"3 Byrds","floor":20,"turns":4},{"damage":29,"enemies":"Cultist and Chosen","floor":21,"turns":8},{"damage":18,"enemies":"Sentry and Sphere","floor":29,"turns":5},{"damage":32,"enemies":"Slavers","floor":30,"turns":3}],"event_choices":[{"event_name":"Match and Keep!","player_choice":"2 cards matched","floor":3,"damage_taken":0},{"event_name":"Liars Game","player_choice":"disagreed","floor":4,"damage_taken":0},{"event_name":"Big Fish","player_choice":"Donut","floor":8,"damage_taken":0},{"event_name":"Cursed Tome","player_choice":"Obtained Book","floor":19,"damage_taken":0},{"event_name":"Vampires","player_choice":"Became a vampire","floor":22,"damage_taken":0},{"event_name":"Match and Keep!","player_choice":"1 cards matched","floor":24,"damage_taken":0}],"boss_relics":[{"not_picked":["Snecko Eye","Cursed Key"],"picked":"Orrery"}],"potions_floor_spawned":[5,7,11,13,20,29],"seed_played":"-1748238118061963275","killed_by":"Slavers","ascension_level":0,"is_trial":false}