{"path_per_floor":["M","?","M","?","M","R","M","M","T","M","E","R","M","?","R"],"character_chosen":"THE_SILENT","items_purchased":[],"gold_per_floor":[118,118,137,137,151,151,162,179,479,493,527,527,543,602,602,602],"floor_reached":16,"campfire_rested":2,"playtime":1232,"current_hp_per_floor":[70,63,63,63,59,59,59,59,59,56,32,68,65,38,70,0],"items_purged":[],"gold":602,"score":104,"play_id":"2ee4587f-6b9b-4f01-9b94-851fd57fea58","local_time":"20180323223928","is_prod":false,"is_daily":false,"is_ascension_mode":false,"campfire_upgraded":1,"timestamp":1521873568,"path_taken":["M","?","M","?","M","R","M","M","T","M","E","R","M","?","R","BOSS"],"build_version":"2018-03-22v2","purchased_purges":0,"victory":false,"master_deck":["Defend_G","Defend_G","Defend_G","Defend_G","Defend_G","Strike_G","Strike_G","Strike_G","Strike_G","Survivor","Neutralize","Deadly Poison","Terror+1","Regret","Backstab","Blur","Burst","Endless Agony","Die Die Die","Escape Plan","Dodge and Roll"],"max_hp_per_floor":[70,70,70,70,70,70,70,70,70,70,70,70,70,70,70,70],"relics":["Ring of the Snake","Regal Pillow","Pen Nib","Old Coin","Dream Catcher","Bird Faced Urn"],"card_choices":[{"not_picked":["Finisher","Slice"],"picked":"Deadly Poison","floor":1},{"not_picked":["Dagger Throw","Dodge and Roll"],"picked":"Terror","floor":3},{"not_picked":["Underhanded Strike","Eviscerate"],"picked":"Backstab","floor":5},{"not_picked":["Riddle With Holes","PiercingWail"],"picked":"Blur","floor":7},{"not_picked":["Riddle With Holes","Quick Slash"],"picked":"Burst","floor":8},{"not_picked":["Dodge and Roll","Acrobatics"],"picked":"Endless Agony","floor":10},{"not_picked":["Predator","Unload"],"picked":"Die Die Die","floor":11},{"not_picked":["Acrobatics","Slice"],"picked":"Escape Plan","floor":12},{"not_picked":["PiercingWail","Calculated Gamble"],"picked":"Dodge and Roll","floor":13}],"player_experience":210797,"potions_floor_usage":[10,10,16,16],"damage_taken":[{"damage":0,"enemies":"2 Louse","floor":1,"turns":3},{"damage":0,"enemies":"Small Slimes","floor":3,"turns":3},{"damage":4,"enemies":"Jaw Worm","floor":5,"turns":4},{"damage":0,"enemies":"Blue Slaver","floor":7,"turns":3},{"damage":0,"enemies":"Looter","floor":8,"turns":4},{"damage":3,"enemies":"Gremlin Gang","floor":10,"turns":5},{"damage":24,"enemies":"3 Sentries","floor":11,"turns":10},{"damage":3,"enemies":"2 Fungi Beasts","floor":13,"turns":2},{"damage":27,"enemies":"Gremlin Nob","floor":14,"turns":4},{"damage":72,"enemies":"Slime Boss","floor":16,"turns":14}],"event_choices":[{"event_name":"Golden Wing","player_choice":"Card Removal","floor":2,"damage_taken":0},{"event_name":"Big Fish","player_choice":"Box","floor":4,"damage_taken":0},{"event_name":"Dead Adventurer","player_choice":"Searched \u00273\u0027 times","floor":14,"damage_taken":0}],"boss_relics":[],"potions_floor_spawned":[1,5,7,13],"seed_played":"7679245232450589811","killed_by":"Slime Boss","ascension_level":0,"is_trial":false}