{"gold_per_floor":[112,37,37,112,125,160,160,176,176,237,237,257,257,289,289,363,363,377,253,268,287,300,300,313,345,371,371,371,384,384,402,402,476,476,493,493,511,46,58,93,111,111,111,111,111],"floor_reached":45,"playtime":2042,"items_purged":["Strike_G"],"score":845,"play_id":"bd00922f-363e-476f-b0e3-f408e348f011","local_time":"20190109235538","is_ascension_mode":true,"campfire_choices":[{"floor":7,"key":"REST"},{"data":"Noxious Fumes","floor":11,"key":"SMITH"},{"data":"Leg Sweep","floor":13,"key":"SMITH"},{"data":"Dodge and Roll","floor":15,"key":"SMITH"},{"floor":23,"key":"REST"},{"floor":27,"key":"REST"},{"floor":32,"key":"REST"},{"data":"Wraith Form v2","floor":42,"key":"SMITH"},{"data":"Caltrops","floor":44,"key":"SMITH"}],"neow_cost":"NONE","seed_source_timestamp":25223583845586,"circlet_count":0,"master_deck":["AscendersBane","Defend_G","Defend_G","Defend_G","Defend_G","Defend_G","Strike_G","Strike_G","Strike_G","Survivor","Neutralize+1","Dagger Spray","Flying Knee","Choke","Noxious Fumes+1","Leg Sweep+1","Dodge and Roll+1","Wraith Form v2+1","PiercingWail","Crippling Poison","Backflip","Escape Plan","Blur","Escape Plan","A Thousand Cuts","Writhe","Dodge and Roll","Caltrops+1","Backflip+1","Blur+1","Deflect+1","Well Laid Plans"],"relics":["Ring of the Snake","Paper Crane","Matryoshka","Tiny Chest","Odd Mushroom","Mercury Hourglass","Sozu","Letter Opener","The Courier","Lantern","Coffee Dripper","Toxic Egg 2","Anchor","Snake Skull","Bronze Scales"],"potions_floor_usage":[10,12,18],"damage_taken":[{"damage":0,"enemies":"Small Slimes","floor":1,"turns":5},{"damage":0,"enemies":"Jaw Worm","floor":5,"turns":6},{"damage":24,"enemies":"Gremlin Nob","floor":6,"turns":5},{"damage":1,"enemies":"2 Louse","floor":8,"turns":3},{"damage":6,"enemies":"3 Sentries","floor":10,"turns":7},{"damage":4,"enemies":"The Mushroom Lair","floor":12,"turns":4},{"damage":3,"enemies":"Lagavulin","floor":14,"turns":8},{"damage":10,"enemies":"The Guardian","floor":16,"turns":14},{"damage":12,"enemies":"2 Thieves","floor":18,"turns":4},{"damage":14,"enemies":"Spheric Guardian","floor":20,"turns":6},{"damage":1,"enemies":"Shelled Parasite and Fungi","floor":21,"turns":7},{"damage":0,"enemies":"Chosen and Byrds","floor":22,"turns":5},{"damage":2,"enemies":"Centurion and Healer","floor":24,"turns":6},{"damage":27,"enemies":"Slavers","floor":25,"turns":7},{"damage":8,"enemies":"Sentry and Sphere","floor":29,"turns":6},{"damage":0,"enemies":"Colosseum Slavers","floor":30,"turns":4},{"damage":0,"enemies":"Shelled Parasite and Fungi","floor":31,"turns":6},{"damage":26,"enemies":"Collector","floor":33,"turns":11},{"damage":4,"enemies":"3 Darklings","floor":35,"turns":5},{"damage":1,"enemies":"Orb Walker","floor":37,"turns":4},{"damage":0,"enemies":"4 Shapes","floor":39,"turns":3},{"damage":12,"enemies":"Reptomancer","floor":40,"turns":7},{"damage":5,"enemies":"Spire Growth","floor":41,"turns":7},{"damage":49,"enemies":"Nemesis","floor":45,"turns":9}],"seed_played":"7686468126986446674","potions_obtained":[{"floor":8,"key":"PowerPotion"},{"floor":10,"key":"Explosive Potion"},{"floor":16,"key":"AttackPotion"}],"is_trial":false,"path_per_floor":["M","?","$","?","M","E","R","M","T","E","R","?","R","E","R","B",null,"M","$","M","M","M","R","M","E","T","R","?","M","?","M","R","B",null,"M","?","M","$","M","E","M","R","T","R","E"],"character_chosen":"THE_SILENT","items_purchased":["PiercingWail","Toxic Egg 2","Anchor","Caltrops","Backflip+1","Blur+1"],"campfire_rested":4,"item_purchase_floors":[19,38,38,38,38,38],"current_hp_per_floor":[59,59,59,48,48,24,43,42,42,36,36,32,32,29,29,19,54,42,42,28,27,27,46,44,17,17,36,18,10,10,10,31,5,55,51,65,64,64,64,52,47,47,47,47,0],"gold":111,"neow_bonus":"UPGRADE_CARD","is_prod":false,"is_daily":false,"chose_seed":false,"campfire_upgraded":5,"win_rate":0,"timestamp":1547096138,"path_taken":["M","?","$","?","M","E","R","M","T","E","R","?","R","E","R","BOSS","M","$","M","M","M","R","M","E","T","R","?","M","?","M","R","BOSS","M","?","M","$","M","E","M","R","T","R","E"],"build_version":"2019-01-03v4","purchased_purges":1,"victory":false,"max_hp_per_floor":[66,66,66,66,66,66,66,66,66,66,66,66,66,66,66,66,66,66,66,66,66,66,66,66,66,66,66,71,71,71,71,71,71,71,71,71,71,71,71,71,71,71,71,71,71],"card_choices":[{"not_picked":["Backflip","Prepared"],"picked":"Dagger Spray","floor":1},{"not_picked":["Riddle With Holes","Cloak And Dagger"],"picked":"Flying Knee","floor":5},{"not_picked":["Endless Agony","All Out Attack"],"picked":"Choke","floor":6},{"not_picked":["Tactician","Underhanded Strike"],"picked":"Noxious Fumes","floor":8},{"not_picked":["Slice","Dagger Spray","Setup"],"picked":"SKIP","floor":10},{"not_picked":["Slice","Masterful Stab"],"picked":"Leg Sweep","floor":12},{"not_picked":["Concentrate","Prepared"],"picked":"Dodge and Roll","floor":14},{"not_picked":["Venomology","Night Terror"],"picked":"Wraith Form v2","floor":16},{"not_picked":["Masterful Stab+1","Infinite Blades","Dagger Spray"],"picked":"SKIP","floor":18},{"not_picked":["Dodge and Roll","Dagger Throw"],"picked":"Crippling Poison","floor":20},{"not_picked":["Slice","Heel Hook","Flying Knee"],"picked":"SKIP","floor":21},{"not_picked":["Predator","Sucker Punch","Outmaneuver"],"picked":"SKIP","floor":22},{"not_picked":["Heel Hook","Slice"],"picked":"Backflip","floor":24},{"not_picked":["Phantasmal Killer","Deadly Poison"],"picked":"Escape Plan","floor":25},{"not_picked":["Cloak And Dagger","Bane"],"picked":"Blur","floor":29},{"not_picked":["Expertise","Underhanded Strike"],"picked":"Escape Plan","floor":31},{"not_picked":["Wraith Form v2","Night Terror"],"picked":"A Thousand Cuts","floor":33},{"not_picked":["Underhanded Strike","Bane","Dagger Throw+1"],"picked":"SKIP","floor":35},{"not_picked":["Riddle With Holes","Deadly Poison"],"picked":"Dodge and Roll","floor":37},{"not_picked":["Escape Plan+1","Dagger Throw"],"picked":"Deflect+1","floor":39},{"not_picked":["Distraction+1","Burst+1"],"picked":"Well Laid Plans","floor":40},{"not_picked":["Well Laid Plans","Blur+1","Concentrate+1"],"picked":"SKIP","floor":41}],"player_experience":1015745,"relics_obtained":[{"floor":6,"key":"Paper Crane"},{"floor":9,"key":"Matryoshka"},{"floor":10,"key":"Tiny Chest"},{"floor":12,"key":"Odd Mushroom"},{"floor":14,"key":"Mercury Hourglass"},{"floor":25,"key":"Letter Opener"},{"floor":26,"key":"The Courier"},{"floor":26,"key":"Lantern"},{"floor":40,"key":"Snake Skull"},{"floor":43,"key":"Bronze Scales"}],"event_choices":[{"cards_removed":["Strike_G"],"damage_healed":0,"gold_gain":0,"player_choice":"Card Removal","damage_taken":0,"max_hp_gain":0,"max_hp_loss":0,"event_name":"The Cleric","floor":2,"gold_loss":75},{"damage_healed":0,"gold_gain":75,"player_choice":"Gather Gold","damage_taken":11,"max_hp_gain":0,"max_hp_loss":0,"event_name":"World of Goop","floor":4,"gold_loss":0},{"damage_healed":0,"gold_gain":0,"player_choice":"Fought Mushrooms","damage_taken":0,"max_hp_gain":0,"max_hp_loss":0,"event_name":"Mushrooms","floor":12,"gold_loss":0},{"damage_healed":0,"gold_gain":0,"player_choice":"Shed Blood","damage_taken":23,"max_hp_gain":5,"max_hp_loss":0,"event_name":"Forgotten Altar","floor":28,"gold_loss":0},{"damage_healed":0,"gold_gain":0,"player_choice":"Fight","damage_taken":0,"max_hp_gain":0,"max_hp_loss":0,"event_name":"Colosseum","floor":30,"gold_loss":0},{"damage_healed":0,"gold_gain":0,"player_choice":"Fled From Nobs","damage_taken":0,"max_hp_gain":0,"max_hp_loss":0,"event_name":"Colosseum","floor":30,"gold_loss":0},{"damage_healed":14,"gold_gain":0,"player_choice":"Writhe","damage_taken":0,"max_hp_gain":0,"max_hp_loss":0,"event_name":"Winding Halls","floor":36,"gold_loss":0,"cards_obtained":["Writhe"]}],"is_beta":false,"boss_relics":[{"not_picked":["HoveringKite","Busted Crown"],"picked":"Sozu"},{"not_picked":["Ring of the Serpent","Lizard Tail"],"picked":"Coffee Dripper"}],"items_purged_floors":[19],"is_endless":false,"potions_floor_spawned":[8,10,16,18,20,24,29,35],"killed_by":"Nemesis","ascension_level":15}