{"path_per_floor":["M","M","M","M","M","R","?","E","T","?","R","M","M","M","R","B",null,"M","M","M","?","M","R","?","$","T","R","E","R","E","M","R","B",null,"M","M","?","$","M","E","M","R","T","M","E","M","M","$","R","B"],"character_chosen":"THE_SILENT","items_purchased":["Shovel","Omamori","Apotheosis"],"gold_per_floor":[119,131,144,158,178,178,178,204,276,276,276,293,308,322,322,421,421,432,444,459,459,479,479,479,117,117,117,147,147,178,190,190,291,291,307,321,321,148,168,195,214,214,214,225,256,266,276,71,71,71],"floor_reached":51,"campfire_rested":5,"playtime":3650,"current_hp_per_floor":[63,62,62,29,26,26,49,28,28,28,49,43,41,41,41,38,62,62,58,51,51,49,49,49,49,49,49,26,47,40,40,61,25,62,58,60,60,60,59,54,46,70,70,56,51,53,48,48,74,32],"items_purged":["Defend_G","Defend_G","Strike_G"],"gold":71,"score":866,"play_id":"5c69ab50-a640-4b64-99ac-f2148199b05c","is_prod":false,"is_daily":false,"is_ascension_mode":true,"campfire_upgraded":3,"path_taken":["M","M","M","M","M","R","?","E","T","?","R","M","M","?","R","BOSS","M","M","M","?","M","R","?","$","T","R","E","R","E","M","R","BOSS","M","M","?","?","M","E","?","R","T","M","E","M","?","$","R","BOSS"],"build_version":"2018-02-22-PROD2","purchased_purges":3,"victory":true,"master_deck":["Defend_G","Defend_G","Defend_G","Strike_G","Survivor","Neutralize+1","Backflip","Backflip","Footwork","Quick Slash","Unload+1","Dagger Spray","Wraith Form+1","Cloak And Dagger+1","Outmaneuver+1","Acrobatics","All Out Attack","Storm of Steel","Concentrate+1","Cloak And Dagger+1","Bullet Time","Apotheosis"],"max_hp_per_floor":[70,70,70,70,70,70,70,70,70,70,70,70,70,70,70,70,70,70,70,70,70,70,70,70,70,70,70,72,72,72,72,72,74,74,76,78,78,78,80,80,82,82,82,84,84,86,88,88,88,88],"relics":["Snecko Eye","Smiling Mask","Meat on the Bone","Runic Dome","Shovel","Dead Branch","The Courier","Singing Bowl","Oddly Smooth Stone","Cursed Key","Omamori","Snake Skull","Ancient Tea Set","Bronze Scales"],"card_choices":[{"not_picked":["Poisoned Stab","Venomology"],"picked":"Backflip"},{"not_picked":["All Out Attack","Choke"],"picked":"Backflip"},{"not_picked":["Backflip","Acrobatics"],"picked":"Footwork"},{"not_picked":["Backflip","Dodge and Roll"],"picked":"Quick Slash"},{"not_picked":["Distraction","Terror"],"picked":"Dagger Spray"},{"not_picked":["Underhanded Strike","Infinite Blades"],"picked":"Wraith Form"},{"not_picked":["Heel Hook","Caltrops"],"picked":"Cloak And Dagger"},{"not_picked":["Cloak And Dagger","Deadly Poison"],"picked":"Outmaneuver"},{"not_picked":["Underhanded Strike","Catalyst"],"picked":"Acrobatics"},{"not_picked":["Choke","All Out Attack"],"picked":"Storm of Steel"},{"not_picked":["Heel Hook","Sucker Punch"],"picked":"Concentrate"},{"not_picked":["Catalyst","Concentrate"],"picked":"Cloak And Dagger"},{"not_picked":["Sucker Punch","Outmaneuver"],"picked":"Bullet Time"}],"player_experience":244983,"potions_floor_usage":[8,8,13,16,22,28,28,50,50,50],"damage_taken":[{"damage":0,"enemies":"2 Louse","floor":1,"turns":3},{"damage":1,"enemies":"Cultist","floor":2,"turns":6},{"damage":0,"enemies":"Small Slimes","floor":3,"turns":4},{"damage":33,"enemies":"Gremlin Gang","floor":4,"turns":7},{"damage":3,"enemies":"Red Slaver","floor":5,"turns":6},{"damage":21,"enemies":"Lagavulin","floor":8,"turns":15},{"damage":6,"enemies":"3 Louse","floor":12,"turns":3},{"damage":14,"enemies":"Exordium Thugs","floor":13,"turns":3},{"damage":0,"enemies":"2 Fungi Beasts","floor":14,"turns":4},{"damage":15,"enemies":"Slime Boss","floor":16,"turns":9},{"damage":0,"enemies":"Shell Parasite","floor":18,"turns":5},{"damage":4,"enemies":"3 Byrds","floor":19,"turns":4},{"damage":7,"enemies":"Centurion and Healer","floor":20,"turns":7},{"damage":2,"enemies":"Cultist and Chosen","floor":22,"turns":5},{"damage":37,"enemies":"Slavers","floor":28,"turns":4},{"damage":7,"enemies":"Book of Stabbing","floor":30,"turns":6},{"damage":0,"enemies":"Snecko","floor":31,"turns":3},{"damage":50,"enemies":"Automaton","floor":33,"turns":10},{"damage":6,"enemies":"Orb Walker","floor":35,"turns":2},{"damage":0,"enemies":"3 Darklings","floor":36,"turns":3},{"damage":3,"enemies":"Maw","floor":39,"turns":7},{"damage":5,"enemies":"2 Orb Walkers","floor":40,"turns":3},{"damage":22,"enemies":"4 Shapes","floor":41,"turns":4},{"damage":16,"enemies":"3 Darklings","floor":44,"turns":4},{"damage":5,"enemies":"Nemesis","floor":45,"turns":5},{"damage":0,"enemies":"Sphere and 2 Shapes","floor":46,"turns":3},{"damage":7,"enemies":"Maw","floor":47,"turns":6},{"damage":54,"enemies":"Donu and Deca","floor":50,"turns":7}],"event_choices":[{"event_name":"Big Fish","player_choice":"Banana","floor":7,"damage_taken":0},{"event_name":"Transmorgrifier","player_choice":"Transform","floor":10,"damage_taken":0},{"event_name":"Purifier","player_choice":"One Purge","floor":21,"damage_taken":0},{"event_name":"Transmorgrifier","player_choice":"Transform","floor":24,"damage_taken":0},{"event_name":"Mysterious Sphere","player_choice":"Ignore","floor":37,"damage_taken":0}],"boss_relics":[{"not_picked":["Tiny House","Question Card"],"picked":"Runic Dome"},{"not_picked":["Pandora\u0027s Box","Black Star"],"picked":"Cursed Key"}],"potions_floor_spawned":[2,4,8,12,19,20,22,33,40,41,46],"seed_played":"-9012400911709352766","ascension_level":9,"is_trial":false}