{"gold_per_floor":[111,18,18,29,40,68,68,68,137,173,191,191,156,179,179,179],"floor_reached":16,"playtime":611,"items_purged":[],"score":143,"play_id":"fdac6033-d559-4ba8-96a5-d4d565bf45d2","local_time":"20180628163528","is_ascension_mode":true,"campfire_choices":[{"floor":8,"key":"REST"},{"data":"Gash","floor":15,"key":"SMITH"}],"neow_cost":"NONE","seed_source_timestamp":3268972702255,"circlet_count":0,"master_deck":["Strike_B","Strike_B","Strike_B","Strike_B","Defend_B","Defend_B","Defend_B","Defend_B","Turbo","Trip","Cold Snap","Go for the Eyes","Coolheaded","Stack","Parasite","Gash+1"],"relics":["Empty Cage","Dream Catcher","Golden Idol","Mercury Hourglass","Strawberry"],"potions_floor_usage":[6],"damage_taken":[{"damage":16,"enemies":"Jaw Worm","floor":1,"turns":4},{"damage":7,"enemies":"Small Slimes","floor":4,"turns":4},{"damage":0,"enemies":"Cultist","floor":5,"turns":3},{"damage":31,"enemies":"Gremlin Nob","floor":6,"turns":5},{"damage":18,"enemies":"3 Sentries","floor":10,"turns":7},{"damage":6,"enemies":"Looter","floor":11,"turns":2},{"damage":6,"enemies":"Blue Slaver","floor":14,"turns":4},{"damage":52,"enemies":"Hexaghost","floor":16,"turns":14}],"seed_played":"1240235302598472125","potions_obtained":[{"floor":1,"key":"Ancient Potion"},{"floor":5,"key":"AttackPotion"}],"is_trial":false,"path_per_floor":["M","$","?","M","M","E","?","R","T","E","M","?","?","M","R"],"character_chosen":"DEFECT","items_purchased":["Trip"],"campfire_rested":1,"item_purchase_floors":[2],"current_hp_per_floor":[52,52,52,45,45,14,14,34,34,23,17,36,55,49,49,0],"gold":179,"neow_bonus":"BOSS_RELIC","is_prod":false,"is_daily":false,"chose_seed":false,"campfire_upgraded":1,"win_rate":0,"timestamp":1530218128,"path_taken":["M","$","?","M","M","E","?","R","T","E","?","?","?","M","R","BOSS"],"build_version":"2018-06-21v2","purchased_purges":0,"victory":false,"max_hp_per_floor":[75,75,75,75,75,75,69,69,69,76,76,76,76,76,76,76],"card_choices":[{"not_picked":["Undo","Steam"],"picked":"Turbo","floor":1},{"not_picked":["Stack","Genetic Algorithm"],"picked":"Cold Snap","floor":4},{"not_picked":["Turbo","Beam Cell"],"picked":"Go for the Eyes","floor":5},{"not_picked":["Stack","Go for the Eyes","Steam Power"],"picked":"SKIP","floor":6},{"not_picked":["Ball Lightning","Go for the Eyes"],"picked":"Coolheaded","floor":8},{"not_picked":["Fusion","Creative AI","Force Field"],"picked":"SKIP","floor":10},{"not_picked":["Undo","Redo"],"picked":"Stack","floor":11},{"not_picked":["Beam Cell","White Noise"],"picked":"Gash","floor":14}],"player_experience":338424,"relics_obtained":[{"floor":6,"key":"Dream Catcher"},{"floor":9,"key":"Mercury Hourglass"},{"floor":10,"key":"Strawberry"}],"event_choices":[{"event_name":"Liars Game","player_choice":"disagreed","floor":3,"damage_taken":0},{"event_name":"Golden Idol","player_choice":"Lose Max HP","floor":7,"damage_taken":0},{"event_name":"Mushrooms","player_choice":"Healed and dodged fight","floor":12,"damage_taken":0},{"event_name":"The Cleric","player_choice":"Healed","floor":13,"damage_taken":0}],"boss_relics":[],"items_purged_floors":[],"is_endless":false,"potions_floor_spawned":[1,5],"killed_by":"Hexaghost","ascension_level":6}