{"gold_per_floor":[109,109,119,135,135,135,166,184,209,248,248,268,268,286,286,381,381,397,397,418,15,0,0,0,59,59,15,31,31,51,65,65,144,144,163,163,180,195,195,222,222,256,337,355,455,455],"floor_reached":46,"playtime":2935,"items_purged":["Strike_B"],"score":994,"play_id":"3722eb1b-353f-45a2-bb86-3b16d23ca6c8","local_time":"20190227222612","is_ascension_mode":true,"campfire_choices":[{"floor":11,"key":"REST"},{"data":"Zap","floor":13,"key":"SMITH"},{"data":"Genetic Algorithm","floor":15,"key":"SMITH"},{"data":"Fission","floor":23,"key":"SMITH"},{"floor":32,"key":"REST"},{"floor":41,"key":"REST"}],"neow_cost":"NONE","seed_source_timestamp":0,"circlet_count":0,"master_deck":["AscendersBane","Defend_B","Defend_B","Defend_B","Defend_B","Zap+1","Dualcast","Cold Snap","Glacier","Lockon","Sunder","Ball Lightning","Cold Snap","Darkness","Genetic Algorithm+1","Fission+1","Redo+1","Stack","Stack+1","Defragment+1","Coolheaded","Turbo","Ball Lightning+1","Self Repair","Stack+1","Auto Shields","Darkness","Beam Cell","Multi-Cast","Compile Driver","Madness","Madness","Chill","Blizzard+1","Parasite","Core Surge"],"special_seed":0,"relics":["Cracked Core","NeowsBlessing","Bloody Idol","Regal Pillow","Centennial Puzzle","Oddly Smooth Stone","Torii","Runic Pyramid","PreservedInsect","Tiny Chest","Singing Bowl","Nuclear Battery","Bag of Preparation","Peace Pipe","Shovel"],"potions_floor_usage":[10,16,33,33,38,40],"damage_taken":[{"damage":0.0,"enemies":"Small Slimes","floor":1.0,"turns":1.0},{"damage":0.0,"enemies":"Cultist","floor":3.0,"turns":1.0},{"damage":0.0,"enemies":"Jaw Worm","floor":4.0,"turns":1.0},{"damage":28,"enemies":"3 Sentries","floor":7,"turns":15},{"damage":9,"enemies":"Exordium Thugs","floor":8,"turns":5},{"damage":17,"enemies":"Lagavulin","floor":10,"turns":9},{"damage":0,"enemies":"2 Fungi Beasts","floor":12,"turns":4},{"damage":1,"enemies":"Blue Slaver","floor":14,"turns":3},{"damage":10,"enemies":"Hexaghost","floor":16,"turns":11},{"damage":0,"enemies":"Chosen","floor":18,"turns":5},{"damage":11,"enemies":"2 Thieves","floor":20,"turns":4},{"damage":14,"enemies":"Book of Stabbing","floor":25,"turns":4},{"damage":32,"enemies":"Chosen and Byrds","floor":28,"turns":8},{"damage":6,"enemies":"Snake Plant","floor":30,"turns":5},{"damage":0,"enemies":"Snecko","floor":31,"turns":5},{"damage":26,"enemies":"Champ","floor":33,"turns":17},{"damage":12,"enemies":"3 Shapes","floor":35,"turns":4},{"damage":0,"enemies":"Orb Walker","floor":37,"turns":4},{"damage":0,"enemies":"Sphere and 2 Shapes","floor":38,"turns":5},{"damage":25,"enemies":"Reptomancer","floor":40,"turns":6},{"damage":12,"enemies":"Nemesis","floor":42,"turns":5},{"damage":33,"enemies":"Writhing Mass","floor":44,"turns":10},{"damage":1,"enemies":"Mind Bloom Boss Battle","floor":45,"turns":10},{"damage":88,"enemies":"Transient","floor":46,"turns":4}],"seed_played":"-2990937383346439931","potions_obtained":[{"floor":4.0,"key":"FocusPotion"},{"floor":7,"key":"LiquidBronze"},{"floor":8,"key":"SneckoOil"},{"floor":12,"key":"Dexterity Potion"},{"floor":20,"key":"Energy Potion"},{"floor":35,"key":"Explosive Potion"},{"floor":38,"key":"Fire Potion"}],"is_trial":false,"path_per_floor":["M","?","M","M","?","?","E","M","T","E","R","M","R","M","R","B",null,"M","?","M","$","?","R","?","E","T","$","M","?","M","M","R","B",null,"M","?","M","M","?","E","R","E","T","M","?","M"],"character_chosen":"DEFECT","items_purchased":["Defragment","PreservedInsect","Coolheaded","Turbo","Self Repair"],"campfire_rested":3,"item_purchase_floors":[21,21,21,21,27],"current_hp_per_floor":[64,57,57,57,57,57,29,20,20,3,37,37,37,36,36,26,55,55,55,44,44,44,44,44,40,40,40,20,20,26,40,66,52,63,65,65,68,70,57,37,70,70,70,49,62,0],"gold":455,"neow_bonus":"THREE_ENEMY_KILL","is_prod":false,"is_daily":false,"chose_seed":false,"campfire_upgraded":3,"win_rate":0,"timestamp":1551324372,"path_taken":["M","?","M","M","?","?","E","?","T","E","R","M","R","M","R","BOSS","M","?","M","$","?","R","?","E","T","?","M","?","M","M","R","BOSS","M","?","?","M","?","E","R","E","T","M","?","M"],"build_version":"2019-01-23","purchased_purges":1,"victory":false,"max_hp_per_floor":[71,71,71,71,64,64,64,64,64,64,64,64,64,64,64,64,64,64,64,64,64,64,64,64,64,64,64,64,64,64,66,66,66,66,68,68,68,70,70,70,70,70,70,70,72,72],"card_choices":[{"not_picked":["Stack","Ball Lightning"],"picked":"Cold Snap","floor":1.0},{"not_picked":["Compile Driver","Rebound"],"picked":"Glacier","floor":3.0},{"not_picked":["Steam","Glacier"],"picked":"Lockon","floor":4.0},{"not_picked":["Beam Cell","Compile Driver"],"picked":"Sunder","floor":7},{"not_picked":["Conserve Battery","Steam"],"picked":"Ball Lightning","floor":8},{"not_picked":["Glacier","Blizzard"],"picked":"Cold Snap","floor":10},{"not_picked":["Fusion","Gash"],"picked":"Darkness","floor":12},{"not_picked":["Hello World","Compile Driver"],"picked":"Genetic Algorithm","floor":14},{"not_picked":["Hyperbeam","Buffer"],"picked":"Fission","floor":16},{"not_picked":["Rebound","Gash"],"picked":"Redo+1","floor":18},{"not_picked":["Genetic Algorithm","Blizzard"],"picked":"Stack+1","floor":20},{"not_picked":["Melter","Thunder Strike"],"picked":"Ball Lightning+1","floor":25},{"not_picked":["Go for the Eyes","Cold Snap"],"picked":"Stack+1","floor":28},{"not_picked":["Barrage","Steam"],"picked":"Beam Cell","floor":30},{"not_picked":["Undo","Turbo","Leap"],"picked":"Singing Bowl","floor":31},{"not_picked":["Hyperbeam","Amplify"],"picked":"Multi-Cast","floor":33},{"not_picked":["Rebound+1","Barrage+1","Hologram"],"picked":"Singing Bowl","floor":35},{"not_picked":["Tempest","Conserve Battery+1"],"picked":"Compile Driver","floor":37},{"not_picked":["Cold Snap","Tempest","Redo"],"picked":"Singing Bowl","floor":38},{"not_picked":["Gash","Steam"],"picked":"Chill","floor":40},{"not_picked":["Gash","Chill"],"picked":"Blizzard+1","floor":42},{"not_picked":["Turbo","Streamline"],"picked":"Core Surge","floor":44},{"not_picked":["Streamline","Darkness","Cold Snap"],"picked":"Singing Bowl","floor":45}],"player_experience":405680,"relics_obtained":[{"floor":7,"key":"Centennial Puzzle"},{"floor":9,"key":"Oddly Smooth Stone"},{"floor":10,"key":"Torii"},{"floor":25,"key":"Tiny Chest"},{"floor":26,"key":"Singing Bowl"},{"floor":40,"key":"Bag of Preparation"},{"floor":42,"key":"Peace Pipe"},{"floor":45,"key":"Shovel"}],"event_choices":[{"cards_removed":["Strike_B"],"damage_healed":0.0,"max_hp_gain":0.0,"max_hp_loss":0.0,"gold_gain":0.0,"event_name":"Golden Wing","player_choice":"Card Removal","floor":2.0,"gold_loss":0.0,"damage_taken":7.0},{"damage_healed":0.0,"max_hp_gain":0.0,"max_hp_loss":7.0,"gold_gain":0.0,"event_name":"Golden Idol","player_choice":"Lose Max HP","floor":5.0,"gold_loss":0.0,"damage_taken":0.0,"relics_obtained":["Golden Idol"]},{"damage_healed":0,"gold_gain":0,"player_choice":"Gave Potion","damage_taken":0,"relics_obtained":["Regal Pillow"],"max_hp_gain":0,"max_hp_loss":0,"event_name":"WeMeetAgain","floor":6,"gold_loss":0},{"damage_healed":0,"gold_gain":0,"player_choice":"Read","damage_taken":0,"max_hp_gain":0,"max_hp_loss":0,"event_name":"The Library","floor":19,"gold_loss":0,"cards_obtained":["Stack"]},{"damage_healed":0,"gold_gain":0,"player_choice":"Paid Fearfully","damage_taken":0,"max_hp_gain":0,"max_hp_loss":0,"event_name":"Masked Bandits","floor":22,"gold_loss":15},{"damage_healed":0,"gold_gain":0,"player_choice":"Gave Idol","damage_taken":0,"relics_obtained":["Bloody Idol"],"max_hp_gain":0,"max_hp_loss":0,"event_name":"Forgotten Altar","floor":24,"relics_lost":["Golden Idol"],"gold_loss":0},{"damage_healed":0,"gold_gain":0,"cards_transformed":["Strike_B","Strike_B"],"player_choice":"Became Test Subject","damage_taken":0,"max_hp_gain":0,"max_hp_loss":0,"event_name":"Drug Dealer","floor":29,"gold_loss":0,"cards_obtained":["Auto Shields","Darkness"]},{"damage_healed":0,"gold_gain":0,"player_choice":"Upgraded","damage_taken":0,"max_hp_gain":0,"max_hp_loss":0,"event_name":"Upgrade Shrine","floor":36,"gold_loss":0,"cards_upgraded":["Defragment"]},{"damage_healed":0,"gold_gain":0,"player_choice":"Embrace Madness","damage_taken":13,"max_hp_gain":0,"max_hp_loss":0,"event_name":"Winding Halls","floor":39,"gold_loss":0,"cards_obtained":["Madness","Madness"]},{"damage_healed":0,"gold_gain":0,"player_choice":"Fight","damage_taken":0,"max_hp_gain":0,"max_hp_loss":0,"event_name":"MindBloom","floor":45,"gold_loss":0}],"is_beta":false,"boss_relics":[{"not_picked":["Tiny House","Busted Crown"],"picked":"Runic Pyramid"},{"not_picked":["Pandora\u0027s Box","Velvet Choker"],"picked":"Nuclear Battery"}],"items_purged_floors":[21],"is_endless":false,"potions_floor_spawned":[4,7,8,12,20,25,30,31,35,38],"killed_by":"Transient","ascension_level":18}