{"gold_per_floor":[109,124,124,135,135,160,160,194,194,34,44,44,44,58,58,58],"floor_reached":16,"playtime":551,"items_purged":[],"score":138,"play_id":"27da3957-e793-48e7-9c81-1ac1f59e661a","local_time":"20190228211736","is_ascension_mode":true,"campfire_choices":[{"data":"Bash","floor":7,"key":"SMITH"},{"data":"Barricade","floor":13,"key":"SMITH"},{"floor":15,"key":"REST"}],"neow_cost":"NONE","seed_source_timestamp":1371289303253791,"circlet_count":0,"master_deck":["Strike_R","Strike_R","Strike_R","Strike_R","Defend_R","Defend_R","Defend_R","Defend_R","Bash+1","Flame Barrier","Dropkick","Cleave","Flame Barrier","Barricade+1","Evolve","Battle Trance"],"relics":["Burning Blood","NeowsBlessing","Strawberry","Mummified Hand","Anchor"],"potions_floor_usage":[8,14,14,14],"damage_taken":[{"damage":0,"enemies":"Jaw Worm","floor":1,"turns":1},{"damage":0,"enemies":"2 Louse","floor":2,"turns":1},{"damage":0,"enemies":"Cultist","floor":4,"turns":1},{"damage":43,"enemies":"3 Sentries","floor":6,"turns":11},{"damage":30,"enemies":"Lagavulin","floor":8,"turns":7},{"damage":0,"enemies":"3 Louse","floor":11,"turns":2},{"damage":15,"enemies":"Gremlin Gang","floor":14,"turns":5},{"damage":50,"enemies":"Hexaghost","floor":16,"turns":15}],"seed_played":"-7593691770860311870","potions_obtained":[{"floor":1,"key":"SpeedPotion"},{"floor":8,"key":"SpeedPotion"},{"floor":11,"key":"LiquidBronze"},{"floor":12,"key":"Weak Potion"}],"is_trial":false,"path_per_floor":["M","M","?","M","?","E","R","E","T","$","M","?","R","M","R","B"],"character_chosen":"IRONCLAD","items_purchased":["Barricade"],"campfire_rested":1,"item_purchase_floors":[10],"current_hp_per_floor":[80,80,80,80,80,50,50,26,26,26,32,32,32,23,49,0],"gold":58,"neow_bonus":"THREE_ENEMY_KILL","is_prod":false,"is_daily":false,"chose_seed":false,"campfire_upgraded":2,"win_rate":0,"timestamp":1551406656,"path_taken":["M","M","?","M","?","E","R","E","T","$","M","?","R","?","R","BOSS"],"build_version":"2019-01-23","purchased_purges":0,"victory":false,"max_hp_per_floor":[80,80,80,80,80,87,87,87,87,87,87,87,87,87,87,87],"card_choices":[{"not_picked":["Combust","Heavy Blade"],"picked":"Flame Barrier","floor":1},{"not_picked":["Inflame","Havoc","Clash"],"picked":"SKIP","floor":2},{"not_picked":["Disarm","Shrug It Off"],"picked":"Cleave","floor":4},{"not_picked":["Havoc","Burning Pact"],"picked":"Flame Barrier","floor":6},{"not_picked":["Entrench","Sentinel","Cleave"],"picked":"SKIP","floor":8},{"not_picked":["Second Wind","True Grit"],"picked":"Evolve","floor":11},{"not_picked":["Searing Blow","Barricade"],"picked":"Battle Trance","floor":14}],"player_experience":409621,"relics_obtained":[{"floor":6,"key":"Strawberry"},{"floor":8,"key":"Mummified Hand"},{"floor":9,"key":"Anchor"}],"event_choices":[{"damage_healed":0,"gold_gain":0,"cards_transformed":["Strike_R"],"player_choice":"Change","damage_taken":0,"max_hp_gain":0,"max_hp_loss":0,"event_name":"Living Wall","floor":3,"gold_loss":0,"cards_obtained":["Dropkick"]},{"damage_healed":0,"gold_gain":0,"player_choice":"Ignored","damage_taken":0,"max_hp_gain":0,"max_hp_loss":0,"event_name":"Liars Game","floor":5,"gold_loss":0},{"damage_healed":0,"gold_gain":0,"player_choice":"Got Potions","damage_taken":0,"max_hp_gain":0,"max_hp_loss":0,"event_name":"Lab","floor":12,"gold_loss":0}],"is_beta":false,"boss_relics":[],"items_purged_floors":[],"is_endless":false,"potions_floor_spawned":[1,8,11],"killed_by":"Hexaghost","ascension_level":5}