{"path_per_floor":["M","$","M","?","M","E","R","M","T","R","M","R","?","M","R","B",null,"M","M","$","?","?","R","$","R","T","R","M","?","M","M","R"],"character_chosen":"THE_SILENT","items_purchased":["Noxious Fumes","Deflect","Crippling Poison"],"gold_per_floor":[117,21,36,36,47,75,75,92,92,92,47,47,47,63,63,164,164,164,164,12,12,12,12,12,12,12,12,12,12,12,12,12],"floor_reached":33,"campfire_rested":3,"playtime":1336,"current_hp_per_floor":[52,52,52,45,45,18,38,30,30,30,30,30,30,29,29,11,53,37,37,37,37,37,57,57,57,57,57,57,57,46,43,63],"items_purged":["Strike_G"],"gold":12,"score":380,"play_id":"41c51d3b-0e38-4cf8-9e2b-6b0b47f092dc","is_prod":false,"is_daily":false,"is_ascension_mode":true,"campfire_upgraded":5,"path_taken":["M","$","M","?","M","E","R","M","T","R","?","R","?","?","R","BOSS","M","M","$","?","?","R","$","R","T","R","M","?","?","M","R","BOSS"],"build_version":"2018-02-22-PROD2","purchased_purges":1,"victory":false,"master_deck":["Defend_G","Defend_G","Defend_G","Defend_G","Defend_G","Strike_G","Strike_G","Strike_G","Survivor","Neutralize+1","Dagger Spray","Noxious Fumes+1","Deflect","Dodge and Roll+1","Leg Sweep","Footwork+1","Footwork+1","Blade Dance","Neutralize","Adrenaline","Bane+1","Crippling Poison","Injury","Die Die Die"],"max_hp_per_floor":[67,67,67,67,67,67,67,67,67,67,67,67,67,67,67,67,67,67,67,67,67,67,67,67,67,67,67,67,67,67,67,67],"relics":["Ring of the Snake","Orichalcum","Tough Bandages","Ectoplasm","Matryoshka"],"card_choices":[{"not_picked":["Deflect","Dagger Throw"],"picked":"Dagger Spray"},{"not_picked":["Deflect","Slice"],"picked":"Dodge and Roll"},{"not_picked":["Blur","Dodge and Roll"],"picked":"Leg Sweep"},{"not_picked":["Night Terror","Deflect"],"picked":"Footwork"},{"not_picked":["All Out Attack","Cloak And Dagger"],"picked":"Footwork"},{"not_picked":["Tactician","Doppelganger"],"picked":"Adrenaline"},{"not_picked":["Heel Hook","Outmaneuver"],"picked":"Bane"},{"not_picked":["Deflect","Acrobatics"],"picked":"Die Die Die"}],"player_experience":276791,"potions_floor_usage":[6,8,28,31,33],"damage_taken":[{"damage":11,"enemies":"Jaw Worm","floor":1,"turns":7},{"damage":0,"enemies":"Cultist","floor":3,"turns":4},{"damage":0,"enemies":"2 Louse","floor":5,"turns":3},{"damage":27,"enemies":"Gremlin Nob","floor":6,"turns":5},{"damage":8,"enemies":"Exordium Thugs","floor":8,"turns":6},{"damage":0,"enemies":"Looter","floor":11,"turns":5},{"damage":1,"enemies":"3 Louse","floor":14,"turns":6},{"damage":18,"enemies":"Hexaghost","floor":16,"turns":15},{"damage":16,"enemies":"Chosen","floor":18,"turns":9},{"damage":0,"enemies":"3 Byrds","floor":19,"turns":5},{"damage":0,"enemies":"Snecko","floor":28,"turns":7},{"damage":11,"enemies":"Centurion and Healer","floor":30,"turns":8},{"damage":3,"enemies":"Sentry and Sphere","floor":31,"turns":8},{"damage":67,"enemies":"Automaton","floor":33,"turns":10}],"event_choices":[{"event_name":"Golden Wing","player_choice":"Card Removal","floor":4,"damage_taken":0},{"event_name":"Match and Keep!","player_choice":"2 cards matched","floor":13,"damage_taken":0},{"event_name":"Accursed Blacksmith","player_choice":"Forge","floor":21,"damage_taken":0},{"event_name":"Vampires","player_choice":"Ignored","floor":22,"damage_taken":0},{"event_name":"The Mausoleum","player_choice":"No","floor":29,"damage_taken":0}],"boss_relics":[{"not_picked":["Pandora\u0027s Box","Calling Bell"],"picked":"Ectoplasm"}],"potions_floor_spawned":[5,6,14,28,30],"seed_played":"7144034798422597530","killed_by":"Automaton","ascension_level":11,"is_trial":false}