{"path_per_floor":["M","?","M","?","M","E","R","M","T","?","?","$","?","M","R"],"character_chosen":"IRONCLAD","items_purchased":["Dead Branch","Blood Vial"],"gold_per_floor":[368,368,382,382,398,433,433,452,506,506,541,13,13,33,33,33],"floor_reached":16,"campfire_rested":1,"playtime":1537,"item_purchase_floors":[12,12],"current_hp_per_floor":[80,60,57,57,59,38,38,44,44,32,17,17,17,19,43,0],"items_purged":["Normality"],"gold":33,"score":100,"play_id":"da211f47-6145-4827-87d3-054cd79cc80e","local_time":"20180527205242","is_prod":false,"is_daily":false,"chose_seed":false,"is_ascension_mode":false,"campfire_upgraded":1,"win_rate":0,"timestamp":1527450762,"campfire_choices":[{"data":"Headbutt","floor":7,"key":"SMITH"},{"floor":15,"key":"REST"}],"path_taken":["M","?","?","?","M","E","R","M","T","?","?","$","?","M","R","BOSS"],"build_version":"2018-05-24","seed_source_timestamp":443759685974573,"purchased_purges":1,"victory":false,"master_deck":["Strike_R","Strike_R","Strike_R+1","Strike_R","Strike_R+1","Defend_R","Defend_R","Defend_R","Defend_R","Bash","Shrug It Off+1","Headbutt+1","Heavy Blade","Battle Trance","True Grit","Headbutt"],"max_hp_per_floor":[80,80,80,80,80,80,80,80,80,80,80,80,80,80,80,80],"relics":["Burning Blood","Golden Idol","Bottled Flame","Whetstone","Potion Belt","Odd Mushroom","Dead Branch","Blood Vial"],"card_choices":[{"not_picked":["Warcry","Second Wind","Ghostly Armor"],"picked":"SKIP","floor":1},{"not_picked":["Wild Strike","Ghostly Armor"],"picked":"Shrug It Off","floor":3},{"not_picked":["Rupture","Shockwave"],"picked":"Headbutt","floor":5},{"not_picked":["Second Wind","Clothesline"],"picked":"Heavy Blade","floor":6},{"not_picked":["Sever Soul","Shockwave"],"picked":"Battle Trance","floor":8},{"not_picked":["Pommel Strike","Twin Strike"],"picked":"True Grit","floor":11},{"not_picked":["Armaments","Pummel"],"picked":"Headbutt","floor":14}],"player_experience":136703,"potions_floor_usage":[6,6,16],"damage_taken":[{"damage":1,"enemies":"Jaw Worm","floor":1,"turns":6},{"damage":9,"enemies":"2 Louse","floor":3,"turns":3},{"damage":4,"enemies":"Cultist","floor":5,"turns":4},{"damage":35,"enemies":"Gremlin Nob","floor":6,"turns":5},{"damage":0,"enemies":"3 Louse","floor":8,"turns":3},{"damage":21,"enemies":"The Mushroom Lair","floor":11,"turns":4},{"damage":6,"enemies":"Exordium Thugs","floor":14,"turns":5},{"damage":46,"enemies":"Hexaghost","floor":16,"turns":14}],"relics_obtained":[{"floor":6,"key":"Bottled Flame"},{"floor":9,"key":"Whetstone"},{"floor":11,"key":"Odd Mushroom"}],"event_choices":[{"event_name":"Golden Idol","player_choice":"Take Damage","floor":2,"damage_taken":0},{"event_name":"Accursed Blacksmith","player_choice":"Forge","floor":4,"damage_taken":0},{"event_name":"Scrap Ooze","player_choice":"success","floor":10,"damage_taken":12},{"event_name":"Mushrooms","player_choice":"Fought Mushrooms","floor":11,"damage_taken":0},{"event_name":"Liars Game","player_choice":"disagreed","floor":13,"damage_taken":0}],"boss_relics":[],"items_purged_floors":[12],"potions_floor_spawned":[3,5,14],"seed_played":"5709941239589454012","killed_by":"Hexaghost","ascension_level":0,"potions_obtained":[{"floor":3,"key":"BloodPotion"},{"floor":5,"key":"Fire Potion"},{"floor":14,"key":"SkillPotion"}],"is_trial":false}