{"gold_per_floor":[114,114,64,139,151,151,171,171,171,206,216,316,332,350,350,350],"floor_reached":16,"playtime":771,"items_purged":[],"score":102,"play_id":"ae9cbe2c-6c2f-4822-b5c3-153846bc8fd8","local_time":"20190523023639","is_ascension_mode":false,"campfire_choices":[{"data":"Choke","floor":6.0,"key":"SMITH"},{"data":"Poisoned Stab","floor":8.0,"key":"SMITH"},{"floor":15,"key":"REST"}],"neow_cost":"NONE","seed_source_timestamp":0,"circlet_count":0,"master_deck":["Defend_G+1","Defend_G","Defend_G","Defend_G","Strike_G","Strike_G","Strike_G","Strike_G","Strike_G","Survivor+1","Neutralize","Regret","Choke+1","Poisoned Stab+1","Footwork","Blade Dance"],"special_seed":0,"relics":["Ring of the Snake","Bronze Scales","War Paint","Blood Vial"],"potions_floor_usage":[16,16,16],"damage_taken":[{"damage":0.0,"enemies":"2 Louse","floor":1.0,"turns":2.0},{"damage":2.0,"enemies":"Cultist","floor":5.0,"turns":4.0},{"damage":3.0,"enemies":"Small Slimes","floor":7.0,"turns":2.0},{"damage":8,"enemies":"Gremlin Nob","floor":10,"turns":4},{"damage":0,"enemies":"2 Fungi Beasts","floor":11,"turns":3},{"damage":7,"enemies":"Exordium Wildlife","floor":13,"turns":3},{"damage":6,"enemies":"Gremlin Gang","floor":14,"turns":7},{"damage":63,"enemies":"Slime Boss","floor":16,"turns":12}],"seed_played":"-1860554360227279105","potions_obtained":[{"floor":1.0,"key":"Fire Potion"},{"floor":5.0,"key":"EssenceOfSteel"},{"floor":10,"key":"SteroidPotion"}],"is_trial":false,"path_per_floor":["M","?","?","?","M","R","M","R","T","E","M","?","M","M","R","B"],"character_chosen":"THE_SILENT","items_purchased":[],"campfire_rested":1,"item_purchase_floors":[],"current_hp_per_floor":[70,70,70,59,57,57,54,54,54,46,48,48,43,39,60,0],"gold":350,"neow_bonus":"RANDOM_COMMON_RELIC","is_prod":false,"is_daily":false,"chose_seed":false,"campfire_upgraded":2,"win_rate":0,"timestamp":1558607799,"path_taken":["M","?","?","?","M","R","M","R","T","E","M","?","?","M","R","BOSS"],"build_version":"2019-01-23","purchased_purges":0,"victory":false,"max_hp_per_floor":[70,70,70,70,70,70,70,70,70,70,70,70,70,70,70,70],"card_choices":[{"not_picked":["Catalyst","Slice","Bane"],"picked":"SKIP","floor":1.0},{"not_picked":["Outmaneuver","Quick Slash"],"picked":"Choke","floor":5.0},{"not_picked":["Masterful Stab","Accuracy"],"picked":"Poisoned Stab","floor":7.0},{"not_picked":["Acrobatics","Heel Hook"],"picked":"Footwork","floor":10},{"not_picked":["Quick Slash","Flying Knee"],"picked":"Blade Dance","floor":11},{"not_picked":["Calculated Gamble","Heel Hook","A Thousand Cuts"],"picked":"SKIP","floor":13},{"not_picked":["Slice","Skewer","Heel Hook"],"picked":"SKIP","floor":14}],"player_experience":407855,"relics_obtained":[{"floor":10,"key":"Blood Vial"}],"event_choices":[{"damage_healed":0.0,"max_hp_gain":0.0,"max_hp_loss":0.0,"gold_gain":0.0,"event_name":"Big Fish","player_choice":"Box","floor":2.0,"gold_loss":0.0,"damage_taken":0.0,"relics_obtained":["War Paint"],"cards_obtained":["Regret"]},{"cards_removed":["Defend_G"],"damage_healed":0.0,"max_hp_gain":0.0,"max_hp_loss":0.0,"gold_gain":0.0,"event_name":"The Cleric","player_choice":"Card Removal","floor":3.0,"gold_loss":50.0,"damage_taken":0.0},{"damage_healed":0.0,"max_hp_gain":0.0,"max_hp_loss":0.0,"gold_gain":75.0,"event_name":"World of Goop","player_choice":"Gather Gold","floor":4.0,"gold_loss":0.0,"damage_taken":11.0},{"damage_healed":0,"gold_gain":100,"player_choice":"Pray","damage_taken":0,"max_hp_gain":0,"max_hp_loss":0,"event_name":"Golden Shrine","floor":12,"gold_loss":0}],"is_beta":false,"boss_relics":[],"items_purged_floors":[],"is_endless":false,"potions_floor_spawned":[1,5,10,11],"killed_by":"Slime Boss","ascension_level":0}