{"gold_per_floor":[11,21,21,40,56,84,104,115,115,115,115,130,130,163,163,288,288,306,329,79,92,107,147,197,197,247,265,285,306,326,340,340,465,465,489,489,489,822,841,841],"floor_reached":40,"playtime":2632,"items_purged":[],"score":583,"play_id":"16e33947-5b11-4b83-a624-7697028ac5e3","local_time":"20190116160105","is_ascension_mode":true,"campfire_choices":[{"floor":10.0,"key":"REST"},{"floor":13.0,"key":"REST"},{"data":"Zap","floor":15.0,"key":"SMITH"},{"floor":25.0,"key":"REST"},{"floor":32.0,"key":"REST"}],"neow_cost":"NO_GOLD","seed_source_timestamp":0,"circlet_count":0,"master_deck":["Strike_B","Strike_B","Strike_B","Strike_B+1","Defend_B","Defend_B","Defend_B","Defend_B","Zap+1","Dualcast","All For One","Steam Power","Defragment","Ball Lightning+1","Steam","Beam Cell","FTL","Conserve Battery","Conserve Battery","Core Surge","BootSequence+1","Force Field","Gash","Chill","White Noise","Double Energy","Redo+1","Coolheaded+1","Gash","Self Repair","Buffer","White Noise","Beam Cell","Redo+1","Turbo","Go for the Eyes+1","Reprogram+1"],"special_seed":0,"relics":["Cracked Core","Thread and Needle","Omamori","Boot","Cursed Key","Ornamental Fan","Whetstone","Strawberry","Orrery"],"potions_floor_usage":[],"damage_taken":[{"damage":1.0,"enemies":"Cultist","floor":1.0,"turns":3.0},{"damage":2.0,"enemies":"Jaw Worm","floor":2.0,"turns":3.0},{"damage":0.0,"enemies":"2 Louse","floor":4.0,"turns":2.0},{"damage":23.0,"enemies":"Gremlin Gang","floor":5.0,"turns":5.0},{"damage":25.0,"enemies":"3 Sentries","floor":6.0,"turns":5.0},{"damage":19.0,"enemies":"Exordium Wildlife","floor":7.0,"turns":3.0},{"damage":0.0,"enemies":"Large Slime","floor":8.0,"turns":3.0},{"damage":2.0,"enemies":"Looter","floor":12.0,"turns":3.0},{"damage":16.0,"enemies":"Lagavulin","floor":14.0,"turns":6.0},{"damage":7.0,"enemies":"The Guardian","floor":16.0,"turns":8.0},{"damage":0.0,"enemies":"Chosen","floor":18.0,"turns":4.0},{"damage":5.0,"enemies":"2 Thieves","floor":19.0,"turns":4.0},{"damage":21.0,"enemies":"Shelled Parasite and Fungi","floor":21.0,"turns":6.0},{"damage":14.0,"enemies":"Snecko","floor":22.0,"turns":6.0},{"damage":14.0,"enemies":"Book of Stabbing","floor":23.0,"turns":6.0},{"damage":20.0,"enemies":"Chosen and Byrds","floor":27.0,"turns":7.0},{"damage":21.0,"enemies":"Shelled Parasite and Fungi","floor":28.0,"turns":5.0},{"damage":1.0,"enemies":"3 Cultists","floor":29.0,"turns":5.0},{"damage":0.0,"enemies":"Centurion and Healer","floor":30.0,"turns":7.0},{"damage":0.0,"enemies":"Cultist and Chosen","floor":31.0,"turns":7.0},{"damage":21.0,"enemies":"Champ","floor":33.0,"turns":11.0},{"damage":0,"enemies":"Orb Walker","floor":35,"turns":4},{"damage":9,"enemies":"3 Shapes","floor":39,"turns":4},{"damage":124,"enemies":"Giant Head","floor":40,"turns":9}],"seed_played":"8432999565279403812","potions_obtained":[{"floor":1.0,"key":"Regen Potion"},{"floor":3.0,"key":"FocusPotion"},{"floor":3.0,"key":"Strength Potion"},{"floor":6.0,"key":"Regen Potion"},{"floor":7.0,"key":"FocusPotion"},{"floor":16.0,"key":"Regen Potion"},{"floor":23.0,"key":"FairyPotion"},{"floor":27.0,"key":"Swift Potion"},{"floor":28.0,"key":"FocusPotion"},{"floor":29.0,"key":"PowerPotion"}],"is_trial":false,"path_per_floor":["M","M","?","M","M","E","M","M","T","R","?","M","R","E","R","B",null,"M","M","$","M","M","E","?","R","T","M","M","M","M","M","R","B",null,"M","?","?","?","M","E"],"character_chosen":"DEFECT","items_purchased":["Ornamental Fan"],"campfire_rested":4,"item_purchase_floors":[20],"current_hp_per_floor":[74,72,72,72,61,36,17,17,17,39,39,37,59,43,43,36,65,65,60,60,51,52,38,38,60,67,47,26,25,25,25,49,35,70,77,77,77,77,68,0],"gold":841,"neow_bonus":"THREE_RARE_CARDS","is_prod":false,"is_daily":false,"chose_seed":false,"campfire_upgraded":1,"win_rate":0,"timestamp":1547672465,"path_taken":["M","M","?","?","M","E","M","M","T","R","?","M","R","E","R","BOSS","M","M","$","M","M","E","?","R","T","M","M","M","M","?","R","BOSS","M","?","?","?","?","E"],"build_version":"2019-01-10","purchased_purges":0,"victory":false,"max_hp_per_floor":[75,75,75,75,75,75,75,75,75,75,75,75,75,75,75,75,75,75,75,75,75,75,75,75,75,82,82,82,82,82,82,82,82,82,82,82,82,82,82,82],"card_choices":[{"not_picked":["Creative AI","Buffer"],"picked":"All For One","floor":0.0},{"not_picked":["Streamline","Glacier"],"picked":"Steam Power","floor":1.0},{"not_picked":["Beam Cell","Aggregate"],"picked":"Defragment","floor":2.0},{"not_picked":["Rebound","Cold Snap"],"picked":"Ball Lightning","floor":4.0},{"not_picked":["Turbo","Streamline"],"picked":"Steam","floor":5.0},{"not_picked":["Sunder","Sweeping Beam"],"picked":"Beam Cell","floor":6.0},{"not_picked":["Beam Cell","Stack"],"picked":"FTL","floor":7.0},{"not_picked":["Consume","FTL"],"picked":"Steam","floor":8.0},{"not_picked":["Coolheaded","Genetic Algorithm"],"picked":"Conserve Battery","floor":12.0},{"not_picked":["Rainbow","Melter"],"picked":"Conserve Battery","floor":14.0},{"not_picked":["Meteor Strike","Rainbow"],"picked":"Core Surge","floor":16.0},{"not_picked":["Scrape","Ball Lightning+1"],"picked":"BootSequence+1","floor":18.0},{"not_picked":["Capacitor","Melter+1"],"picked":"Force Field","floor":19.0},{"not_picked":["Redo+1","Blizzard+1"],"picked":"Gash","floor":21.0},{"not_picked":["Loop","Stack+1"],"picked":"Chill","floor":22.0},{"not_picked":["Steam+1","Leap"],"picked":"White Noise","floor":23.0},{"not_picked":["Conserve Battery","Turbo+1"],"picked":"Double Energy","floor":27.0},{"not_picked":["Coolheaded+1","Lockon"],"picked":"Redo+1","floor":28.0},{"not_picked":["Chaos","Rebound+1"],"picked":"Coolheaded+1","floor":29.0},{"not_picked":["Blizzard","Turbo"],"picked":"Gash","floor":30.0},{"not_picked":["Ball Lightning","Double Energy"],"picked":"Self Repair","floor":31.0},{"not_picked":["Thunder Strike","Biased Cognition"],"picked":"Buffer","floor":33.0},{"not_picked":["Melter","Hologram"],"picked":"White Noise","floor":34},{"not_picked":["Redo","Recycle"],"picked":"Beam Cell","floor":34},{"not_picked":["Blizzard+1","Coolheaded"],"picked":"Redo+1","floor":34},{"not_picked":["Conserve Battery","Melter"],"picked":"Turbo","floor":34},{"not_picked":["Coolheaded","Rebound+1"],"picked":"Go for the Eyes+1","floor":35},{"not_picked":["Rip and Tear+1","Biased Cognition"],"picked":"Reprogram+1","floor":39}],"player_experience":102596,"relics_obtained":[{"floor":6.0,"key":"Thread and Needle"},{"floor":9.0,"key":"Omamori"},{"floor":14.0,"key":"Boot"},{"floor":23.0,"key":"Whetstone"},{"floor":26.0,"key":"Strawberry"}],"event_choices":[{"damage_healed":0.0,"max_hp_gain":0.0,"max_hp_loss":0.0,"gold_gain":0.0,"event_name":"Lab","player_choice":"Got Potions","floor":3.0,"gold_loss":0.0,"damage_taken":0.0},{"damage_healed":0.0,"max_hp_gain":0.0,"max_hp_loss":0.0,"gold_gain":0.0,"event_name":"Golden Idol","player_choice":"Take Wound","floor":11.0,"gold_loss":0.0,"damage_taken":0.0,"relics_obtained":["Golden Idol"],"cards_obtained":["Injury"]},{"damage_healed":0.0,"max_hp_gain":0.0,"max_hp_loss":0.0,"gold_gain":100.0,"event_name":"The Joust","player_choice":"Bet on Murderer","floor":24.0,"gold_loss":50.0,"damage_taken":0.0},{"cards_removed":["Steam"],"damage_healed":0,"gold_gain":0,"player_choice":"Removed Skill","damage_taken":0,"max_hp_gain":0,"max_hp_loss":0,"event_name":"Falling","floor":36,"gold_loss":0},{"damage_healed":0,"gold_gain":0,"player_choice":"Ignored","damage_taken":0,"max_hp_gain":0,"max_hp_loss":0,"event_name":"Tomb of Lord Red Mask","floor":37,"gold_loss":0},{"damage_healed":0,"gold_gain":333,"player_choice":"Gave Idol","damage_taken":0,"max_hp_gain":0,"max_hp_loss":0,"event_name":"The Moai Head","floor":38,"relics_lost":["Golden Idol"],"gold_loss":0}],"is_beta":false,"boss_relics":[{"not_picked":["Philosopher\u0027s Stone","Snecko Eye"],"picked":"Cursed Key"},{"not_picked":["Velvet Choker","Lizard Tail"],"picked":"Orrery"}],"items_purged_floors":[],"is_endless":false,"potions_floor_spawned":[1,4,6,7,16,19,23,27,28,29,31],"killed_by":"Giant Head","ascension_level":5}