{"gold_per_floor":[112,131,150,161,177,212,212,182,209,134,134,152,180,191,191,289,289,307,324,342,355,150,162,177,276,328,418,418,431,431,445,445,445],"floor_reached":33,"playtime":5461,"items_purged":["Defend_B","Defend_B"],"score":265,"play_id":"ad0cbf84-142f-4489-a248-ba5a3d8a3cb3","local_time":"20180717230624","is_ascension_mode":false,"campfire_choices":[{"floor":7,"key":"REST"},{"data":"Self Repair","floor":11,"key":"SMITH"},{"data":"Hologram","floor":15,"key":"SMITH"},{"floor":28,"key":"REST"},{"floor":32,"key":"REST"}],"neow_cost":"NONE","seed_source_timestamp":269877463948777,"circlet_count":0,"master_deck":["Strike_B","Strike_B","Strike_B","Zap","Dualcast","Steam","Genetic Algorithm","Steam","Static Discharge","Self Repair+1","Chill","Self Repair+1","Hologram+1","Creative AI+1","Darkness+1","Thunder Strike+1","Fusion+1","Conserve Battery","Chill+1","Streamline","Defragment+1","Steam+1"],"special_seed":17729,"relics":["Cracked Core","Frozen Egg 2","Art of War","Dream Catcher","Astrolabe","Ancient Tea Set"],"potions_floor_usage":[13,16,16,16,20,20,20,23,30],"damage_taken":[{"damage":1,"enemies":"Cultist","floor":1,"turns":3},{"damage":1,"enemies":"2 Louse","floor":2,"turns":2},{"damage":4,"enemies":"Jaw Worm","floor":3,"turns":4},{"damage":11,"enemies":"3 Louse","floor":4,"turns":6},{"damage":10,"enemies":"Exordium Thugs","floor":5,"turns":5},{"damage":18,"enemies":"Gremlin Nob","floor":6,"turns":5},{"damage":3,"enemies":"Looter","floor":8,"turns":4},{"damage":0,"enemies":"2 Fungi Beasts","floor":12,"turns":4},{"damage":5,"enemies":"3 Sentries","floor":13,"turns":12},{"damage":2,"enemies":"3 Louse","floor":14,"turns":5},{"damage":25,"enemies":"Slime Boss","floor":16,"turns":12},{"damage":25,"enemies":"3 Byrds","floor":18,"turns":3},{"damage":17,"enemies":"Shell Parasite","floor":19,"turns":5},{"damage":54,"enemies":"Cultist and Chosen","floor":20,"turns":7},{"damage":29,"enemies":"Centurion and Healer","floor":21,"turns":7},{"damage":19,"enemies":"Snake Plant","floor":23,"turns":6},{"damage":34,"enemies":"Chosen and Byrds","floor":24,"turns":7},{"damage":14,"enemies":"Centurion and Healer","floor":29,"turns":9},{"damage":49,"floor":30,"turns":5},{"damage":25,"enemies":"Slaver and Parasite","floor":31,"turns":8},{"damage":58,"enemies":"Champ","floor":33,"turns":11}],"seed_played":"-3993639671930347912","potions_obtained":[{"floor":6,"key":"Strength Potion"},{"floor":12,"key":"Weak Potion"},{"floor":13,"key":"Weak Potion"},{"floor":14,"key":"PowerPotion"},{"floor":16,"key":"SkillPotion"},{"floor":18,"key":"Weak Potion"},{"floor":19,"key":"Fruit Juice"},{"floor":29,"key":"SmokeBomb"}],"is_trial":false,"path_per_floor":["M","M","M","M","M","E","R","M","T","$","R","M","E","M","R","B",null,"M","M","M","M","$","M","M","?","T","?","R","M","?","M","R"],"character_chosen":"DEFECT","items_purchased":["Fruit Juice"],"campfire_rested":3,"item_purchase_floors":[22],"current_hp_per_floor":[74,73,69,58,48,37,59,63,63,63,63,73,75,75,75,70,75,70,73,44,35,35,61,47,47,47,31,56,62,33,28,53,0],"gold":445,"neow_bonus":"THREE_CARDS","is_prod":false,"is_daily":false,"chose_seed":false,"campfire_upgraded":2,"win_rate":0.0,"timestamp":1531865184,"path_taken":["M","M","M","M","M","E","R","M","T","$","R","M","E","M","R","BOSS","M","M","M","M","$","M","M","?","T","?","R","M","?","M","R","BOSS"],"build_version":"2018-07-12","purchased_purges":2,"victory":false,"max_hp_per_floor":[75,75,75,75,75,75,75,75,75,75,75,75,75,75,75,75,75,75,75,80,80,80,85,85,85,85,85,85,85,85,85,85,85],"card_choices":[{"not_picked":["Streamline","Beam Cell"],"picked":"Steam","floor":1},{"not_picked":["Coolheaded","Storm"],"picked":"Genetic Algorithm","floor":2},{"not_picked":["Stack","Beam Cell"],"picked":"Steam","floor":3},{"not_picked":["Beam Cell","Cold Snap"],"picked":"Static Discharge","floor":4},{"not_picked":["Aggregate","Coolheaded"],"picked":"Self Repair","floor":5},{"not_picked":["All For One","Stack"],"picked":"Chill","floor":6},{"not_picked":["Blizzard","Stack","Aggregate"],"picked":"SKIP","floor":8},{"not_picked":["Scrape","Rip and Tear","Stack"],"picked":"SKIP","floor":12},{"not_picked":["Go for the Eyes","Genetic Algorithm"],"picked":"Self Repair+1","floor":13},{"not_picked":["Sweeping Beam","White Noise"],"picked":"Hologram","floor":14},{"not_picked":["Fission","Multi-Cast"],"picked":"Creative AI+1","floor":16},{"not_picked":["Gash","Ball Lightning","Static Discharge+1"],"picked":"SKIP","floor":18},{"not_picked":["Hologram","Stack","Chill+1"],"picked":"SKIP","floor":19},{"not_picked":["Blizzard+1","Hologram","Aggregate"],"picked":"SKIP","floor":20},{"not_picked":["Fission","Barrage"],"picked":"Conserve Battery","floor":21},{"not_picked":["Tempest+1","Compile Driver"],"picked":"Chill+1","floor":23},{"not_picked":["Cold Snap","Hologram"],"picked":"Streamline","floor":24},{"not_picked":["Skim+1","Gash"],"picked":"Defragment+1","floor":29},{"not_picked":["Compile Driver+1","Streamline+1"],"picked":"Steam+1","floor":31}],"player_experience":296385,"relics_obtained":[{"floor":6,"key":"Frozen Egg 2"},{"floor":9,"key":"Art of War"},{"floor":13,"key":"Dream Catcher"},{"floor":26,"key":"Ancient Tea Set"}],"event_choices":[{"event_name":"Nest","player_choice":"Stole From Cult","floor":25,"damage_taken":0},{"event_name":"Knowing Skull","player_choice":"GOLD ","floor":27,"damage_taken":0},{"event_name":"Masked Bandits","player_choice":"Fought over 431 gold","floor":30,"damage_taken":0}],"boss_relics":[{"not_picked":["Orrery","Runic Pyramid"],"picked":"Astrolabe"}],"items_purged_floors":[10,22],"is_endless":false,"potions_floor_spawned":[6,12,13,14,16,18,19,29],"killed_by":"Champ","ascension_level":0}