{"gold_per_floor":[116,116,116,128,147,179,179,192,192,206,226,301,315,349,349,453,453,468,479,179,179,192,192,43,58,58,73,87,105,105,20,20,119,119,135,135,153,165,65,65,98,98,98,19,30,64,77,88,88,88,88,88,10,40,40],"floor_reached":56,"playtime":3193,"items_purged":["Strike_R","Defend_R"],"score":1524,"play_id":"9dbdb9e2-7905-4fb7-9554-aef5457d0b48","local_time":"20190317122911","is_ascension_mode":true,"campfire_choices":[{"data":"Uppercut","floor":7.0,"key":"SMITH"},{"data":"Anger","floor":15,"key":"SMITH"},{"data":"1","floor":23,"key":"LIFT"},{"data":"2","floor":30,"key":"LIFT"},{"data":"3","floor":32,"key":"LIFT"},{"floor":40,"key":"RECALL"},{"floor":49,"key":"REST"},{"data":"Evolve","floor":52,"key":"SMITH"}],"neow_cost":"NONE","seed_source_timestamp":0,"circlet_count":0,"master_deck":["Strike_R+1","Strike_R+1","Defend_R","Defend_R","Bash","Cleave","Shrug It Off+1","Anger+1","Uppercut+1","True Grit+1","Flame Barrier+1","Impervious+1","Disarm+1","Fiend Fire","Power Through+1","Shockwave+1","Battle Trance+1","Dropkick+1","Disarm+1","Ghostly Armor+1","Limit Break+1","Heavy Blade+1","Feel No Pain+1","Spot Weakness+1","Havoc+1","Panacea+1","Evolve+1","Shrug It Off+1","Corruption+1","Seeing Red+1","Spot Weakness+1","Power Through+1","Double Tap+1"],"special_seed":0,"relics":["Burning Blood","Whetstone","Toxic Egg 2","Champion Belt","Pocketwatch","Girya","Astrolabe","Bag of Preparation","PreservedInsect","Ornamental Fan","Anchor","Mark of Pain","Gremlin Horn","Juzu Bracelet","Boot"],"potions_floor_usage":[13,28,33,54,55],"damage_taken":[{"damage":2.0,"enemies":"Jaw Worm","floor":1.0,"turns":3.0},{"damage":0.0,"enemies":"Small Slimes","floor":4.0,"turns":3.0},{"damage":3.0,"enemies":"2 Louse","floor":5.0,"turns":3.0},{"damage":23.0,"enemies":"Gremlin Nob","floor":6.0,"turns":4.0},{"damage":28.0,"enemies":"Exordium Thugs","floor":8.0,"turns":7.0},{"damage":15,"enemies":"Gremlin Gang","floor":10,"turns":4},{"damage":0,"enemies":"3 Louse","floor":11,"turns":3},{"damage":0,"enemies":"2 Fungi Beasts","floor":13,"turns":5},{"damage":7,"enemies":"Lagavulin","floor":14,"turns":7},{"damage":15,"enemies":"The Guardian","floor":16,"turns":10},{"damage":4,"enemies":"3 Byrds","floor":18,"turns":6},{"damage":0,"enemies":"Shell Parasite","floor":19,"turns":4},{"damage":7,"enemies":"3 Cultists","floor":22,"turns":7},{"damage":5,"enemies":"Centurion and Healer","floor":25,"turns":5},{"damage":11,"enemies":"Sentry and Sphere","floor":27,"turns":8},{"damage":4,"enemies":"Snecko","floor":28,"turns":4},{"damage":0,"enemies":"3 Cultists","floor":29,"turns":8},{"damage":50,"enemies":"Collector","floor":33,"turns":10},{"damage":0,"enemies":"3 Darklings","floor":35,"turns":7},{"damage":0,"enemies":"Orb Walker","floor":37,"turns":3},{"damage":15,"enemies":"Jaw Worm Horde","floor":38,"turns":5},{"damage":5,"enemies":"Giant Head","floor":41,"turns":7},{"damage":2,"enemies":"3 Darklings","floor":45,"turns":5},{"damage":16,"enemies":"Nemesis","floor":46,"turns":7},{"damage":24,"enemies":"Transient","floor":47,"turns":5},{"damage":0,"enemies":"Maw","floor":48,"turns":7},{"damage":47,"enemies":"Awakened One","floor":50,"turns":7},{"damage":29,"enemies":"Shield and Spear","floor":54,"turns":8},{"damage":12,"enemies":"The Heart","floor":55,"turns":8}],"seed_played":"-4393324961047420676","potions_obtained":[{"floor":4.0,"key":"PowerPotion"},{"floor":5.0,"key":"Ancient Potion"},{"floor":8.0,"key":"Ancient Potion"},{"floor":11,"key":"Regen Potion"},{"floor":16,"key":"LiquidBronze"},{"floor":33,"key":"Fire Potion"},{"floor":37,"key":"SpeedPotion"},{"floor":46,"key":"FairyPotion"}],"is_trial":false,"path_per_floor":["M","?","?","M","M","E","R","M","T","M","M","?","M","E","R","B",null,"M","M","$","?","M","R","$","M","T","M","M","M","R","?","R","B",null,"M","?","M","M","$","R","E","?","T","$","M","E","M","M","R","B",null,"R","$","E","B",null],"character_chosen":"IRONCLAD","items_purchased":["Bag of Preparation","Disarm+1","PreservedInsect","Evolve","Power Through+1"],"campfire_rested":1,"item_purchase_floors":[20,20,24,44,53],"current_hp_per_floor":[76,69,69,75,78,61,61,39,39,30,36,25,45,44,44,35,69,71,77,77,69,68,68,68,69,69,64,66,72,72,72,72,28,67,73,73,79,70,70,70,71,71,71,71,75,65,47,53,77,36,69,69,69,46,40],"gold":40,"neow_bonus":"RANDOM_COMMON_RELIC","is_prod":false,"is_daily":false,"chose_seed":false,"campfire_upgraded":3,"win_rate":0,"timestamp":1552840151,"path_taken":["M","?","?","M","?","E","R","M","T","M","M","?","M","E","R","BOSS","M","M","$","?","M","R","?","M","T","M","?","M","R","?","R","BOSS","M","?","M","M","?","R","E","?","T","$","M","E","M","M","R","BOSS","R","$","E","BOSS"],"build_version":"2019-01-23","purchased_purges":2,"victory":true,"max_hp_per_floor":[80,80,80,80,80,80,80,80,80,80,80,80,80,80,80,80,80,80,80,80,80,80,80,80,80,80,80,80,80,80,80,80,80,80,80,80,80,80,80,80,80,80,80,80,80,80,80,80,80,80,80,80,80,80,80],"card_choices":[{"not_picked":["Corruption","Fire Breathing"],"picked":"Cleave","floor":1.0},{"not_picked":["Cleave","Body Slam"],"picked":"Shrug It Off+1","floor":4.0},{"not_picked":["Iron Wave","Warcry+1"],"picked":"Anger","floor":5.0},{"not_picked":["Reckless Charge","Metallicize"],"picked":"Uppercut","floor":6.0},{"not_picked":["Iron Wave","Fire Breathing"],"picked":"True Grit+1","floor":8.0},{"not_picked":["Fire Breathing","Dual Wield+1"],"picked":"Flame Barrier+1","floor":10},{"not_picked":["Sentinel+1","Iron Wave"],"picked":"Impervious+1","floor":11},{"not_picked":["Seeing Red+1","Perfected Strike"],"picked":"Disarm+1","floor":13},{"not_picked":["Anger","Clash","Reckless Charge"],"picked":"SKIP","floor":14},{"not_picked":["Berserk","Bludgeon"],"picked":"Fiend Fire","floor":16},{"not_picked":["Twin Strike+1","Sword Boomerang","Headbutt"],"picked":"SKIP","floor":18},{"not_picked":["Anger","Clothesline"],"picked":"Dropkick+1","floor":19},{"not_picked":["Iron Wave+1","Clothesline","Heavy Blade"],"picked":"SKIP","floor":22},{"not_picked":["Anger","Perfected Strike+1","Flame Barrier+1"],"picked":"SKIP","floor":25},{"not_picked":["Twin Strike","Clash","Pommel Strike+1"],"picked":"SKIP","floor":27},{"not_picked":["Clothesline","Twin Strike","Hemokinesis"],"picked":"SKIP","floor":28},{"not_picked":["Pommel Strike+1","Power Through+1"],"picked":"Ghostly Armor+1","floor":29},{"not_picked":["Offering+1","Demon Form"],"picked":"Limit Break+1","floor":33},{"not_picked":["Pommel Strike+1","Flex+1"],"picked":"Heavy Blade+1","floor":35},{"not_picked":["Heavy Blade+1","Ghostly Armor+1"],"picked":"Feel No Pain+1","floor":37},{"not_picked":["Dropkick+1","Evolve"],"picked":"Spot Weakness+1","floor":38},{"not_picked":["Burning Pact+1","Sword Boomerang"],"picked":"Havoc+1","floor":41},{"not_picked":["Dramatic Entrance","Panache"],"picked":"Panacea+1","floor":42},{"not_picked":["Heavy Blade","Wild Strike+1"],"picked":"Shrug It Off+1","floor":45},{"not_picked":["Shrug It Off+1","Clash"],"picked":"Corruption+1","floor":46},{"not_picked":["Perfected Strike","Armaments+1"],"picked":"Seeing Red+1","floor":47},{"not_picked":["Flex+1","Iron Wave"],"picked":"Spot Weakness+1","floor":48},{"not_picked":["Heavy Blade+1","Cleave+1"],"picked":"Double Tap+1","floor":54}],"player_experience":444144,"relics_obtained":[{"floor":6.0,"key":"Champion Belt"},{"floor":9,"key":"Pocketwatch"},{"floor":14,"key":"Girya"},{"floor":26,"key":"Ornamental Fan"},{"floor":41,"key":"Gremlin Horn"},{"floor":46,"key":"Juzu Bracelet"},{"floor":54,"key":"Boot"}],"event_choices":[{"damage_healed":0.0,"max_hp_gain":0.0,"max_hp_loss":0.0,"gold_gain":0.0,"event_name":"Scrap Ooze","player_choice":"Success","floor":2.0,"gold_loss":0.0,"damage_taken":7.0,"relics_obtained":["Toxic Egg 2"]},{"damage_healed":0.0,"max_hp_gain":0.0,"max_hp_loss":0.0,"gold_gain":0.0,"event_name":"Liars Game","player_choice":"Ignored","floor":3.0,"gold_loss":0.0,"damage_taken":0.0},{"damage_healed":0,"gold_gain":75,"player_choice":"Gather Gold","damage_taken":11,"max_hp_gain":0,"max_hp_loss":0,"event_name":"World of Goop","floor":12,"gold_loss":0},{"damage_healed":0,"gold_gain":0,"player_choice":"","damage_taken":8,"max_hp_gain":0,"max_hp_loss":0,"event_name":"Knowing Skull","floor":21,"potions_obtained":[],"gold_loss":0,"cards_obtained":[]},{"damage_healed":0,"gold_gain":0,"player_choice":"Obtained Relic","damage_taken":0,"relics_obtained":["Anchor"],"max_hp_gain":0,"max_hp_loss":0,"event_name":"Addict","floor":31,"gold_loss":85},{"damage_healed":0,"gold_gain":0,"player_choice":"Ignored","damage_taken":0,"max_hp_gain":0,"max_hp_loss":0,"event_name":"SecretPortal","floor":36,"gold_loss":0},{"damage_healed":0,"gold_gain":0,"player_choice":"Memory 1","damage_taken":0,"max_hp_gain":0,"max_hp_loss":0,"event_name":"SensoryStone","floor":42,"gold_loss":0}],"is_beta":false,"boss_relics":[{"not_picked":["Runic Cube","Pandora\u0027s Box"],"picked":"Astrolabe"},{"not_picked":["Runic Pyramid","Cursed Key"],"picked":"Mark of Pain"}],"items_purged_floors":[20,39],"is_endless":false,"potions_floor_spawned":[4,5,8,11,16,19,22,33,37,41,46],"ascension_level":7}