{"gold_per_floor":[110,129,147,147,147,188,188,226,226,246,246,267,267,305,305,396,396,416,416,429,339,339,379,399,434,482,548,548,591,614,20,20,115,115,130,196,41,41,59,59,82,113,113,113,153,153,153,187,199,211],"floor_reached":51,"playtime":2922,"items_purged":["Strike_R+1"],"score":1722,"play_id":"a558b06e-3167-43a9-bc9b-432a75bea429","local_time":"20180916104158","is_ascension_mode":true,"campfire_choices":[{"data":"Corruption","floor":11,"key":"SMITH"},{"data":"Sword Boomerang","floor":13,"key":"SMITH"},{"data":"Bash","floor":15,"key":"SMITH"},{"data":"Bludgeon","floor":28,"key":"SMITH"},{"floor":32,"key":"REST"},{"floor":40,"key":"REST"},{"floor":44,"key":"REST"},{"data":"Juggernaut","floor":46,"key":"SMITH"},{"data":"Dark Embrace","floor":49,"key":"SMITH"}],"neow_cost":"NONE","seed_source_timestamp":65271678094477,"circlet_count":0,"master_deck":["Strike_R+1","Strike_R+1","Defend_R+1","Defend_R+1","Defend_R+1","Defend_R+1","Bash+1","AscendersBane","Cleave","Sword Boomerang+1","Spot Weakness+1","Bludgeon+1","Corruption+1","Havoc+1","Intimidate+1","True Grit+1","Feed","Shrug It Off+1","Sever Soul","Armaments+1","Battle Trance+1","Feel No Pain+1","Demon Form+1","Warcry+1","Iron Wave","Warcry+1","Heavy Blade+1","Dark Embrace+1","Shrug It Off+1","Limit Break+1","Shockwave+1","Juggernaut+1","Shrug It Off+1","Flex+1","Seeing Red+1","Madness+1","Master of Strategy+1","Seeing Red+1"],"relics":["Black Blood","Red Skull","Golden Idol","Lantern","Toxic Egg 2","Potion Belt","Incense Burner","Snecko Eye","Dream Catcher","Blood Vial","Omamori","Tiny Chest","War Paint","Vajra","OrangePellets","Girya","Pocketwatch","Boot","Ancient Tea Set","MawBank"],"potions_floor_usage":[6,8,20,23,23,27,27,39,45,50],"damage_taken":[{"damage":9,"enemies":"Jaw Worm","floor":1,"turns":4},{"damage":6,"enemies":"Cultist","floor":2,"turns":3},{"damage":6,"enemies":"2 Louse","floor":3,"turns":2},{"damage":46,"enemies":"Lagavulin","floor":6,"turns":8},{"damage":5,"enemies":"3 Sentries","floor":8,"turns":8},{"damage":8,"enemies":"2 Fungi Beasts","floor":10,"turns":4},{"damage":12,"enemies":"Exordium Thugs","floor":12,"turns":3},{"damage":15,"enemies":"Lagavulin","floor":14,"turns":4},{"damage":13,"enemies":"The Guardian","floor":16,"turns":10},{"damage":42,"enemies":"Chosen","floor":18,"turns":6},{"damage":0,"enemies":"Spheric Guardian","floor":20,"turns":3},{"damage":29,"enemies":"Slavers","floor":23,"turns":7},{"damage":8,"enemies":"Snake Plant","floor":24,"turns":3},{"damage":2,"enemies":"Book of Stabbing","floor":25,"turns":4},{"damage":12,"enemies":"Slavers","floor":27,"turns":5},{"damage":0,"enemies":"Book of Stabbing","floor":29,"turns":4},{"damage":24,"enemies":"3 Cultists","floor":30,"turns":5},{"damage":41,"enemies":"Automaton","floor":33,"turns":8},{"damage":14,"enemies":"3 Darklings","floor":35,"turns":6},{"damage":32,"enemies":"Mysterious Sphere","floor":36,"turns":5},{"damage":18,"enemies":"3 Shapes","floor":39,"turns":4},{"damage":0,"enemies":"3 Darklings","floor":41,"turns":6},{"damage":57,"enemies":"2 Orb Walkers","floor":42,"turns":5},{"damage":0,"enemies":"Giant Head","floor":45,"turns":4},{"damage":11,"enemies":"2 Orb Walkers","floor":48,"turns":3},{"damage":0,"enemies":"Time Eater","floor":50,"turns":6}],"seed_played":"1779238078917947820","potions_obtained":[{"floor":2,"key":"Dexterity Potion"},{"floor":3,"key":"Block Potion"},{"floor":8,"key":"SteroidPotion"},{"floor":14,"key":"SpeedPotion"},{"floor":18,"key":"BloodPotion"},{"floor":20,"key":"PowerPotion"},{"floor":25,"key":"Poison Potion"},{"floor":35,"key":"Explosive Potion"},{"floor":39,"key":"Ancient Potion"},{"floor":41,"key":"PowerPotion"},{"floor":42,"key":"Dexterity Potion"}],"is_trial":false,"path_per_floor":["M","M","M","?","?","E","?","E","T","M","R","M","R","E","R","B",null,"M","?","M","$","?","E","M","E","T","E","R","E","M","$","R","B",null,"M","?","$","?","M","R","M","E","T","R","E","R","?","E","R","B"],"character_chosen":"IRONCLAD","items_purchased":["Regen Potion","Vajra","Iron Wave","Warcry+1","OrangePellets","Limit Break+1"],"campfire_rested":3,"item_purchase_floors":[21,31,31,31,31,37],"current_hp_per_floor":[65,65,65,65,65,25,47,48,48,46,46,40,40,31,31,24,57,21,21,36,36,36,28,26,30,30,29,29,37,21,21,43,13,61,59,42,42,42,36,60,72,27,27,51,63,63,58,62,62,74],"gold":223,"neow_bonus":"RANDOM_COMMON_RELIC","is_prod":false,"is_daily":false,"chose_seed":false,"campfire_upgraded":6,"win_rate":0,"timestamp":1537108918,"path_taken":["M","M","M","?","?","E","?","E","T","?","R","M","R","E","R","BOSS","M","?","?","$","?","E","M","E","T","E","R","E","M","$","R","BOSS","M","?","$","?","M","R","M","E","T","R","E","R","?","E","R","BOSS"],"build_version":"2018-09-06","purchased_purges":1,"victory":true,"max_hp_per_floor":[75,75,75,68,68,68,68,68,68,68,68,68,68,68,68,68,68,68,68,71,71,71,71,71,71,71,74,74,74,74,74,74,77,77,77,80,80,80,80,80,80,80,80,80,80,80,80,83,83,83],"card_choices":[{"not_picked":["Anger","Sever Soul"],"picked":"Cleave","floor":1},{"not_picked":["Sentinel","Havoc"],"picked":"Sword Boomerang","floor":2},{"not_picked":["Havoc","Intimidate"],"picked":"Spot Weakness","floor":3},{"not_picked":["Dropkick","Impervious"],"picked":"Bludgeon","floor":6},{"not_picked":["Havoc","Burning Pact"],"picked":"Corruption","floor":8},{"not_picked":["Dropkick","Rupture"],"picked":"Havoc+1","floor":10},{"not_picked":["Infernal Blade+1","Wild Strike"],"picked":"Intimidate+1","floor":12},{"not_picked":["Searing Blow","Hemokinesis"],"picked":"True Grit+1","floor":14},{"not_picked":["Berserk","Fiend Fire"],"picked":"Feed","floor":16},{"not_picked":["Cleave","Body Slam"],"picked":"Shrug It Off+1","floor":18},{"not_picked":["Thunderclap","Headbutt","Clash"],"picked":"SKIP","floor":20},{"not_picked":["Wild Strike","Infernal Blade+1","Combust+1"],"picked":"SKIP","floor":23},{"not_picked":["Rampage","Power Through+1"],"picked":"Armaments+1","floor":24},{"not_picked":["Carnage","Flex+1"],"picked":"Battle Trance+1","floor":25},{"not_picked":["Inflame","Rage+1"],"picked":"Feel No Pain+1","floor":27},{"not_picked":["Havoc+1","Ghostly Armor+1"],"picked":"Demon Form","floor":29},{"not_picked":["Dropkick","Thunderclap"],"picked":"Warcry+1","floor":30},{"not_picked":["Second Wind+1","Twin Strike"],"picked":"Heavy Blade+1","floor":32},{"not_picked":["Impervious+1","Offering+1"],"picked":"Dark Embrace","floor":33},{"not_picked":["Carnage+1","Armaments+1","Heavy Blade+1"],"picked":"SKIP","floor":35},{"not_picked":["Intimidate+1","Twin Strike"],"picked":"Shrug It Off+1","floor":36},{"not_picked":["Body Slam","Twin Strike"],"picked":"Shockwave+1","floor":39},{"not_picked":["Infernal Blade+1","Anger"],"picked":"Juggernaut","floor":40},{"not_picked":["Rage+1","Cleave+1"],"picked":"Shrug It Off+1","floor":41},{"not_picked":["Cleave","Armaments+1"],"picked":"Flex+1","floor":42},{"not_picked":["Burning Pact+1","Combust"],"picked":"Seeing Red+1","floor":44},{"not_picked":["Infernal Blade+1","Bloodletting+1","Feed"],"picked":"SKIP","floor":45},{"not_picked":["Dark Shackles+1","Enlightenment+1"],"picked":"Madness+1","floor":47},{"not_picked":["Good Instincts+1","Discovery+1"],"picked":"Master of Strategy+1","floor":47},{"not_picked":["Wild Strike","True Grit+1"],"picked":"Seeing Red+1","floor":48}],"player_experience":659974,"relics_obtained":[{"floor":6,"key":"Lantern"},{"floor":8,"key":"Toxic Egg 2"},{"floor":9,"key":"Potion Belt"},{"floor":14,"key":"Incense Burner"},{"floor":23,"key":"Dream Catcher"},{"floor":25,"key":"Blood Vial"},{"floor":26,"key":"Omamori"},{"floor":27,"key":"Tiny Chest"},{"floor":29,"key":"War Paint"},{"floor":36,"key":"Girya"},{"floor":42,"key":"Pocketwatch"},{"floor":43,"key":"Boot"},{"floor":45,"key":"Ancient Tea Set"},{"floor":48,"key":"MawBank"}],"event_choices":[{"event_name":"Golden Idol","player_choice":"Lose Max HP","floor":4,"damage_taken":0},{"event_name":"Purifier","player_choice":"One Purge","floor":5,"damage_taken":0},{"event_name":"Big Fish","player_choice":"Banana","floor":7,"damage_taken":0},{"event_name":"Back to Basics","player_choice":"Simplicity","floor":19,"damage_taken":0},{"event_name":"Transmorgrifier","player_choice":"Transform","floor":22,"damage_taken":0},{"event_name":"Mysterious Sphere","player_choice":"Fight","floor":36,"damage_taken":0},{"event_name":"Upgrade Shrine","player_choice":"Upgraded","floor":38,"damage_taken":0},{"event_name":"SensoryStone","player_choice":"Memory 2","floor":47,"damage_taken":0}],"is_beta":false,"boss_relics":[{"not_picked":["Cursed Key","Lizard Tail"],"picked":"Snecko Eye"},{"not_picked":["White Beast Statue","Tiny House"],"picked":"Black Blood"}],"items_purged_floors":[31],"is_endless":false,"potions_floor_spawned":[2,3,8,14,18,20,25,35,39,41,42],"ascension_level":17}