{"gold_per_floor":[111,261,186,19,32,65,80,80,127,127,155,5,33,52,52,126,126,139,154,5,5,21,52,52,80,80,135,135,151,151,151,151,223,223,241,241,1240,1240,443,476,476,494,520,533,553,553,571,30,30,30],"floor_reached":51,"playtime":4431,"items_purged":["Normality","Parasite"],"score":1411,"play_id":"022f710d-8046-447e-a334-d2c8f5a24ac7","local_time":"20190508172255","is_ascension_mode":true,"campfire_choices":[{"data":"Bouncing Flask","floor":8.0,"key":"SMITH"},{"data":"Neutralize","floor":10.0,"key":"SMITH"},{"floor":15.0,"key":"REST"},{"data":"Concentrate","floor":24.0,"key":"SMITH"},{"data":"Setup","floor":28.0,"key":"SMITH"},{"data":"After Image","floor":30.0,"key":"SMITH"},{"floor":32.0,"key":"REST"},{"floor":41.0,"key":"REST"},{"data":"Leg Sweep","floor":46.0,"key":"SMITH"},{"floor":49.0,"key":"REST"}],"neow_cost":"NONE","seed_source_timestamp":0,"circlet_count":0,"master_deck":["AscendersBane","Defend_G","Defend_G","Defend_G","Defend_G","Defend_G","Strike_G","Strike_G","Strike_G","Strike_G","Strike_G","Survivor","Neutralize+1","Sucker Punch","Bouncing Flask+1","Dagger Spray","Corpse Explosion","Setup+1","Die Die Die","After Image+1","Backflip","Die Die Die","Backflip","Concentrate+1","Impatience","Deadly Poison","Choke+1","Dodge and Roll+1","Leg Sweep+1","Backflip","Phantasmal Killer","Backstab","Madness","Madness","Infinite Blades+1","Quick Slash+1","Finisher+1","Cloak And Dagger+1","Deadly Poison+1","A Thousand Cuts+1","Apotheosis","Bandage Up"],"special_seed":0,"relics":["Ring of the Serpent","NeowsBlessing","Strawberry","Anchor","Omamori","Lantern","Vajra","Sozu","Frozen Egg 2","Happy Flower","The Courier","Centennial Puzzle","Blood Vial","Necronomicon","Ancient Tea Set","Kunai","Molten Egg 2","Regal Pillow","Question Card","Bag of Marbles","Ninja Scroll"],"potions_floor_usage":[],"damage_taken":[{"damage":0.0,"enemies":"2 Louse","floor":1.0,"turns":1.0},{"damage":0.0,"enemies":"Jaw Worm","floor":5.0,"turns":1.0},{"damage":0.0,"enemies":"3 Sentries","floor":6.0,"turns":1.0},{"damage":0.0,"enemies":"Cultist","floor":7.0,"turns":4.0},{"damage":16.0,"enemies":"Gremlin Nob","floor":11.0,"turns":5.0},{"damage":0.0,"enemies":"3 Sentries","floor":13.0,"turns":2.0},{"damage":0.0,"enemies":"Exordium Thugs","floor":14.0,"turns":2.0},{"damage":39.0,"enemies":"Slime Boss","floor":16.0,"turns":9.0},{"damage":0.0,"enemies":"3 Byrds","floor":18.0,"turns":2.0},{"damage":0.0,"enemies":"Chosen","floor":19.0,"turns":4.0},{"damage":1.0,"enemies":"Centurion and Healer","floor":22.0,"turns":4.0},{"damage":7.0,"enemies":"Gremlin Leader","floor":23.0,"turns":6.0},{"damage":3.0,"enemies":"Book of Stabbing","floor":25.0,"turns":5.0},{"damage":0.0,"enemies":"Cultist and Chosen","floor":29.0,"turns":4.0},{"damage":31.0,"enemies":"Automaton","floor":33.0,"turns":12.0},{"damage":0.0,"enemies":"3 Darklings","floor":35.0,"turns":2.0},{"damage":7.0,"enemies":"Reptomancer","floor":40.0,"turns":6.0},{"damage":0.0,"enemies":"3 Shapes","floor":42.0,"turns":3.0},{"damage":5.0,"enemies":"Writhing Mass","floor":44.0,"turns":4.0},{"damage":13.0,"enemies":"Transient","floor":45.0,"turns":5.0},{"damage":5.0,"enemies":"Jaw Worm Horde","floor":47.0,"turns":2.0},{"damage":24,"enemies":"Awakened One","floor":50,"turns":9}],"seed_played":"7667665709354494980","potions_obtained":[{"floor":1.0,"key":"Block Potion"},{"floor":6.0,"key":"Swift Potion"},{"floor":7.0,"key":"SkillPotion"},{"floor":14.0,"key":"PowerPotion"},{"floor":16.0,"key":"SpeedPotion"}],"is_trial":false,"path_per_floor":["M","?","?","$","M","E","M","R","T","R","E","$","E","M","R","B",null,"M","M","$","?","M","E","R","E","T","T","R","M","R","?","R","B",null,"M","?","?","?","$","E","R","M","T","M","M","R","M","$","R","B",null],"character_chosen":"THE_SILENT","items_purchased":["Strawberry","Die Die Die","Impatience","Deadly Poison","Ancient Tea Set","Kunai","Molten Egg 2","Regal Pillow","Infinite Blades+1","Ninja Scroll","Apotheosis","Bandage Up"],"campfire_rested":4,"item_purchase_floors":[4,12,20,20,39,39,39,39,39,48,48,48],"current_hp_per_floor":[59,59,59,66,66,66,66,66,66,66,50,50,50,50,71,32,63,63,63,63,63,62,55,55,52,52,52,52,54,54,33,54,25,61,63,50,50,50,50,45,73,73,73,68,57,57,54,54,70,52],"gold":30,"neow_bonus":"THREE_ENEMY_KILL","is_prod":false,"is_daily":false,"chose_seed":false,"campfire_upgraded":6,"win_rate":0,"timestamp":1557361375,"path_taken":["M","?","?","?","?","E","M","R","T","R","E","$","E","M","R","BOSS","M","M","$","?","?","E","R","E","T","?","R","M","R","?","R","BOSS","M","?","?","?","$","E","R","M","T","M","M","R","M","$","R","BOSS"],"build_version":"2019-01-23","purchased_purges":2,"victory":true,"max_hp_per_floor":[66,66,66,73,73,73,73,73,73,73,73,73,73,73,73,73,73,73,73,73,73,73,73,73,73,73,73,73,73,73,73,73,73,73,73,73,73,73,73,73,73,73,73,73,73,73,73,70,70,70],"card_choices":[{"not_picked":["Concentrate","Deadly Poison"],"picked":"Sucker Punch","floor":1.0},{"not_picked":["Flying Knee","Eviscerate"],"picked":"Bouncing Flask","floor":5.0},{"not_picked":["Dodge and Roll","Concentrate"],"picked":"Dagger Spray","floor":6.0},{"not_picked":["Catalyst","Flying Knee"],"picked":"Corpse Explosion","floor":7.0},{"not_picked":["Cloak And Dagger","Eviscerate"],"picked":"Setup","floor":11.0},{"not_picked":["Prepared","Endless Agony"],"picked":"After Image","floor":13.0},{"not_picked":["All Out Attack","Quick Slash"],"picked":"Backflip","floor":14.0},{"not_picked":["Grand Finale","Unload"],"picked":"Die Die Die","floor":16.0},{"not_picked":["Endless Agony","Reflex"],"picked":"Backflip","floor":18.0},{"not_picked":["Dagger Spray","Endless Agony"],"picked":"Concentrate","floor":19.0},{"not_picked":["Underhanded Strike","Distraction"],"picked":"Choke+1","floor":22.0},{"not_picked":["Grand Finale","Quick Slash"],"picked":"Dodge and Roll+1","floor":23.0},{"not_picked":["Sucker Punch","Predator"],"picked":"Leg Sweep","floor":25.0},{"not_picked":["Cloak And Dagger","Sucker Punch"],"picked":"Backflip","floor":29.0},{"not_picked":["Storm of Steel","Grand Finale"],"picked":"Phantasmal Killer","floor":33.0},{"not_picked":["Deflect","Acrobatics"],"picked":"Backstab","floor":35.0},{"not_picked":["Acrobatics","Dagger Throw+1"],"picked":"Quick Slash+1","floor":40.0},{"not_picked":["Caltrops+1","Dodge and Roll","Outmaneuver"],"picked":"Finisher+1","floor":42.0},{"not_picked":["Outmaneuver","Deadly Poison","Acrobatics"],"picked":"Cloak And Dagger+1","floor":44.0},{"not_picked":["Dodge and Roll","Expertise","Slice+1"],"picked":"Deadly Poison+1","floor":45.0},{"not_picked":["Flechettes+1","Slice+1","Caltrops+1"],"picked":"A Thousand Cuts+1","floor":47.0}],"player_experience":645252,"relics_obtained":[{"floor":6.0,"key":"Anchor"},{"floor":9.0,"key":"Omamori"},{"floor":11.0,"key":"Lantern"},{"floor":13.0,"key":"Vajra"},{"floor":23.0,"key":"Happy Flower"},{"floor":25.0,"key":"The Courier"},{"floor":26.0,"key":"Centennial Puzzle"},{"floor":27.0,"key":"Blood Vial"},{"floor":31.0,"key":"Necronomicon"},{"floor":40.0,"key":"Question Card"},{"floor":43.0,"key":"Bag of Marbles"}],"event_choices":[{"damage_healed":0.0,"max_hp_gain":0.0,"max_hp_loss":0.0,"gold_gain":150.0,"event_name":"Liars Game","player_choice":"AGREE","floor":2.0,"gold_loss":0.0,"damage_taken":0.0,"cards_obtained":["Doubt"]},{"cards_removed":["Doubt"],"damage_healed":0.0,"max_hp_gain":0.0,"max_hp_loss":0.0,"gold_gain":0.0,"event_name":"The Cleric","player_choice":"Card Removal","floor":3.0,"gold_loss":75.0,"damage_taken":0.0},{"damage_healed":0.0,"max_hp_gain":0.0,"max_hp_loss":0.0,"gold_gain":0.0,"event_name":"WeMeetAgain","player_choice":"Gave Potion","floor":21.0,"gold_loss":0.0,"damage_taken":0.0,"relics_obtained":["Frozen Egg 2"]},{"damage_healed":0.0,"max_hp_gain":0.0,"max_hp_loss":0.0,"gold_gain":0.0,"event_name":"Cursed Tome","player_choice":"Obtained Book","floor":31.0,"gold_loss":0.0,"damage_taken":21.0},{"damage_healed":0.0,"max_hp_gain":0.0,"max_hp_loss":0.0,"gold_gain":0.0,"event_name":"Winding Halls","player_choice":"Embrace Madness","floor":36.0,"gold_loss":0.0,"damage_taken":13.0,"cards_obtained":["Madness","Madness"]},{"damage_healed":0.0,"max_hp_gain":0.0,"max_hp_loss":0.0,"gold_gain":999.0,"event_name":"MindBloom","player_choice":"Gold","floor":37.0,"gold_loss":0.0,"damage_taken":0.0,"cards_obtained":["Normality","Normality"]},{"damage_healed":0.0,"max_hp_gain":0.0,"max_hp_loss":0.0,"gold_gain":0.0,"event_name":"Lab","player_choice":"Got Potions","floor":38.0,"gold_loss":0.0,"damage_taken":0.0}],"is_beta":false,"boss_relics":[{"not_picked":["Snecko Eye","Busted Crown"],"picked":"Sozu"},{"not_picked":["Lizard Tail","Pandora\u0027s Box"],"picked":"Ring of the Serpent"}],"items_purged_floors":[39,48],"is_endless":false,"potions_floor_spawned":[1,6,7,14,16,19,22,23,25,44,45,47],"ascension_level":16}