{"gold_per_floor":[118,118,130,60,70,70,18,18,45,55,69,96,96,96,96,96],"floor_reached":16,"playtime":1017,"items_purged":[],"score":180,"play_id":"6f00fae5-1809-4876-915a-b0531bbca18f","local_time":"20190508123654","is_ascension_mode":true,"campfire_choices":[{"data":"Neutralize","floor":6,"key":"SMITH"},{"data":"Prepared","floor":8,"key":"SMITH"},{"data":"All Out Attack","floor":13,"key":"SMITH"},{"floor":15,"key":"REST"}],"neow_cost":"CURSE","seed_source_timestamp":238714879342351,"circlet_count":0,"master_deck":["AscendersBane","Defend_G","Defend_G","Defend_G","Defend_G","Defend_G","Strike_G","Strike_G","Strike_G","Strike_G","Strike_G","Survivor","Neutralize+1","Clumsy","Prepared+1","Leg Sweep","Backflip","Prepared+1","Backflip","Backstab","All Out Attack+1","Tactician"],"relics":["Ring of the Snake","Tough Bandages","Potion Belt","Strawberry","Dream Catcher","Singing Bowl"],"potions_floor_usage":[12,12],"damage_taken":[{"damage":0,"enemies":"Small Slimes","floor":1,"turns":6},{"damage":0,"enemies":"Jaw Worm","floor":3,"turns":6},{"damage":0,"enemies":"Cultist","floor":5,"turns":6},{"damage":0,"enemies":"Exordium Thugs","floor":10,"turns":5},{"damage":22,"enemies":"Exordium Wildlife","floor":11,"turns":11},{"damage":10,"enemies":"Lagavulin","floor":12,"turns":13},{"damage":71,"enemies":"Slime Boss","floor":16,"turns":18}],"seed_played":"-3908335199506541905","potions_obtained":[{"floor":10,"key":"AttackPotion"},{"floor":11,"key":"GamblersBrew"}],"is_trial":false,"path_per_floor":["M","?","M","?","M","R","$","R","T","M","M","E","R","T","R","B"],"character_chosen":"THE_SILENT","items_purchased":["Prepared"],"campfire_rested":1,"item_purchase_floors":[7],"current_hp_per_floor":[59,59,59,59,59,59,59,59,66,66,44,34,34,34,55,0],"gold":96,"neow_bonus":"ONE_RARE_RELIC","is_prod":false,"is_daily":false,"chose_seed":false,"campfire_upgraded":3,"win_rate":0,"timestamp":1557344214,"path_taken":["M","?","M","?","?","R","?","R","T","M","M","E","R","?","R","BOSS"],"build_version":"2019-01-23","purchased_purges":0,"victory":false,"max_hp_per_floor":[66,66,66,66,66,66,66,66,73,73,73,73,73,73,73,73],"card_choices":[{"not_picked":["Infinite Blades","Backflip"],"picked":"Prepared","floor":1},{"not_picked":["Blade Dance","Flying Knee"],"picked":"Leg Sweep","floor":3},{"not_picked":["Deadly Poison","Riddle With Holes"],"picked":"Backflip","floor":5},{"not_picked":["Caltrops","Accuracy"],"picked":"Backflip","floor":10},{"not_picked":["Cloak And Dagger","Poisoned Stab"],"picked":"Backstab","floor":11},{"not_picked":["Blur","Infinite Blades"],"picked":"All Out Attack","floor":12},{"not_picked":["Bane","Riddle With Holes"],"picked":"Tactician","floor":15}],"player_experience":642790,"relics_obtained":[{"floor":9,"key":"Strawberry"},{"floor":12,"key":"Dream Catcher"},{"floor":14,"key":"Singing Bowl"}],"event_choices":[{"damage_healed":0,"gold_gain":0,"player_choice":"Grow","damage_taken":0,"max_hp_gain":0,"max_hp_loss":0,"event_name":"Living Wall","floor":2,"gold_loss":0,"cards_upgraded":["Prepared"]},{"damage_healed":0,"gold_gain":0,"player_choice":"Paid Gold","damage_taken":0,"relics_obtained":["Potion Belt"],"max_hp_gain":0,"max_hp_loss":0,"event_name":"WeMeetAgain","floor":4,"gold_loss":70}],"is_beta":false,"boss_relics":[],"items_purged_floors":[],"is_endless":false,"potions_floor_spawned":[10,11],"killed_by":"Slime Boss","ascension_level":16}