{"gold_per_floor":[118,118,43,43,119,119,150,225,252,252,252,252,265,281,281,383,383,402,432,447,457,129,129],"floor_reached":23,"playtime":1288,"items_purged":["Strike_B","Strike_B+1"],"score":215,"play_id":"1fde5675-d01a-49fd-b768-ad68a0f3957a","local_time":"20190523185818","is_ascension_mode":true,"campfire_choices":[{"data":"Dualcast","floor":6.0,"key":"SMITH"},{"floor":10.0,"key":"REST"},{"data":"Conserve Battery","floor":12.0,"key":"SMITH"},{"data":"Go for the Eyes","floor":15.0,"key":"SMITH"}],"neow_cost":"NONE","seed_source_timestamp":0,"circlet_count":0,"master_deck":["Defend_B","Defend_B+1","Defend_B","Zap+1","Dualcast+1","Ball Lightning+1","Leap+1","Conserve Battery+1","Go for the Eyes+1","Thunder Strike","White Noise+1","Glacier+1","Self Repair","Capacitor"],"special_seed":0,"relics":["Cracked Core","Matryoshka","Oddly Smooth Stone","Vajra","Whetstone","Astrolabe","Tiny Chest","War Paint"],"potions_floor_usage":[],"damage_taken":[{"damage":0.0,"enemies":"Small Slimes","floor":1.0,"turns":2.0},{"damage":27.0,"enemies":"3 Sentries","floor":7.0,"turns":7.0},{"damage":0.0,"enemies":"Jaw Worm","floor":13.0,"turns":3.0},{"damage":0.0,"enemies":"2 Louse","floor":14.0,"turns":2.0},{"damage":26.0,"enemies":"Hexaghost","floor":16.0,"turns":12.0},{"damage":1.0,"enemies":"Shell Parasite","floor":18.0,"turns":6.0},{"damage":0.0,"enemies":"Spheric Guardian","floor":20.0,"turns":4.0},{"damage":11.0,"enemies":"Snake Plant","floor":21.0,"turns":5.0},{"damage":77,"enemies":"Gremlin Leader","floor":23,"turns":7}],"seed_played":"-7508379783435884513","potions_obtained":[{"floor":13.0,"key":"LiquidBronze"},{"floor":20.0,"key":"Dexterity Potion"}],"is_trial":false,"path_per_floor":["M","?","$","?","T","R","E","?","T","R","?","R","M","M","R","B",null,"M","?","M","M","$","E"],"character_chosen":"DEFECT","items_purchased":["Capacitor","War Paint"],"campfire_rested":1,"item_purchase_floors":[22,22],"current_hp_per_floor":[75,80,80,64,64,64,37,26,26,50,50,50,50,50,50,24,80,79,79,79,75,75,0],"gold":129,"neow_bonus":"THREE_CARDS","is_prod":false,"is_daily":false,"chose_seed":false,"campfire_upgraded":3,"win_rate":0,"timestamp":1558630698,"path_taken":["M","?","$","?","?","R","E","?","T","R","?","R","M","M","R","BOSS","M","?","?","M","$","E"],"build_version":"2019-05-07","purchased_purges":2,"victory":false,"max_hp_per_floor":[75,80,80,80,80,80,80,80,80,80,80,80,80,80,80,80,80,80,80,80,80,80,80],"card_choices":[{"not_picked":["Conserve Battery","Sweeping Beam"],"picked":"Ball Lightning","floor":0.0},{"not_picked":["Beam Cell","Hologram"],"picked":"Leap","floor":1.0},{"not_picked":["Gash","Coolheaded"],"picked":"Conserve Battery","floor":7.0},{"not_picked":["Recycle","Rip and Tear","Gash"],"picked":"SKIP","floor":13.0},{"not_picked":["Redo","Rebound"],"picked":"Go for the Eyes","floor":14.0},{"not_picked":["Seek","Fission"],"picked":"Thunder Strike","floor":16.0},{"not_picked":["Hologram","Rebound","Undo+1"],"picked":"SKIP","floor":18.0},{"not_picked":["Ball Lightning+1","White Noise"],"picked":"Self Repair","floor":20.0},{"not_picked":["Leap","Steam Power","Go for the Eyes"],"picked":"SKIP","floor":21.0}],"player_experience":337766,"relics_obtained":[{"floor":5.0,"key":"Matryoshka"},{"floor":7.0,"key":"Oddly Smooth Stone"},{"floor":9.0,"key":"Vajra"},{"floor":9.0,"key":"Whetstone"}],"event_choices":[{"damage_healed":0.0,"max_hp_gain":5.0,"max_hp_loss":0.0,"gold_gain":0.0,"event_name":"Big Fish","player_choice":"Donut","floor":2.0,"gold_loss":0.0,"damage_taken":0.0},{"damage_healed":0.0,"max_hp_gain":0.0,"max_hp_loss":0.0,"gold_gain":0.0,"event_name":"Shining Light","player_choice":"Entered Light","floor":4.0,"gold_loss":0.0,"damage_taken":16.0,"cards_upgraded":["Ball Lightning","Zap"]},{"damage_healed":0.0,"max_hp_gain":0.0,"max_hp_loss":0.0,"gold_gain":75.0,"event_name":"World of Goop","player_choice":"Gather Gold","floor":8.0,"gold_loss":0.0,"damage_taken":11.0},{"damage_healed":0.0,"max_hp_gain":0.0,"max_hp_loss":0.0,"gold_gain":0.0,"event_name":"Liars Game","player_choice":"Ignored","floor":11.0,"gold_loss":0.0,"damage_taken":0.0},{"cards_removed":["Force Field"],"damage_healed":0.0,"max_hp_gain":0.0,"max_hp_loss":0.0,"gold_gain":0.0,"event_name":"WeMeetAgain","player_choice":"Gave Card","floor":19.0,"gold_loss":0.0,"damage_taken":0.0,"relics_obtained":["Tiny Chest"]}],"is_beta":true,"boss_relics":[{"not_picked":["Ectoplasm","Eternal Feather"],"picked":"Astrolabe"}],"items_purged_floors":[3,22],"is_endless":false,"potions_floor_spawned":[13,20],"killed_by":"Gremlin Leader","ascension_level":3}