{"gold_per_floor":[113,113,2,14,28,28,63,75,121,121,148,158,190,190,190,268,268,280,280,290,36,52,52,86,86,112,112,127,152,152,152,152,231,231,243,6,6,106,122,122,147,147,225,225,255,255,266,240,240,240,240,240,76,109,109],"floor_reached":55,"playtime":3442,"items_purged":["Tools of the Trade"],"score":1427,"play_id":"443a1d59-2e34-4c5a-8ef1-d95cba887b0a","local_time":"20190410212942","is_ascension_mode":true,"campfire_choices":[{"data":"Cloak And Dagger","floor":6.0,"key":"SMITH"},{"data":"Skewer","floor":10.0,"key":"SMITH"},{"floor":15.0,"key":"REST"},{"data":"Wraith Form v2","floor":23.0,"key":"SMITH"},{"data":"Noxious Fumes","floor":25.0,"key":"SMITH"},{"data":"Malaise","floor":27.0,"key":"SMITH"},{"data":"Neutralize","floor":30.0,"key":"SMITH"},{"floor":32.0,"key":"REST"},{"data":"Catalyst","floor":40,"key":"SMITH"},{"data":"Cloak And Dagger","floor":42,"key":"SMITH"},{"floor":44,"key":"RECALL"},{"data":"Adrenaline","floor":46,"key":"SMITH"},{"floor":49,"key":"REST"},{"data":"Malaise","floor":52,"key":"SMITH"}],"neow_cost":"NONE","seed_source_timestamp":0,"circlet_count":0,"master_deck":["AscendersBane","Survivor","Neutralize+1","Bane","Cloak And Dagger+1","Crippling Poison","Cloak And Dagger+1","Flying Knee","Skewer+1","Malaise+1","After Image","Crippling Poison","Backflip+1","PiercingWail","Crippling Poison","Quick Slash","Die Die Die","Backflip","Cloak And Dagger+1","Corpse Explosion","Wraith Form v2+1","Noxious Fumes+1","Adrenaline+1","PiercingWail","Deadly Poison","Catalyst+1","Poisoned Stab+1","Malaise+1","Cloak And Dagger","Well Laid Plans"],"special_seed":0,"relics":["Pandora\u0027s Box","Shuriken","Bag of Preparation","PreservedInsect","War Paint","Bottled Flame","Bag of Marbles","Busted Crown","Art of War","Bronze Scales","Prayer Wheel","WristBlade","Strawberry","Gambling Chip","Snake Skull","Sundial","Pen Nib"],"potions_floor_usage":[45,55],"damage_taken":[{"damage":1.0,"enemies":"Jaw Worm","floor":1.0,"turns":2.0},{"damage":0.0,"enemies":"Cultist","floor":4.0,"turns":3.0},{"damage":3.0,"enemies":"2 Louse","floor":5.0,"turns":3.0},{"damage":4.0,"enemies":"Lagavulin","floor":7.0,"turns":7.0},{"damage":3.0,"enemies":"Looter","floor":8.0,"turns":3.0},{"damage":4.0,"enemies":"3 Sentries","floor":11.0,"turns":4.0},{"damage":7.0,"enemies":"Exordium Wildlife","floor":12.0,"turns":3.0},{"damage":11.0,"enemies":"Gremlin Nob","floor":13.0,"turns":4.0},{"damage":7.0,"enemies":"The Guardian","floor":16.0,"turns":11.0},{"damage":6.0,"enemies":"Chosen","floor":18.0,"turns":4.0},{"damage":2.0,"enemies":"Shell Parasite","floor":20.0,"turns":6.0},{"damage":1.0,"enemies":"Centurion and Healer","floor":22.0,"turns":5.0},{"damage":11.0,"enemies":"Slavers","floor":24.0,"turns":2.0},{"damage":0.0,"enemies":"Snake Plant","floor":28.0,"turns":3.0},{"damage":1.0,"enemies":"Book of Stabbing","floor":29.0,"turns":4.0},{"damage":20.0,"enemies":"Champ","floor":33.0,"turns":11.0},{"damage":3,"enemies":"3 Darklings","floor":35,"turns":3},{"damage":0,"enemies":"Mind Bloom Boss Battle","floor":38,"turns":6},{"damage":1,"enemies":"3 Shapes","floor":39,"turns":1},{"damage":0,"enemies":"Giant Head","floor":41,"turns":7},{"damage":0,"enemies":"Nemesis","floor":45,"turns":5},{"damage":7,"enemies":"Spire Growth","floor":47,"turns":4},{"damage":24,"enemies":"Time Eater","floor":50,"turns":12},{"damage":20,"enemies":"Shield and Spear","floor":54,"turns":6},{"damage":55,"enemies":"The Heart","floor":55,"turns":5}],"seed_played":"9206216532394833517","potions_obtained":[{"floor":5.0,"key":"SpeedPotion"},{"floor":12.0,"key":"SpeedPotion"},{"floor":28.0,"key":"Regen Potion"},{"floor":29.0,"key":"EssenceOfSteel"},{"floor":38,"key":"GhostInAJar"},{"floor":45,"key":"SpeedPotion"},{"floor":54,"key":"Poison Potion"}],"is_trial":false,"path_per_floor":["M","?","$","M","M","R","E","M","T","R","E","M","E","?","R","B",null,"M","$","M","$","M","R","E","R","T","R","M","E","R","?","R","B",null,"M","$","?","?","M","R","E","R","T","R","E","R","M","$","R","B",null,"R","$","E","B"],"character_chosen":"THE_SILENT","items_purchased":["PiercingWail","Poison Potion","Noxious Fumes","Adrenaline","Catalyst","Strawberry","Cloak And Dagger","Well Laid Plans"],"campfire_rested":3,"item_purchase_floors":[3,3,21,21,36,36,48,53],"current_hp_per_floor":[58,58,58,58,55,55,51,48,48,48,44,37,26,26,45,38,59,53,53,51,51,50,50,39,39,39,39,39,52,52,34,55,35,62,59,66,66,66,65,65,65,65,65,65,65,65,58,58,78,54,72,72,72,52,0],"gold":109,"neow_bonus":"BOSS_RELIC","is_prod":false,"is_daily":false,"chose_seed":false,"campfire_upgraded":10,"win_rate":0,"timestamp":1554946182,"path_taken":["M","?","$","M","M","R","E","M","T","R","E","?","E","?","R","BOSS","M","$","M","$","M","R","E","R","T","R","M","E","R","?","R","BOSS","M","$","?","?","M","R","E","R","T","R","E","R","M","?","R","BOSS","R","$","E","BOSS"],"build_version":"2019-01-23","purchased_purges":1,"victory":false,"max_hp_per_floor":[66,66,66,66,66,66,66,66,66,66,66,66,66,66,66,66,66,66,66,66,66,66,66,66,66,66,66,66,66,66,71,71,71,71,71,78,78,78,78,78,78,78,78,78,78,78,78,78,78,78,78,78,78,78,78],"card_choices":[{"not_picked":["Predator","Sucker Punch"],"picked":"Backflip","floor":1.0},{"not_picked":["Slice","Masterful Stab"],"picked":"Crippling Poison","floor":4.0},{"not_picked":["Concentrate","Bane"],"picked":"Quick Slash","floor":5.0},{"not_picked":["Caltrops","Bane"],"picked":"Die Die Die","floor":7.0},{"not_picked":["Dodge and Roll","Infinite Blades"],"picked":"Backflip","floor":8.0},{"not_picked":["Flying Knee","Skewer"],"picked":"Cloak And Dagger","floor":11.0},{"not_picked":["Acrobatics","Flying Knee"],"picked":"Corpse Explosion","floor":12.0},{"not_picked":["Flying Knee","Sucker Punch","All Out Attack"],"picked":"SKIP","floor":13.0},{"not_picked":["Burst","Grand Finale"],"picked":"Wraith Form v2","floor":16.0},{"not_picked":["Bane"],"picked":"SKIP","floor":18.0},{"not_picked":["Blade Dance"],"picked":"SKIP","floor":20.0},{"not_picked":["Acrobatics"],"picked":"SKIP","floor":22.0},{"not_picked":["Accuracy"],"picked":"SKIP","floor":24.0},{"not_picked":["Choke"],"picked":"SKIP","floor":28.0},{"not_picked":[],"picked":"PiercingWail","floor":29.0},{"not_picked":[],"picked":"Deadly Poison","floor":35},{"not_picked":["Quick Slash"],"picked":"SKIP","floor":35},{"not_picked":[],"picked":"Poisoned Stab+1","floor":39},{"not_picked":["Slice"],"picked":"SKIP","floor":39},{"not_picked":["Accuracy"],"picked":"SKIP","floor":41},{"not_picked":["Concentrate"],"picked":"SKIP","floor":45},{"not_picked":[],"picked":"Malaise","floor":47},{"not_picked":["Distraction"],"picked":"SKIP","floor":47},{"not_picked":["Blade Dance"],"picked":"SKIP","floor":54}],"player_experience":487114,"relics_obtained":[{"floor":2.0,"key":"Shuriken"},{"floor":7.0,"key":"Bag of Preparation"},{"floor":9.0,"key":"PreservedInsect"},{"floor":11.0,"key":"War Paint"},{"floor":13.0,"key":"Bottled Flame"},{"floor":24.0,"key":"Art of War"},{"floor":26.0,"key":"Bronze Scales"},{"floor":29.0,"key":"Prayer Wheel"},{"floor":38,"key":"Gambling Chip"},{"floor":41,"key":"Snake Skull"},{"floor":45,"key":"Sundial"},{"floor":54,"key":"Pen Nib"}],"event_choices":[{"damage_healed":0.0,"max_hp_gain":0.0,"max_hp_loss":0.0,"gold_gain":0.0,"event_name":"Wheel of Change","player_choice":"Relic","floor":2.0,"gold_loss":0.0,"damage_taken":0.0},{"damage_healed":0.0,"max_hp_gain":0.0,"max_hp_loss":0.0,"gold_gain":0.0,"event_name":"Dead Adventurer","player_choice":"Searched \u00272\u0027 times","floor":14.0,"gold_loss":0.0,"damage_taken":0.0,"relics_obtained":["Bag of Marbles"]},{"damage_healed":0.0,"max_hp_gain":5.0,"max_hp_loss":0.0,"gold_gain":0.0,"event_name":"Forgotten Altar","player_choice":"Shed Blood","floor":31.0,"gold_loss":0.0,"damage_taken":23.0},{"damage_healed":0,"gold_gain":0,"player_choice":"Ignored","damage_taken":0,"max_hp_gain":0,"max_hp_loss":0,"event_name":"Mysterious Sphere","floor":37,"gold_loss":0},{"damage_healed":0,"gold_gain":0,"player_choice":"Fight","damage_taken":0,"max_hp_gain":0,"max_hp_loss":0,"event_name":"MindBloom","floor":38,"gold_loss":0}],"is_beta":false,"boss_relics":[{"not_picked":["Runic Dome","Ectoplasm"],"picked":"Busted Crown"},{"not_picked":["Coffee Dripper","Runic Pyramid"],"picked":"WristBlade"}],"items_purged_floors":[53],"is_endless":false,"potions_floor_spawned":[5,8,12,28,29,38,45,54],"killed_by":"The Heart","ascension_level":16}