{"path_per_floor":["M","?","M","M","$","M","R","E","T","?","M","M","E","M","R","B",null,"M","M","?","M","$","R","M","?","T","R","$","E"],"character_chosen":"IRONCLAD","items_purchased":["Flex","Inflame","Block Potion"],"gold_per_floor":[109,109,127,142,67,84,84,119,146,146,164,176,201,218,218,319,319,330,346,271,281,90,90,107,138,184,184,11,46,46],"floor_reached":30,"campfire_rested":3,"playtime":4805,"current_hp_per_floor":[71,71,72,72,72,68,68,49,49,49,55,55,40,32,54,11,74,74,40,40,18,18,42,41,11,11,36,36,14,0],"items_purged":["Injury","Strike_R","Strike_R"],"gold":46,"score":262,"play_id":"73606a00-f4b1-493d-9222-e7dc252eff55","local_time":"20180520212452","is_prod":false,"is_daily":false,"chose_seed":false,"is_ascension_mode":false,"campfire_upgraded":1,"timestamp":1526847892,"campfire_choices":[{"data":"Body Slam","floor":7,"key":"SMITH"},{"floor":15,"key":"REST"},{"floor":23,"key":"REST"},{"floor":27,"key":"REST"}],"path_taken":["M","?","M","M","$","M","R","E","T","?","?","M","E","M","R","BOSS","M","M","?","M","$","R","M","?","T","R","$","E","M"],"build_version":"2018-05-17","seed_source_timestamp":99884003579813,"purchased_purges":3,"victory":false,"master_deck":["Defend_R","Defend_R","Defend_R","Defend_R","Bash","Pommel Strike+1","Body Slam+1","Heavy Blade+1","Cleave","Inflame","Iron Wave","Feed","Whirlwind","Flex","Inflame","Cleave+1","Heavy Blade+1","True Grit"],"max_hp_per_floor":[72,72,72,72,72,72,72,72,72,72,72,72,72,74,74,74,74,79,79,79,81,81,81,81,84,84,84,84,87,87],"relics":["Burning Blood","Ancient Tea Set","Vajra","Singing Bowl","Black Star","Red Mask","Bronze Scales","Boot","Omamori"],"card_choices":[{"not_picked":["Twin Strike","Shrug It Off"],"picked":"Pommel Strike","floor":1},{"not_picked":["Armaments","Intimidate","Thunderclap"],"picked":"SKIP","floor":3},{"not_picked":["Feel No Pain","Twin Strike","Corruption"],"picked":"SKIP","floor":4},{"not_picked":["Reckless Charge","Armaments"],"picked":"Body Slam","floor":6},{"not_picked":["Demon Form","Flex"],"picked":"Heavy Blade","floor":8},{"not_picked":["Heavy Blade","Feel No Pain"],"picked":"Cleave","floor":11},{"not_picked":["Warcry","Second Wind"],"picked":"Inflame","floor":12},{"not_picked":["Dark Embrace","Heavy Blade"],"picked":"Iron Wave","floor":13},{"not_picked":["Sword Boomerang","Body Slam","Clash"],"picked":"Singing Bowl","floor":14},{"not_picked":["Bludgeon","Berserk"],"picked":"Feed","floor":16},{"not_picked":["Headbutt","Iron Wave","Intimidate+1"],"picked":"Singing Bowl","floor":18},{"not_picked":["Wild Strike+1","Intimidate+1"],"picked":"Whirlwind","floor":19},{"not_picked":["Iron Wave","Disarm+1","Power Through"],"picked":"Singing Bowl","floor":21},{"not_picked":["Pommel Strike","Hemokinesis"],"picked":"Cleave+1","floor":24},{"not_picked":["Fiend Fire","Flex+1"],"picked":"Heavy Blade+1","floor":25},{"not_picked":["Seeing Red+1","Anger"],"picked":"True Grit","floor":29}],"player_experience":103764,"potions_floor_usage":[13,13,16,19,21,24,25,29,29],"damage_taken":[{"damage":7,"enemies":"Small Slimes","floor":1,"turns":7},{"damage":5,"enemies":"Cultist","floor":3,"turns":4},{"damage":3,"enemies":"2 Louse","floor":4,"turns":3},{"damage":10,"enemies":"Large Slime","floor":6,"turns":7},{"damage":25,"enemies":"3 Sentries","floor":8,"turns":10},{"damage":0,"enemies":"Looter","floor":11,"turns":4},{"damage":6,"enemies":"Blue Slaver","floor":12,"turns":4},{"damage":21,"enemies":"Lagavulin","floor":13,"turns":5},{"damage":16,"enemies":"Gremlin Gang","floor":14,"turns":4},{"damage":49,"enemies":"The Guardian","floor":16,"turns":9},{"damage":11,"enemies":"3 Byrds","floor":18,"turns":5},{"damage":40,"enemies":"Shell Parasite","floor":19,"turns":7},{"damage":30,"enemies":"Snake Plant","floor":21,"turns":4},{"damage":7,"enemies":"3 Cultists","floor":24,"turns":4},{"damage":39,"enemies":"Masked Bandits","floor":25,"turns":5},{"damage":31,"enemies":"Book of Stabbing","floor":29,"turns":5},{"damage":17,"enemies":"Slaver and Parasite","floor":30,"turns":2}],"relics_obtained":[{"floor":8,"key":"Ancient Tea Set"},{"floor":9,"key":"Vajra"},{"floor":13,"key":"Singing Bowl"},{"floor":25,"key":"Red Mask"},{"floor":26,"key":"Bronze Scales"},{"floor":29,"key":"Boot"},{"floor":29,"key":"Omamori"}],"event_choices":[{"event_name":"Accursed Blacksmith","player_choice":"Forge","floor":2,"damage_taken":0},{"event_name":"Upgrade Shrine","player_choice":"Upgraded","floor":10,"damage_taken":0},{"event_name":"Beggar","player_choice":"Gave Gold","floor":20,"damage_taken":0},{"event_name":"Masked Bandits","player_choice":"Fought over 107 gold","floor":25,"damage_taken":0}],"boss_relics":[{"not_picked":["Lizard Tail","Orrery"],"picked":"Black Star"}],"potions_floor_spawned":[6,8,11,12,13,16,21,24,25],"seed_played":"4957570051654953009","killed_by":"Slaver and Parasite","ascension_level":0,"potions_obtained":[{"floor":6,"key":"Ancient Potion"},{"floor":8,"key":"Ancient Potion"},{"floor":11,"key":"AttackPotion"},{"floor":12,"key":"Energy Potion"},{"floor":13,"key":"Block Potion"},{"floor":16,"key":"SteroidPotion"},{"floor":21,"key":"PowerPotion"},{"floor":24,"key":"SpeedPotion"},{"floor":25,"key":"Block Potion"}],"is_trial":false}