{"gold_per_floor":[113,263,14,14,32,32,32,65,119,119,136,136,170,188,188,188],"floor_reached":16,"playtime":508,"items_purged":["Doubt"],"score":194,"play_id":"2c07f564-6464-4e1c-94cc-abf8b6829985","local_time":"20180909214307","is_ascension_mode":true,"campfire_choices":[{"data":"Blade Dance","floor":6.0,"key":"SMITH"},{"floor":10.0,"key":"REST"},{"floor":15,"key":"REST"}],"neow_cost":"","seed_source_timestamp":527015597085033,"circlet_count":0,"master_deck":["Defend_G","Defend_G","Defend_G","Defend_G","Defend_G","Strike_G","Strike_G","Strike_G","Strike_G","Strike_G","Survivor","Neutralize+1","AscendersBane","Sucker Punch","Blade Dance+1","Flying Knee","Cloak And Dagger","After Image+1","Accuracy+1"],"special_seed":0,"relics":["Ring of the Snake","Boot","PreservedInsect","Frozen Egg 2","Anchor","Blood Vial"],"potions_floor_usage":[],"damage_taken":[{"damage":21.0,"enemies":"Jaw Worm","floor":1.0,"turns":6.0},{"damage":7.0,"enemies":"2 Louse","floor":5.0,"turns":3.0},{"damage":14.0,"enemies":"3 Sentries","floor":8.0,"turns":6.0},{"damage":0.0,"enemies":"Cultist","floor":11.0,"turns":3.0},{"damage":24.0,"enemies":"Lagavulin","floor":13.0,"turns":6.0},{"damage":7,"enemies":"Gremlin Gang","floor":14,"turns":5},{"damage":28,"enemies":"Hexaghost","floor":16,"turns":12}],"seed_played":"3574546413036654384","potions_obtained":[{"floor":11.0,"key":"SteroidPotion"},{"floor":14,"key":"Fire Potion"}],"is_trial":false,"path_per_floor":["M","?","$","?","M","R","T","E","T","R","M","?","E","M","R"],"character_chosen":"THE_SILENT","items_purchased":["Boot"],"campfire_rested":2,"item_purchase_floors":[3],"current_hp_per_floor":[38,38,38,38,31,31,31,17,17,36,36,36,12,7,26,0],"gold":188,"neow_bonus":"","is_prod":false,"is_daily":false,"chose_seed":false,"campfire_upgraded":1,"win_rate":0,"timestamp":1536543787,"path_taken":["M","?","$","?","M","R","?","E","T","R","M","?","E","M","R","BOSS"],"build_version":"2018-09-06","purchased_purges":1,"victory":false,"max_hp_per_floor":[66,66,66,66,66,66,66,66,66,66,66,66,66,66,66,66],"card_choices":[{"not_picked":["Crippling Poison","Accuracy"],"picked":"Sucker Punch","floor":1.0},{"not_picked":["Prepared","Escape Plan"],"picked":"Blade Dance","floor":5.0},{"not_picked":["Expertise","Leg Sweep"],"picked":"Flying Knee","floor":8.0},{"not_picked":["Underhanded Strike","Blade Dance"],"picked":"Cloak And Dagger","floor":11.0},{"not_picked":["Sucker Punch","Blade Dance"],"picked":"After Image+1","floor":13.0},{"not_picked":["Flying Knee","Flechettes"],"picked":"Accuracy+1","floor":14}],"player_experience":644664,"relics_obtained":[{"floor":7.0,"key":"PreservedInsect"},{"floor":8.0,"key":"Frozen Egg 2"},{"floor":9.0,"key":"Anchor"},{"floor":13.0,"key":"Blood Vial"}],"event_choices":[{"event_name":"Liars Game","player_choice":"agreed","floor":2.0,"damage_taken":0.0},{"event_name":"Accursed Blacksmith","player_choice":"Forge","floor":4.0,"damage_taken":0.0},{"event_name":"Golden Idol","player_choice":"Ignored","floor":12.0,"damage_taken":0.0}],"is_beta":false,"boss_relics":[],"items_purged_floors":[3],"is_endless":false,"potions_floor_spawned":[11,14],"killed_by":"Hexaghost","ascension_level":16}