{"gold_per_floor":[11,11,25,36,48,48,82,82,82,82,109,109,121,138,138,215,215,234,251,251,268,183,183,31,31,31,31,42,54,68,88,88,88],"floor_reached":33,"playtime":1676,"items_purged":["Strike_B"],"score":522,"play_id":"27a4b9d5-c674-4a6f-8e9c-c3a10b9acb91","local_time":"20181023184838","is_ascension_mode":true,"campfire_choices":[{"data":"Streamline","floor":6.0,"key":"SMITH"},{"data":"Zap","floor":8.0,"key":"SMITH"},{"data":"Glacier","floor":10.0,"key":"SMITH"},{"floor":15.0,"key":"REST"},{"data":"Buffer","floor":23,"key":"SMITH"},{"data":"Hologram","floor":27,"key":"SMITH"},{"data":"Beam Cell","floor":32,"key":"SMITH"}],"neow_cost":"NO_GOLD","seed_source_timestamp":1203003925262510,"circlet_count":0,"master_deck":["Strike_B","Strike_B","Defend_B","Defend_B","Defend_B","Zap+1","Dualcast","AscendersBane","Glacier+1","Rip and Tear","Streamline+1","Go for the Eyes","Buffer+1","Conserve Battery","Sweeping Beam","Core Surge","Hologram+1","Skim","Beam Cell+1","Storm","Leap","Recycle","Machine Learning"],"special_seed":0,"relics":["Cracked Core","Mummified Hand","Gremlin Horn","Kunai","Nuclear Battery","Meat on the Bone","Sundial","The Courier"],"potions_floor_usage":[16,21,21,30],"damage_taken":[{"damage":1.0,"enemies":"Cultist","floor":1.0,"turns":3.0},{"damage":0.0,"enemies":"Jaw Worm","floor":3.0,"turns":6.0},{"damage":0.0,"enemies":"2 Louse","floor":4.0,"turns":2.0},{"damage":16.0,"enemies":"2 Fungi Beasts","floor":5.0,"turns":3.0},{"damage":23.0,"enemies":"Gremlin Nob","floor":7.0,"turns":4.0},{"damage":22.0,"enemies":"Lagavulin","floor":11.0,"turns":7.0},{"damage":1.0,"enemies":"3 Louse","floor":13.0,"turns":2.0},{"damage":2.0,"enemies":"Exordium Thugs","floor":14.0,"turns":4.0},{"damage":26,"enemies":"Slime Boss","floor":16,"turns":10},{"damage":16,"enemies":"Shell Parasite","floor":18,"turns":6},{"damage":0,"enemies":"Chosen","floor":19,"turns":3},{"damage":20,"enemies":"Shelled Parasite and Fungi","floor":21,"turns":6},{"damage":6,"enemies":"Sentry and Sphere","floor":28,"turns":8},{"damage":0,"enemies":"3 Cultists","floor":29,"turns":5},{"damage":0,"enemies":"Cultist and Chosen","floor":30,"turns":5},{"damage":0,"enemies":"Chosen and Byrds","floor":31,"turns":8},{"damage":67,"enemies":"Champ","floor":33,"turns":13}],"seed_played":"4610787949367678116","potions_obtained":[{"floor":1.0,"key":"Swift Potion"},{"floor":3.0,"key":"Regen Potion"},{"floor":11.0,"key":"Block Potion"},{"floor":13.0,"key":"Weak Potion"},{"floor":16,"key":"Regen Potion"},{"floor":18,"key":"SkillPotion"},{"floor":21,"key":"Weak Potion"}],"is_trial":false,"path_per_floor":["M","$","M","M","M","R","E","R","T","R","E","?","M","M","R","B",null,"M","M","?","M","?","R","$","T","T","R","M","M","M","M","R"],"character_chosen":"DEFECT","items_purchased":["Storm"],"campfire_rested":1,"item_purchase_floors":[24],"current_hp_per_floor":[63,63,63,63,47,47,36,36,36,36,14,14,13,11,32,6,55,39,39,39,34,34,34,34,34,34,34,40,40,40,40,40,0],"gold":88,"neow_bonus":"REMOVE_TWO","is_prod":false,"is_daily":false,"chose_seed":false,"campfire_upgraded":6,"win_rate":0,"timestamp":1540334918,"path_taken":["M","?","M","M","M","R","E","R","T","R","E","?","M","M","R","BOSS","M","M","?","M","?","R","?","?","T","R","M","M","?","M","R","BOSS"],"build_version":"2018-10-18","purchased_purges":1,"victory":false,"max_hp_per_floor":[71,71,71,71,71,71,71,71,71,71,71,71,71,71,71,71,71,71,71,71,71,71,71,71,71,71,71,71,71,71,71,71,71],"card_choices":[{"not_picked":["Conserve Battery","Stack"],"picked":"Glacier","floor":1.0},{"not_picked":["Leap","Blizzard"],"picked":"Rip and Tear","floor":3.0},{"not_picked":["Gash","Stack"],"picked":"Streamline","floor":4.0},{"not_picked":["Auto Shields","Steam"],"picked":"Go for the Eyes","floor":5.0},{"not_picked":["Leap","Steam Power","Fusion"],"picked":"SKIP","floor":7.0},{"not_picked":["Blizzard","Gash"],"picked":"Buffer","floor":11.0},{"not_picked":["Stack","Tempest"],"picked":"Conserve Battery","floor":13.0},{"not_picked":["Rebound","Steam"],"picked":"Sweeping Beam","floor":14.0},{"not_picked":["Hyperbeam","Meteor Strike"],"picked":"Core Surge","floor":16},{"not_picked":["Ball Lightning","Go for the Eyes"],"picked":"Hologram","floor":18},{"not_picked":["Darkness+1","Genetic Algorithm"],"picked":"Skim","floor":19},{"not_picked":["Lockon","Rebound"],"picked":"Beam Cell","floor":21},{"not_picked":["Reprogram","Turbo"],"picked":"Leap","floor":28},{"not_picked":["Reprogram+1","Double Energy"],"picked":"Recycle","floor":29},{"not_picked":["Sweeping Beam","Rip and Tear","Fusion"],"picked":"SKIP","floor":30},{"not_picked":["Beam Cell","Cold Snap"],"picked":"Machine Learning","floor":31}],"player_experience":810259,"relics_obtained":[{"floor":7.0,"key":"Mummified Hand"},{"floor":9.0,"key":"Gremlin Horn"},{"floor":11.0,"key":"Kunai"},{"floor":25,"key":"Sundial"},{"floor":26,"key":"The Courier"}],"event_choices":[{"damage_healed":0.0,"max_hp_gain":0.0,"max_hp_loss":0.0,"gold_gain":0.0,"event_name":"Dead Adventurer","player_choice":"Searched \u00270\u0027 times","floor":12.0,"gold_loss":0.0,"damage_taken":0.0},{"damage_healed":0,"gold_gain":0,"player_choice":"Got Potions","damage_taken":0,"max_hp_gain":0,"max_hp_loss":0,"event_name":"The Lab","floor":20,"gold_loss":0},{"damage_healed":0,"gold_gain":0,"player_choice":"Obtained Relic","damage_taken":0,"relics_obtained":["Meat on the Bone"],"max_hp_gain":0,"max_hp_loss":0,"event_name":"Addict","floor":22,"gold_loss":85}],"is_beta":false,"boss_relics":[{"not_picked":["Calling Bell","Lizard Tail"],"picked":"Nuclear Battery"}],"items_purged_floors":[24],"is_endless":false,"potions_floor_spawned":[1,3,11,13,16,18,19,21],"killed_by":"Champ","ascension_level":20}