{"gold_per_floor":[112,132,150,150,162,162,174,174,248,79,109,109,120,133,133,238,238,225,90,90,102,35,35,48,48,102,102,102],"floor_reached":28,"playtime":1086,"items_purged":["Strike_B"],"score":264,"play_id":"543c3ef5-19a5-4752-9055-b64b54349735","local_time":"20180626194845","is_ascension_mode":true,"campfire_choices":[{"data":"Zap","floor":6,"key":"SMITH"},{"data":"Dualcast","floor":8,"key":"SMITH"},{"data":"Static Discharge","floor":12,"key":"SMITH"},{"floor":15,"key":"REST"},{"data":"Creative AI","floor":23,"key":"SMITH"},{"data":"Storm","floor":25,"key":"SMITH"},{"data":"Reinforced Body","floor":27,"key":"SMITH"}],"neow_cost":"NONE","seed_source_timestamp":7611510617375,"circlet_count":0,"master_deck":["Defend_B","Defend_B","Defend_B","Defend_B","Zap+1","Dualcast+1","Reinforced Body+1","Go for the Eyes","Tempest","Turbo","Ball Lightning","Static Discharge+1","Leap","Creative AI+1","Thunder Strike","Storm+1","Self Repair","Self Repair+1"],"relics":["Empty Cage","Ornamental Fan","Turnip","Sozu","Blood Vial"],"potions_floor_usage":[11,16,21,24],"damage_taken":[{"damage":10,"enemies":"Small Slimes","floor":1,"turns":4},{"damage":2,"enemies":"2 Louse","floor":2,"turns":3},{"damage":0,"enemies":"Cultist","floor":3,"turns":4},{"damage":4,"enemies":"Red Slaver","floor":5,"turns":4},{"damage":0,"enemies":"Looter","floor":7,"turns":4},{"damage":29,"enemies":"Gremlin Nob","floor":11,"turns":3},{"damage":18,"enemies":"Exordium Thugs","floor":13,"turns":3},{"damage":8,"enemies":"Blue Slaver","floor":14,"turns":4},{"damage":18,"enemies":"Hexaghost","floor":16,"turns":9},{"damage":14,"enemies":"2 Thieves","floor":18,"turns":5},{"damage":5,"enemies":"Chosen","floor":21,"turns":4},{"damage":27,"enemies":"Centurion and Healer","floor":24,"turns":5},{"damage":39,"enemies":"Gremlin Leader","floor":28,"turns":4}],"seed_played":"-4968056720207210659","potions_obtained":[{"floor":2,"key":"Swift Potion"},{"floor":5,"key":"Ancient Potion"},{"floor":14,"key":"SkillPotion"},{"floor":16,"key":"SneckoOil"}],"is_trial":false,"path_per_floor":["M","M","M","?","M","R","M","R","T","$","E","R","M","M","R","B",null,"M","$","?","M","$","R","M","R","T","R"],"character_chosen":"DEFECT","items_purchased":["Ball Lightning","Static Discharge","Thunder Strike","Self Repair"],"campfire_rested":1,"item_purchase_floors":[10,10,19,22],"current_hp_per_floor":[65,63,63,63,59,59,59,59,59,59,30,30,12,4,26,8,75,61,61,61,56,56,56,36,36,36,36,0],"gold":102,"neow_bonus":"BOSS_RELIC","is_prod":false,"is_daily":false,"chose_seed":false,"campfire_upgraded":6,"win_rate":0,"timestamp":1530056925,"path_taken":["M","M","M","?","M","R","M","R","T","$","E","R","M","M","R","BOSS","M","$","?","M","?","R","M","R","T","R","E"],"build_version":"2018-06-21v2","purchased_purges":1,"victory":false,"max_hp_per_floor":[75,75,75,75,75,75,75,75,75,75,75,75,75,75,75,75,75,75,75,75,75,75,75,75,75,75,75,75],"card_choices":[{"not_picked":["Beam Cell","Rebound"],"picked":"Reinforced Body","floor":1},{"not_picked":["Steam","Consume"],"picked":"Go for the Eyes","floor":2},{"not_picked":["Go for the Eyes","Hologram"],"picked":"Tempest","floor":3},{"not_picked":["Coolheaded","BootSequence"],"picked":"Turbo","floor":5},{"not_picked":["Lockon","Turbo","Redo"],"picked":"SKIP","floor":7},{"not_picked":["Rip and Tear","Reprogram"],"picked":"Leap","floor":11},{"not_picked":["Beam Cell","Gash","Meteor Strike"],"picked":"SKIP","floor":13},{"not_picked":["Melter","Conserve Battery","Redo"],"picked":"SKIP","floor":14},{"not_picked":["Fission","Amplify"],"picked":"Creative AI","floor":16},{"not_picked":["Barrage","Leap","Beam Cell+1"],"picked":"SKIP","floor":18},{"not_picked":["Gash","Double Energy"],"picked":"Storm","floor":21},{"not_picked":["Reinforced Body","Cold Snap"],"picked":"Self Repair+1","floor":24}],"player_experience":321098,"relics_obtained":[{"floor":9,"key":"Ornamental Fan"},{"floor":11,"key":"Turnip"},{"floor":26,"key":"Blood Vial"}],"event_choices":[{"event_name":"Liars Game","player_choice":"disagreed","floor":4,"damage_taken":0},{"event_name":"Bonfire Elementals","player_choice":"BASIC","floor":20,"damage_taken":0}],"boss_relics":[{"not_picked":["Pandora\u0027s Box","Nuclear Battery"],"picked":"Sozu"}],"items_purged_floors":[10],"is_endless":false,"potions_floor_spawned":[2,5,14,16,21],"killed_by":"Gremlin Leader","ascension_level":4}