{"gold_per_floor":[116,116,116,131,145,176,176,190,215,117,152,52,93,107,107,233,233,257,257],"floor_reached":19,"playtime":3619,"items_purged":["Defend_G","Defend_G"],"score":177,"play_id":"e08f50fa-40d5-425c-9402-092181fdc30c","local_time":"20180705210741","is_ascension_mode":false,"campfire_choices":[{"data":"Neutralize","floor":7,"key":"SMITH"},{"floor":15,"key":"REST"}],"neow_cost":"","seed_source_timestamp":62470686830521,"circlet_count":0,"master_deck":["Defend_G+1","Defend_G","Defend_G","Strike_G","Strike_G","Strike_G","Strike_G","Strike_G","Survivor","Neutralize+1","Backflip","Escape Plan+1","Backflip","Well Laid Plans","Prepared","Endless Agony","Grand Finale"],"relics":["Ring of the Snake","Golden Idol","Pantograph","Blood Vial","Anchor","Odd Mushroom","War Paint","Black Star"],"potions_floor_usage":[6,8,11,16,16],"damage_taken":[{"damage":1,"enemies":"Cultist","floor":1,"turns":4},{"damage":0,"enemies":"Small Slimes","floor":4,"turns":5},{"damage":3,"enemies":"Jaw Worm","floor":5,"turns":5},{"damage":10,"enemies":"3 Sentries","floor":6,"turns":14},{"damage":6,"enemies":"Large Slime","floor":8,"turns":16},{"damage":6,"floor":11,"turns":7},{"damage":28,"enemies":"Lagavulin","floor":13,"turns":11},{"damage":0,"enemies":"2 Fungi Beasts","floor":14,"turns":4},{"damage":33,"enemies":"The Guardian","floor":16,"turns":17},{"damage":0,"enemies":"3 Byrds","floor":18,"turns":4},{"damage":73,"floor":19,"turns":6}],"seed_played":"6844502302721217210","potions_obtained":[{"floor":1,"key":"Block Potion"},{"floor":4,"key":"PowerPotion"},{"floor":5,"key":"Dexterity Potion"},{"floor":13,"key":"Weak Potion"},{"floor":14,"key":"LiquidBronze"}],"is_trial":false,"path_per_floor":["M","?","T","M","M","E","R","M","T","$","?","$","E","M","R","B",null,"M"],"character_chosen":"THE_SILENT","items_purchased":["Prepared"],"campfire_rested":1,"item_purchase_floors":[10],"current_hp_per_floor":[69,52,52,52,49,39,39,35,35,35,31,31,5,7,28,22,70,70,0],"gold":257,"neow_bonus":"","is_prod":false,"is_daily":false,"chose_seed":false,"campfire_upgraded":1,"win_rate":0,"timestamp":1530821261,"path_taken":["M","?","?","M","M","E","R","M","T","$","?","$","E","M","R","BOSS","M","?"],"build_version":"2018-06-28","purchased_purges":2,"victory":false,"max_hp_per_floor":[70,70,70,70,70,70,70,70,70,70,70,70,70,70,70,70,70,70,70],"card_choices":[{"not_picked":["Eviscerate","Distraction"],"picked":"Backflip","floor":1},{"not_picked":["Dash","Terror"],"picked":"Escape Plan","floor":4},{"not_picked":["Dagger Throw","Outmaneuver"],"picked":"Backflip","floor":5},{"not_picked":["Infinite Blades","Quick Slash"],"picked":"Well Laid Plans","floor":6},{"not_picked":["Reflex","PiercingWail","Flying Knee"],"picked":"SKIP","floor":8},{"not_picked":["Flechettes","Blade Dance","Dodge and Roll"],"picked":"SKIP","floor":13},{"not_picked":["Dagger Spray","Underhanded Strike"],"picked":"Endless Agony","floor":14},{"not_picked":["Night Terror","Wraith Form v2"],"picked":"Grand Finale","floor":16},{"not_picked":["Underhanded Strike+1","Blade Dance","Dodge and Roll"],"picked":"SKIP","floor":18}],"player_experience":271181,"relics_obtained":[{"floor":3,"key":"Pantograph"},{"floor":6,"key":"Blood Vial"},{"floor":9,"key":"Anchor"},{"floor":11,"key":"Odd Mushroom"},{"floor":13,"key":"War Paint"}],"event_choices":[{"event_name":"Golden Idol","player_choice":"Take Damage","floor":2,"damage_taken":0},{"event_name":"Mushrooms","player_choice":"Fought Mushrooms","floor":11,"damage_taken":0},{"event_name":"Masked Bandits","player_choice":"Fought over 257 gold","floor":19,"damage_taken":0}],"boss_relics":[{"not_picked":["Runic Pyramid","Empty Cage"],"picked":"Black Star"}],"items_purged_floors":[10,12],"is_endless":false,"potions_floor_spawned":[1,4,5,13,14],"ascension_level":0}