{"gold_per_floor":[360,379,46,61,79,110,110,120,120,120,152,162,182,214,214,292,292,292,292,113,113,38,38,38,38,38,38,38,38,38,38,38,38,38,38,38,38,38,38,38,38,38,38,38,38,38,38,38,38,38],"floor_reached":50,"playtime":2027,"items_purged":["Regret"],"score":1075,"play_id":"3e9d1455-c24d-4fd4-9eab-7d517d60aa73","local_time":"20180806095724","is_ascension_mode":true,"campfire_choices":[{"data":"True Grit","floor":7,"key":"SMITH"},{"data":"Pommel Strike","floor":10,"key":"SMITH"},{"data":"Anger","floor":15,"key":"SMITH"},{"data":"Metallicize","floor":23,"key":"SMITH"},{"data":"Intimidate","floor":27,"key":"SMITH"},{"data":"Clothesline","floor":32,"key":"SMITH"},{"data":"Seeing Red","floor":41,"key":"SMITH"},{"data":"Dark Embrace","floor":46,"key":"SMITH"},{"data":"Brutality","floor":49,"key":"SMITH"}],"neow_cost":"CURSE","seed_source_timestamp":3637380969089,"circlet_count":0,"master_deck":["Strike_R","Strike_R","Strike_R","Strike_R","Strike_R","Defend_R","Defend_R","Bash","AscendersBane","Twin Strike","Clothesline+1","True Grit+1","Anger+1","Pommel Strike+1","Carnage","Pummel+1","Cleave+1","Spot Weakness","Reaper+1","Perfected Strike+1","Pommel Strike+1","Madness","Metallicize+1","Wild Strike+1","Twin Strike+1","Intimidate+1","Burning Pact","Wild Strike+1","Seeing Red+1","Brutality+1","Twin Strike+1","Madness","Madness","Infernal Blade","Sentinel+1","Corruption+1","Inflame+1","Metallicize+1","Dark Embrace+1","Pommel Strike+1"],"relics":["Burning Blood","Sling","Mercury Hourglass","Molten Egg 2","Orichalcum","Charon\u0027s Ashes","Ectoplasm","Meat on the Bone","Vajra","The Courier","Empty Cage","Incense Burner","Pantograph","Gremlin Horn","Lantern"],"potions_floor_usage":[6,16,16,19,29,31,40,50,50],"damage_taken":[{"damage":14,"enemies":"Small Slimes","floor":1,"turns":4},{"damage":7,"enemies":"2 Louse","floor":2,"turns":3},{"damage":7,"enemies":"Jaw Worm","floor":4,"turns":4},{"damage":6,"enemies":"2 Fungi Beasts","floor":5,"turns":4},{"damage":11,"enemies":"Gremlin Nob","floor":6,"turns":4},{"damage":11,"enemies":"Looter","floor":8,"turns":2},{"damage":26,"enemies":"Lagavulin","floor":11,"turns":4},{"damage":0,"enemies":"Exordium Thugs","floor":12,"turns":2},{"damage":0,"enemies":"Large Slime","floor":13,"turns":3},{"damage":7,"enemies":"3 Sentries","floor":14,"turns":3},{"damage":21,"enemies":"Hexaghost","floor":16,"turns":6},{"damage":0,"enemies":"Chosen","floor":18,"turns":3},{"damage":7,"enemies":"3 Byrds","floor":19,"turns":3},{"damage":38,"enemies":"Slaver and Parasite","floor":21,"turns":4},{"damage":24,"enemies":"Book of Stabbing","floor":24,"turns":4},{"damage":3,"enemies":"Centurion and Healer","floor":25,"turns":3},{"damage":18,"enemies":"Slavers","floor":28,"turns":3},{"damage":18,"enemies":"Snake Plant","floor":29,"turns":2},{"damage":0,"enemies":"Snecko","floor":31,"turns":2},{"damage":61,"enemies":"Automaton","floor":33,"turns":8},{"damage":27,"enemies":"3 Shapes","floor":35,"turns":3},{"damage":9,"enemies":"Orb Walker","floor":37,"turns":3},{"damage":28,"enemies":"Maw","floor":38,"turns":7},{"damage":13,"enemies":"Transient","floor":39,"turns":5},{"damage":30,"enemies":"2 Orb Walkers","floor":40,"turns":4},{"damage":25,"enemies":"Spire Growth","floor":42,"turns":4},{"damage":0,"enemies":"Flame Bruiser 2 Orb","floor":44,"turns":3},{"damage":22,"enemies":"Giant Head","floor":45,"turns":6},{"damage":1,"enemies":"Maw","floor":47,"turns":6},{"damage":12,"enemies":"2 Orb Walkers","floor":48,"turns":3},{"damage":69,"enemies":"Donu and Deca","floor":50,"turns":6}],"seed_played":"5893589657245218559","potions_obtained":[{"floor":1,"key":"EssenceOfSteel"},{"floor":4,"key":"Dexterity Potion"},{"floor":5,"key":"LiquidBronze"},{"floor":13,"key":"FearPotion"},{"floor":18,"key":"Block Potion"},{"floor":19,"key":"SneckoOil"},{"floor":28,"key":"Dexterity Potion"},{"floor":29,"key":"AttackPotion"},{"floor":33,"key":"Dexterity Potion"},{"floor":37,"key":"Explosive Potion"},{"floor":40,"key":"Weak Potion"}],"is_trial":false,"path_per_floor":["M","M","$","M","M","E","R","M","T","R","E","M","M","E","R","B",null,"M","M","$","M","?","R","E","M","T","R","E","M","?","M","R","B",null,"M","?","M","M","M","E","R","M","T","M","E","R","M","E","R"],"character_chosen":"IRONCLAD","items_purchased":["Sling","True Grit","Pommel Strike+1","Madness","Metallicize"],"campfire_rested":0,"item_purchase_floors":[3,3,20,20,20],"current_hp_per_floor":[60,59,59,58,58,53,53,48,48,48,28,34,40,39,39,24,62,73,72,72,48,48,48,30,45,45,45,57,45,45,51,51,26,63,54,40,49,39,45,44,44,37,37,70,65,65,74,68,68,22],"gold":38,"neow_bonus":"TWO_FIFTY_GOLD","is_prod":false,"is_daily":false,"chose_seed":false,"campfire_upgraded":9,"win_rate":0,"timestamp":1533563844,"path_taken":["M","M","$","M","M","E","R","M","T","R","E","M","M","E","R","BOSS","M","M","$","M","?","R","E","M","T","R","E","M","?","M","R","BOSS","M","?","M","M","M","E","R","M","T","M","E","R","M","E","R","BOSS"],"build_version":"2018-08-02","purchased_purges":1,"victory":false,"max_hp_per_floor":[75,75,75,75,75,75,75,75,75,75,75,75,75,75,75,75,75,75,75,75,75,75,75,75,75,75,75,75,75,75,75,75,75,75,75,75,75,75,75,75,75,75,75,75,75,75,75,75,75,75],"card_choices":[{"not_picked":["Flame Barrier","Headbutt"],"picked":"Twin Strike","floor":1},{"not_picked":["Pommel Strike","Thunderclap"],"picked":"Clothesline","floor":2},{"not_picked":["Clothesline","Flex"],"picked":"Anger","floor":4},{"not_picked":["Warcry","Shockwave","Clothesline"],"picked":"SKIP","floor":5},{"not_picked":["Heavy Blade","Body Slam"],"picked":"Pommel Strike","floor":6},{"not_picked":["Anger","Clothesline"],"picked":"Carnage","floor":8},{"not_picked":["Metallicize","Double Tap"],"picked":"Pummel+1","floor":11},{"not_picked":["Shrug It Off","Iron Wave+1"],"picked":"Cleave+1","floor":12},{"not_picked":["Cleave+1","Warcry"],"picked":"Body Slam+1","floor":13},{"not_picked":["Armaments","Shockwave"],"picked":"Spot Weakness","floor":14},{"not_picked":["Brutality","Dark Embrace"],"picked":"Reaper+1","floor":16},{"not_picked":["Warcry","Carnage+1","Bloodletting"],"picked":"SKIP","floor":18},{"not_picked":["Shockwave","Burning Pact+1"],"picked":"Perfected Strike+1","floor":19},{"not_picked":["Demon Form","Armaments"],"picked":"Wild Strike+1","floor":21},{"not_picked":["Sever Soul+1","Searing Blow+1"],"picked":"Twin Strike+1","floor":24},{"not_picked":["Body Slam+1","Clash+1"],"picked":"Intimidate","floor":25},{"not_picked":["Shrug It Off","Demon Form"],"picked":"Burning Pact","floor":28},{"not_picked":["Anger+1","Warcry"],"picked":"Wild Strike+1","floor":29},{"not_picked":["Anger+1","Rage"],"picked":"Seeing Red","floor":31},{"not_picked":["Demon Form","Impervious"],"picked":"Brutality","floor":33},{"not_picked":["Power Through","Pummel+1"],"picked":"Twin Strike+1","floor":35},{"not_picked":["Power Through","Inflame"],"picked":"Infernal Blade","floor":37},{"not_picked":["Intimidate","Pommel Strike+1"],"picked":"Sentinel+1","floor":38},{"not_picked":["Heavy Blade+1","Entrench"],"picked":"Corruption+1","floor":39},{"not_picked":["Anger+1","Carnage+1"],"picked":"Inflame+1","floor":40},{"not_picked":["Warcry","Cleave+1"],"picked":"Metallicize+1","floor":42},{"not_picked":["Heavy Blade+1","Cleave+1"],"picked":"Dark Embrace","floor":44},{"not_picked":["Cleave+1","Bloodletting","True Grit"],"picked":"SKIP","floor":45},{"not_picked":["Intimidate","Evolve+1"],"picked":"Pommel Strike+1","floor":47},{"not_picked":["Combust+1","Anger+1","Immolate+1"],"picked":"SKIP","floor":48}],"player_experience":558083,"relics_obtained":[{"floor":6,"key":"Mercury Hourglass"},{"floor":9,"key":"Molten Egg 2"},{"floor":11,"key":"Orichalcum"},{"floor":14,"key":"Charon\u0027s Ashes"},{"floor":24,"key":"Meat on the Bone"},{"floor":26,"key":"Vajra"},{"floor":28,"key":"The Courier"},{"floor":40,"key":"Incense Burner"},{"floor":43,"key":"Pantograph"},{"floor":45,"key":"Gremlin Horn"},{"floor":48,"key":"Lantern"}],"event_choices":[{"event_name":"Beggar","player_choice":"Gave Gold","floor":22,"damage_taken":0},{"event_name":"Addict","player_choice":"Ignored","floor":30,"damage_taken":0},{"event_name":"Winding Halls","player_choice":"Embrace Madness","floor":36,"damage_taken":0}],"is_beta":false,"boss_relics":[{"not_picked":["Busted Crown","Tiny House"],"picked":"Ectoplasm"},{"not_picked":["Fusion Hammer","Pandora\u0027s Box"],"picked":"Empty Cage"}],"items_purged_floors":[3],"is_endless":false,"potions_floor_spawned":[1,4,5,13,18,19,28,29,33,37,40,42,48],"killed_by":"Donu and Deca","ascension_level":15}