{"gold_per_floor":[115,40,52,52,3,3,28,28,55,72,88,99,109,139,139,210,210,228,443,62,78,78,108,118,118,167,167,167,167,167],"floor_reached":30,"playtime":984,"items_purged":["Strike_R","Strike_R"],"score":499,"play_id":"4bb82328-9bd3-4fc3-806e-9a1f351576bc","local_time":"20180821224525","is_ascension_mode":true,"campfire_choices":[{"data":"Pummel","floor":6.0,"key":"SMITH"},{"data":"Demon Form","floor":8.0,"key":"SMITH"},{"data":"Corruption","floor":15.0,"key":"SMITH"},{"data":"Armaments","floor":25,"key":"SMITH"},{"data":"Feel No Pain","floor":28,"key":"SMITH"}],"neow_cost":"NONE","seed_source_timestamp":0,"circlet_count":0,"master_deck":["Strike_R","Strike_R","Strike_R","Defend_R","Defend_R","Defend_R","Defend_R","Bash","AscendersBane","Uppercut","Pummel+1","Pommel Strike","Demon Form+1","Corruption+1","Twin Strike","Sword Boomerang","Seeing Red","Armaments+1","Exhume","Battle Trance","Whirlwind","Shrug It Off","Feel No Pain+1","Offering","Writhe"],"special_seed":0,"relics":["Burning Blood","NeowsBlessing","Dream Catcher","Strawberry","Happy Flower","Blue Candle","Coffee Dripper","Old Coin","Lantern","Regal Pillow","Bronze Scales","Kunai"],"potions_floor_usage":[27,27],"damage_taken":[{"damage":0.0,"enemies":"Cultist","floor":1.0,"turns":1.0},{"damage":0.0,"enemies":"Small Slimes","floor":3.0,"turns":1.0},{"damage":0.0,"enemies":"Lagavulin","floor":7.0,"turns":1.0},{"damage":6.0,"enemies":"2 Louse","floor":10.0,"turns":2.0},{"damage":0.0,"enemies":"2 Fungi Beasts","floor":11.0,"turns":2.0},{"damage":9.0,"enemies":"Red Slaver","floor":12.0,"turns":5.0},{"damage":13.0,"enemies":"Blue Slaver","floor":13.0,"turns":2.0},{"damage":35.0,"enemies":"3 Sentries","floor":14.0,"turns":4.0},{"damage":19.0,"enemies":"Slime Boss","floor":16.0,"turns":5.0},{"damage":20.0,"enemies":"Shell Parasite","floor":18.0,"turns":6.0},{"damage":0.0,"enemies":"Spheric Guardian","floor":21.0,"turns":3.0},{"damage":55.0,"enemies":"Slavers","floor":23.0,"turns":8.0},{"damage":18.0,"enemies":"Snake Plant","floor":24.0,"turns":5.0},{"damage":29,"enemies":"Cultist and Chosen","floor":27,"turns":6},{"damage":1,"enemies":"Gremlin Leader","floor":30,"turns":2}],"seed_played":"1828433607182938691","potions_obtained":[{"floor":7.0,"key":"AttackPotion"},{"floor":10.0,"key":"Weak Potion"},{"floor":12.0,"key":"SmokeBomb"},{"floor":13.0,"key":"Ancient Potion"},{"floor":14.0,"key":"EntropicBrew"},{"floor":24,"key":"Regen Potion"}],"is_trial":false,"path_per_floor":["M","$","M","?","$","R","E","R","T","M","M","M","M","E","R","B",null,"M","?","$","M","?","E","M","R","T","M","R","?"],"character_chosen":"IRONCLAD","items_purchased":["Pommel Strike","Whirlwind","Shrug It Off","Lantern"],"campfire_rested":0,"item_purchase_floors":[5,20,20,20],"current_hp_per_floor":[74,74,75,57,57,57,70,70,70,70,76,73,66,37,37,24,68,54,54,54,60,76,27,15,15,15,7,7,7,6],"gold":167,"neow_bonus":"THREE_ENEMY_KILL","is_prod":false,"is_daily":false,"chose_seed":false,"campfire_upgraded":5,"win_rate":0,"timestamp":1534905925,"path_taken":["M","$","?","?","$","R","E","R","T","M","M","?","M","E","R","BOSS","M","?","$","?","?","E","M","R","T","M","R","?","E"],"build_version":"2018-08-16","purchased_purges":2,"victory":false,"max_hp_per_floor":[75,75,75,75,75,75,82,82,82,82,82,82,82,82,82,82,82,82,82,82,82,82,82,82,82,82,82,82,82,82],"card_choices":[{"not_picked":["Clash","Thunderclap"],"picked":"Uppercut","floor":1.0},{"not_picked":["Spot Weakness","Heavy Blade"],"picked":"Pummel","floor":3.0},{"not_picked":["Uppercut","Thunderclap"],"picked":"Demon Form","floor":7.0},{"not_picked":["Anger","Flex"],"picked":"Corruption","floor":10.0},{"not_picked":["Warcry","Clothesline"],"picked":"Twin Strike","floor":11.0},{"not_picked":["Entrench","Rampage"],"picked":"Sword Boomerang","floor":12.0},{"not_picked":["Carnage","Pommel Strike"],"picked":"Seeing Red","floor":13.0},{"not_picked":["Headbutt","Demon Form"],"picked":"Armaments","floor":14.0},{"not_picked":["Fiend Fire","Double Tap"],"picked":"Exhume","floor":16.0},{"not_picked":["Fire Breathing","Armaments"],"picked":"Battle Trance","floor":18.0},{"not_picked":["Clothesline+1","Fire Breathing+1"],"picked":"Feel No Pain","floor":21.0},{"not_picked":["Demon Form","Clash"],"picked":"Offering","floor":23.0},{"not_picked":["Twin Strike","Combust+1","Warcry"],"picked":"SKIP","floor":24}],"player_experience":593193,"relics_obtained":[{"floor":7.0,"key":"Strawberry"},{"floor":9.0,"key":"Happy Flower"},{"floor":14.0,"key":"Blue Candle"},{"floor":23.0,"key":"Regal Pillow"},{"floor":26,"key":"Bronze Scales"}],"event_choices":[{"event_name":"Scrap Ooze","player_choice":"success","floor":4.0,"damage_taken":18.0},{"event_name":"Addict","player_choice":"Obtained Relic","floor":19.0,"damage_taken":0.0},{"event_name":"The Library","player_choice":"Heal","floor":22.0,"damage_taken":0.0},{"event_name":"The Mausoleum","player_choice":"Yes","floor":29,"damage_taken":0}],"is_beta":false,"boss_relics":[{"not_picked":["Philosopher\u0027s Stone","Tiny House"],"picked":"Coffee Dripper"}],"items_purged_floors":[2,20],"is_endless":false,"potions_floor_spawned":[7,10,12,13,14,24],"killed_by":"Gremlin Leader","ascension_level":15}