{"path_per_floor":["M","?","M","?","M","R","$","E","T","M","E","M","E","M","R","B",null,"M","?","?","$","M"],"character_chosen":"IRONCLAD","items_purchased":["Spot Weakness","Lee\u0027s Waffle","Du-Vu Doll","Evolve"],"gold_per_floor":[116,191,209,384,403,403,49,80,152,168,203,220,248,261,261,365,365,380,380,580,164,182],"floor_reached":23,"campfire_rested":0,"playtime":2558,"current_hp_per_floor":[72,61,57,57,50,50,79,71,71,73,57,58,55,48,48,27,79,54,54,54,54,33],"items_purged":["Strike_R","Strike_R"],"gold":182,"play_id":"b6e2ba9d-f2e4-48fb-9a0e-9c3512719c22","is_prod":false,"is_daily":false,"is_ascension_mode":true,"campfire_upgraded":2,"path_taken":["M","?","?","?","M","R","?","E","T","M","E","M","E","M","R","BOSS","M","?","?","$","?","E"],"build_version":"2018-01-25-PROD3","purchased_purges":2,"victory":false,"master_deck":["Strike_R","Defend_R","Defend_R","Defend_R","Defend_R","Bash","Heavy Blade","Armaments+1","Doubt","True Grit+1","Spot Weakness","Headbutt","Flex","Dual Wield","Battle Trance","Feed","Headbutt","Writhe","Evolve"],"max_hp_per_floor":[72,72,72,72,72,72,79,79,79,79,79,79,79,79,79,79,79,82,82,82,82,85],"relics":["Burning Blood","Lee\u0027s Waffle","Lantern","Blue Candle","Kunai","Smiling Mask","Mark of Pain","Shuriken","Du-Vu Doll"],"card_choices":[{"not_picked":["Clash","Rampage"],"picked":"Heavy Blade"},{"not_picked":["Wild Strike","Body Slam"],"picked":"Armaments"},{"not_picked":["Exhume","Disarm"],"picked":"True Grit"},{"not_picked":["Pommel Strike","Brutality"],"picked":"Headbutt"},{"not_picked":["Pommel Strike","Havoc"],"picked":"Flex"},{"not_picked":["Disarm","Body Slam"],"picked":"Dual Wield"},{"not_picked":["Havoc","Searing Blow"],"picked":"Battle Trance"},{"not_picked":["Immolate","Bludgeon"],"picked":"Feed"},{"not_picked":["Corruption","Perfected Strike"],"picked":"Headbutt"}],"player_experience":96572,"potions_floor_usage":[5,11,13,13,23,23],"damage_taken":[{"damage":5,"enemies":"Cultist","floor":1,"turns":4},{"damage":10,"enemies":"Small Slimes","floor":3,"turns":5},{"damage":13,"enemies":"Blue Slaver","floor":5,"turns":6},{"damage":14,"enemies":"3 Sentries","floor":8,"turns":11},{"damage":4,"enemies":"Gremlin Gang","floor":10,"turns":5},{"damage":22,"enemies":"Gremlin Nob","floor":11,"turns":4},{"damage":5,"enemies":"Large Slime","floor":12,"turns":7},{"damage":24,"enemies":"3 Sentries","floor":13,"turns":8},{"damage":13,"enemies":"Lots of Slimes","floor":14,"turns":5},{"damage":27,"enemies":"Slime Boss","floor":16,"turns":9},{"damage":34,"enemies":"Chosen","floor":18,"turns":8},{"damage":30,"enemies":"Spheric Guardian","floor":22,"turns":6},{"damage":39,"enemies":"Gremlin Leader","floor":23,"turns":4}],"event_choices":[{"event_name":"World of Goop","player_choice":"Gather Gold","floor":2,"damage_taken":0},{"event_name":"Liars Game","player_choice":"agreed","floor":4,"damage_taken":0},{"event_name":"The Mausoleum","player_choice":"Yes","floor":19,"damage_taken":0},{"event_name":"Wheel of Change","player_choice":"Gold","floor":20,"damage_taken":0}],"boss_relics":[{"not_picked":["Runic Cube","Astrolabe"],"picked":"Mark of Pain"}],"potions_floor_spawned":[3,5,11,12,16,22],"seed_played":"-3269773434816956016","killed_by":"Gremlin Leader","ascension_level":1,"is_trial":false}