{"gold_per_floor":[118,132,147,147,147,175,175,189,189,189,217,217,217,182,182,279,309,324,423,438,438,15,47,2,30,30,63,74,86,86,113,113,211,211,229,229,229,242,242,242,267,267,293,293,15,15,28,54,54,54],"floor_reached":51,"playtime":2729,"items_purged":["Regret"],"score":926,"play_id":"279f6530-a4db-4174-aac1-1d900a8dcbf3","local_time":"20190117061359","is_ascension_mode":true,"campfire_choices":[{"data":"Skewer","floor":7.0,"key":"SMITH"},{"data":"Dodge and Roll","floor":13.0,"key":"SMITH"},{"data":"Blade Dance","floor":15.0,"key":"SMITH"},{"floor":30.0,"key":"REST"},{"data":"Cloak And Dagger","floor":32.0,"key":"SMITH"},{"data":"Die Die Die","floor":40,"key":"SMITH"},{"data":"Jack Of All Trades","floor":42,"key":"SMITH"},{"data":"Footwork","floor":44,"key":"SMITH"},{"data":"Backflip","floor":46,"key":"SMITH"},{"floor":49,"key":"REST"}],"neow_cost":"NONE","seed_source_timestamp":0,"circlet_count":0,"master_deck":["Defend_G","Defend_G","Defend_G","Defend_G","Defend_G","Strike_G","Strike_G","Strike_G","Strike_G","Strike_G+1","Survivor","Neutralize+1","Blade Dance+1","Footwork+1","Dodge and Roll+1","Skewer+1","Backflip+1","Slice","Die Die Die+1","Decay","Decay","Endless Agony","Backstab+1","Jack Of All Trades+1","Die Die Die","Cloak And Dagger+1","Slice+1","Backflip+1","Slice","Unload","Distraction+1","Writhe","Infinite Blades+1","Mind Blast+1","Slice+1","Slice+1","After Image"],"special_seed":0,"relics":["Ring of the Snake","Strawberry","PreservedInsect","Lantern","Singing Bowl","Calling Bell","Tiny Chest","Shuriken","Calipers","Ornamental Fan","Turnip","Whetstone","Bottled Flame","Happy Flower","Blue Candle","Philosopher\u0027s Stone","Molten Egg 2","Vajra","Bag of Marbles","Letter Opener"],"potions_floor_usage":[41,50,50,50],"damage_taken":[{"damage":0.0,"enemies":"Jaw Worm","floor":1.0,"turns":5.0},{"damage":0.0,"enemies":"Small Slimes","floor":2.0,"turns":3.0},{"damage":0.0,"enemies":"2 Louse","floor":3.0,"turns":3.0},{"damage":17.0,"enemies":"Lagavulin","floor":6.0,"turns":15.0},{"damage":0.0,"enemies":"Large Slime","floor":8.0,"turns":5.0},{"damage":18.0,"enemies":"3 Sentries","floor":11.0,"turns":9.0},{"damage":48.0,"enemies":"The Guardian","floor":16.0,"turns":17.0},{"damage":29.0,"enemies":"Shell Parasite","floor":18.0,"turns":10.0},{"damage":5.0,"enemies":"3 Byrds","floor":20.0,"turns":6.0},{"damage":5.0,"enemies":"Slavers","floor":23.0,"turns":4.0},{"damage":3.0,"enemies":"Gremlin Leader","floor":25.0,"turns":4.0},{"damage":5.0,"enemies":"Slavers","floor":27.0,"turns":2.0},{"damage":2.0,"enemies":"Centurion and Healer","floor":28.0,"turns":3.0},{"damage":0.0,"enemies":"Chosen and Byrds","floor":29.0,"turns":4.0},{"damage":0.0,"enemies":"Book of Stabbing","floor":31.0,"turns":3.0},{"damage":35.0,"enemies":"Champ","floor":33.0,"turns":8.0},{"damage":8,"enemies":"3 Darklings","floor":35,"turns":3},{"damage":1,"enemies":"Orb Walker","floor":38,"turns":3},{"damage":19,"enemies":"Reptomancer","floor":41,"turns":5},{"damage":0,"enemies":"Transient","floor":47,"turns":5},{"damage":0,"enemies":"Nemesis","floor":48,"turns":3},{"damage":69,"enemies":"Donu and Deca","floor":50,"turns":7}],"seed_played":"-4656274228004889017","potions_obtained":[{"floor":2.0,"key":"PowerPotion"},{"floor":6.0,"key":"SteroidPotion"},{"floor":18.0,"key":"Explosive Potion"},{"floor":25.0,"key":"AttackPotion"},{"floor":27.0,"key":"AttackPotion"},{"floor":38,"key":"Ancient Potion"},{"floor":47,"key":"FearPotion"},{"floor":48,"key":"PowerPotion"}],"is_trial":false,"path_per_floor":["M","M","M","?","?","E","R","M","T","?","E","?","R","?","R","B",null,"M","?","M","?","$","E","$","E","T","E","M","M","R","E","R","B",null,"M","?","?","M","?","R","E","R","T","R","$","R","M","E","R","B",null],"character_chosen":"THE_SILENT","items_purchased":["Ornamental Fan","Jack Of All Trades","Cloak And Dagger","Bag of Marbles","Mind Blast+1","Slice+1"],"campfire_rested":2,"item_purchase_floors":[22,22,24,45,45,45],"current_hp_per_floor":[77,77,77,82,82,65,65,65,65,82,64,57,57,76,76,28,79,50,50,45,45,45,40,40,37,37,32,32,34,58,58,58,23,83,75,75,83,84,84,84,65,65,65,65,65,65,65,65,85,16],"gold":54,"neow_bonus":"RANDOM_COMMON_RELIC","is_prod":false,"is_daily":false,"chose_seed":false,"campfire_upgraded":8,"win_rate":0,"timestamp":1547723639,"path_taken":["M","M","M","?","?","E","R","M","T","?","E","?","R","?","R","BOSS","M","?","M","?","$","E","$","E","T","E","M","M","R","E","R","BOSS","M","?","?","?","?","R","E","R","T","R","$","R","M","E","R","BOSS"],"build_version":"2019-01-10","purchased_purges":1,"victory":true,"max_hp_per_floor":[77,77,77,82,82,82,82,82,82,82,82,79,79,79,79,79,79,79,79,79,79,79,79,79,79,79,79,81,83,83,83,83,83,83,83,83,83,85,85,85,85,85,85,85,85,85,85,85,85,85],"card_choices":[{"not_picked":["Underhanded Strike","PiercingWail"],"picked":"Blade Dance","floor":1.0},{"not_picked":["Dagger Spray","Dodge and Roll"],"picked":"Footwork","floor":2.0},{"not_picked":["Concentrate","Tactician"],"picked":"Dodge and Roll","floor":3.0},{"not_picked":["Grand Finale","Bouncing Flask"],"picked":"Skewer","floor":6.0},{"not_picked":["Acrobatics","Quick Slash"],"picked":"Backflip","floor":8.0},{"not_picked":["Flechettes","Reflex"],"picked":"Slice","floor":11.0},{"not_picked":["Corpse Explosion","Grand Finale"],"picked":"Die Die Die","floor":16.0},{"not_picked":["Dagger Spray+1","Flying Knee"],"picked":"Endless Agony","floor":18.0},{"not_picked":["Dodge and Roll","Well Laid Plans"],"picked":"Terror","floor":20.0},{"not_picked":["Terror","All Out Attack"],"picked":"Die Die Die","floor":23.0},{"not_picked":["Dodge and Roll","Blade Dance"],"picked":"Slice+1","floor":25.0},{"not_picked":["Flying Knee","Deflect"],"picked":"Backflip+1","floor":27.0},{"not_picked":["Underhanded Strike","Crippling Poison","Deadly Poison"],"picked":"Singing Bowl","floor":28.0},{"not_picked":["Blade Dance","Calculated Gamble+1","Glass Knife"],"picked":"Singing Bowl","floor":29.0},{"not_picked":["Deflect","Predator+1"],"picked":"Slice","floor":31.0},{"not_picked":["Venomology","Storm of Steel"],"picked":"Unload","floor":33.0},{"not_picked":["Caltrops","Bane"],"picked":"Distraction+1","floor":35},{"not_picked":["Calculated Gamble+1","Catalyst","All Out Attack"],"picked":"Singing Bowl","floor":38},{"not_picked":["Quick Slash+1","Backflip+1"],"picked":"Infinite Blades+1","floor":41},{"not_picked":["Setup","Heel Hook+1"],"picked":"Slice+1","floor":47},{"not_picked":["Quick Slash+1","Riddle With Holes+1"],"picked":"After Image","floor":48}],"player_experience":109504,"relics_obtained":[{"floor":6.0,"key":"PreservedInsect"},{"floor":9.0,"key":"Lantern"},{"floor":11.0,"key":"Singing Bowl"},{"floor":17.0,"key":"Tiny Chest"},{"floor":17.0,"key":"Shuriken"},{"floor":17.0,"key":"Calipers"},{"floor":23.0,"key":"Turnip"},{"floor":25.0,"key":"Whetstone"},{"floor":26.0,"key":"Bottled Flame"},{"floor":27.0,"key":"Happy Flower"},{"floor":31.0,"key":"Blue Candle"},{"floor":41,"key":"Molten Egg 2"},{"floor":43,"key":"Vajra"},{"floor":48,"key":"Letter Opener"}],"event_choices":[{"damage_healed":0.0,"max_hp_gain":5.0,"max_hp_loss":0.0,"gold_gain":0.0,"event_name":"Big Fish","player_choice":"Donut","floor":4.0,"gold_loss":0.0,"damage_taken":0.0},{"damage_healed":0.0,"max_hp_gain":0.0,"max_hp_loss":0.0,"gold_gain":0.0,"event_name":"Living Wall","player_choice":"Grow","floor":5.0,"gold_loss":0.0,"damage_taken":0.0,"cards_upgraded":["Neutralize"]},{"damage_healed":20.0,"max_hp_gain":0.0,"max_hp_loss":0.0,"gold_gain":0.0,"event_name":"Mushrooms","player_choice":"Healed and dodged fight","floor":10.0,"gold_loss":0.0,"damage_taken":0.0,"cards_obtained":["Parasite"]},{"cards_removed":["Parasite"],"damage_healed":0.0,"max_hp_gain":0.0,"max_hp_loss":0.0,"gold_gain":0.0,"event_name":"Golden Wing","player_choice":"Card Removal","floor":12.0,"gold_loss":0.0,"damage_taken":7.0},{"damage_healed":19.0,"max_hp_gain":0.0,"max_hp_loss":0.0,"gold_gain":0.0,"event_name":"The Cleric","player_choice":"Healed","floor":14.0,"gold_loss":35.0,"damage_taken":0.0},{"damage_healed":0.0,"max_hp_gain":0.0,"max_hp_loss":0.0,"gold_gain":99.0,"event_name":"Nest","player_choice":"Stole From Cult","floor":19.0,"gold_loss":0.0,"damage_taken":0.0},{"damage_healed":0.0,"max_hp_gain":0.0,"max_hp_loss":0.0,"gold_gain":0.0,"event_name":"The Library","player_choice":"Read","floor":21.0,"gold_loss":0.0,"damage_taken":0.0,"cards_obtained":["Backstab"]},{"damage_healed":0,"gold_gain":0,"player_choice":"Ignored","damage_taken":0,"max_hp_gain":0,"max_hp_loss":0,"event_name":"Mysterious Sphere","floor":36,"gold_loss":0},{"damage_healed":21,"gold_gain":0,"player_choice":"Writhe","damage_taken":0,"max_hp_gain":0,"max_hp_loss":0,"event_name":"Winding Halls","floor":37,"gold_loss":0,"cards_obtained":["Writhe"]},{"cards_removed":["Terror"],"damage_healed":0,"gold_gain":0,"player_choice":"Removed Skill","damage_taken":0,"max_hp_gain":0,"max_hp_loss":0,"event_name":"Falling","floor":39,"gold_loss":0}],"is_beta":false,"boss_relics":[{"not_picked":["Ectoplasm","White Beast Statue"],"picked":"Calling Bell"},{"not_picked":["Ring of the Serpent","Astrolabe"],"picked":"Philosopher\u0027s Stone"}],"items_purged_floors":[22],"is_endless":false,"potions_floor_spawned":[2,6,18,25,27,38,47,48],"ascension_level":1}