{"gold_per_floor":[115,115,135,135,202,227,238,238,238,33,44,108,118,149,149,253,253,268,287,185,150,162,162,162],"floor_reached":24,"playtime":1224,"items_purged":["Strike_B"],"score":305,"play_id":"c40b9f7f-9aab-4c72-81c1-c47116eedfa2","local_time":"20190206105707","is_ascension_mode":true,"campfire_choices":[{"data":"Zap","floor":8,"key":"SMITH"},{"floor":15,"key":"REST"},{"data":"Rainbow","floor":23,"key":"SMITH"}],"neow_cost":"NONE","seed_source_timestamp":1704284675642314,"circlet_count":0,"master_deck":["Strike_B","Strike_B","Strike_B","Defend_B","Defend_B","Defend_B","Defend_B","Zap+1","Dualcast","Sweeping Beam","Go for the Eyes","Redo","Genetic Algorithm","Steam Power","Steam","Coolheaded","Glacier","Conserve Battery","Rainbow+1","Hologram","Compile Driver","BootSequence"],"relics":["Cracked Core","NeowsBlessing","SsserpentHead","Bag of Preparation","Omamori","Runic Capacitor","Question Card","Busted Crown","Anchor"],"potions_floor_usage":[6,6,16,19,24],"damage_taken":[{"damage":0,"enemies":"Small Slimes","floor":1,"turns":1},{"damage":0,"enemies":"Cultist","floor":3,"turns":1},{"damage":0,"enemies":"Jaw Worm","floor":5,"turns":1},{"damage":14,"enemies":"3 Sentries","floor":6,"turns":5},{"damage":36,"enemies":"Large Slime","floor":7,"turns":8},{"damage":0,"enemies":"Exordium Wildlife","floor":11,"turns":3},{"damage":0,"enemies":"Blue Slaver","floor":12,"turns":3},{"damage":18,"enemies":"Large Slime","floor":13,"turns":6},{"damage":3,"enemies":"Lagavulin","floor":14,"turns":10},{"damage":15,"enemies":"Hexaghost","floor":16,"turns":13},{"damage":1,"enemies":"Shell Parasite","floor":18,"turns":5},{"damage":12,"enemies":"Spheric Guardian","floor":19,"turns":6},{"damage":3,"enemies":"Snecko","floor":22,"turns":8},{"damage":55,"enemies":"Gremlin Leader","floor":24,"turns":8}],"seed_played":"-7953753862040313254","potions_obtained":[{"floor":3,"key":"EssenceOfSteel"},{"floor":5,"key":"Explosive Potion"},{"floor":11,"key":"Weak Potion"},{"floor":12,"key":"Fire Potion"},{"floor":14,"key":"PowerPotion"},{"floor":16,"key":"Fire Potion"},{"floor":19,"key":"SteroidPotion"}],"is_trial":false,"path_per_floor":["M","?","M","?","M","E","M","R","T","$","M","M","M","E","R","B",null,"M","M","$","?","M","R","E"],"character_chosen":"DEFECT","items_purchased":["Runic Capacitor","Compile Driver"],"campfire_rested":1,"item_purchase_floors":[10,20],"current_hp_per_floor":[68,73,73,73,73,59,23,23,23,23,23,23,5,2,26,11,63,62,50,50,50,47,47,0],"gold":162,"neow_bonus":"THREE_ENEMY_KILL","is_prod":false,"is_daily":false,"chose_seed":false,"campfire_upgraded":2,"win_rate":0,"timestamp":1549468627,"path_taken":["M","?","M","?","?","E","M","R","T","$","M","?","M","E","R","BOSS","M","M","$","?","M","R","E"],"build_version":"2019-01-23","purchased_purges":1,"victory":false,"max_hp_per_floor":[75,80,80,80,80,80,80,80,80,80,80,80,80,80,80,80,80,80,80,80,80,80,80,80],"card_choices":[{"not_picked":["Streamline","Rip and Tear"],"picked":"Sweeping Beam","floor":1},{"not_picked":["Gash","Compile Driver"],"picked":"Go for the Eyes","floor":3},{"not_picked":["Chaos","Beam Cell"],"picked":"Redo","floor":5},{"not_picked":["Meteor Strike","Conserve Battery"],"picked":"Genetic Algorithm","floor":6},{"not_picked":["Double Energy","Undo"],"picked":"Steam Power","floor":7},{"not_picked":["Stack","Ball Lightning"],"picked":"Steam","floor":11},{"not_picked":["Reprogram","Gash"],"picked":"Coolheaded","floor":12},{"not_picked":["Barrage","Heatsinks"],"picked":"Glacier","floor":13},{"not_picked":["Gash","Hello World"],"picked":"Conserve Battery","floor":14},{"not_picked":["Machine Learning","Meteor Strike","Seek"],"picked":"Rainbow","floor":16},{"not_picked":["Rebound","Recycle"],"picked":"SKIP","floor":18},{"not_picked":["Genetic Algorithm"],"picked":"Hologram","floor":19},{"not_picked":["Self Repair"],"picked":"BootSequence","floor":22}],"player_experience":266394,"relics_obtained":[{"floor":6,"key":"Bag of Preparation"},{"floor":9,"key":"Omamori"},{"floor":14,"key":"Question Card"}],"event_choices":[{"damage_healed":0,"gold_gain":0,"player_choice":"Donut","damage_taken":0,"max_hp_gain":5,"max_hp_loss":0,"event_name":"Big Fish","floor":2,"gold_loss":0},{"damage_healed":0,"gold_gain":0,"player_choice":"Trade","damage_taken":0,"relics_obtained":["SsserpentHead"],"max_hp_gain":0,"max_hp_loss":0,"event_name":"FaceTrader","floor":4,"gold_loss":0},{"damage_healed":0,"gold_gain":0,"player_choice":"Obtained Relic","damage_taken":0,"relics_obtained":["Anchor"],"max_hp_gain":0,"max_hp_loss":0,"event_name":"Addict","floor":21,"gold_loss":85}],"is_beta":false,"boss_relics":[{"not_picked":["Coffee Dripper","Snecko Eye"],"picked":"Busted Crown"}],"items_purged_floors":[20],"is_endless":false,"potions_floor_spawned":[3,5,11,12,14,16,19],"killed_by":"Gremlin Leader","ascension_level":9}