{"gold_per_floor":[111,127,146,160,160,160,191,191,191,291,302,328,362,362,362,462,462,474,77,93,43,60,60,91,106,106,106],"floor_reached":27,"playtime":1618,"items_purged":["Strike_B"],"score":267,"play_id":"5fb8c5a3-77a1-4eea-808d-1be70f48d427","local_time":"20180624231718","is_ascension_mode":true,"campfire_choices":[{"data":"Go for the Eyes","floor":6,"key":"SMITH"},{"data":"FTL","floor":8,"key":"SMITH"},{"floor":15,"key":"REST"},{"data":"Coolheaded","floor":23,"key":"SMITH"}],"neow_cost":"NONE","seed_source_timestamp":739915915040963,"circlet_count":0,"master_deck":["Strike_B","Strike_B","Strike_B","Defend_B","Defend_B+1","Defend_B","Defend_B","Zap","Dualcast","Turbo","Go for the Eyes+1","Reprogram","Coolheaded+1","FTL+1","Streamline","Cold Snap+1","Electrodynamics","Conserve Battery","Self Repair","Blizzard","Self Repair+1","Leap+1"],"relics":["Cracked Core","Potion Belt","Lantern","Regal Pillow","Dodecahedron","Runic Dome","Mummified Hand","Centennial Puzzle","Smiling Mask"],"potions_floor_usage":[7,16,16,20,24],"damage_taken":[{"damage":0,"enemies":"Cultist","floor":1,"turns":3},{"damage":6,"enemies":"2 Louse","floor":2,"turns":2},{"damage":0,"enemies":"Small Slimes","floor":3,"turns":3},{"damage":9,"enemies":"3 Louse","floor":4,"turns":4},{"damage":5,"enemies":"3 Sentries","floor":7,"turns":8},{"damage":1,"enemies":"Looter","floor":11,"turns":3},{"damage":21,"enemies":"Lagavulin","floor":13,"turns":6},{"damage":8,"enemies":"Slime Boss","floor":16,"turns":11},{"damage":10,"enemies":"Chosen","floor":18,"turns":3},{"damage":28,"enemies":"Shell Parasite","floor":20,"turns":5},{"damage":36,"enemies":"Snake Plant","floor":22,"turns":5},{"damage":26,"enemies":"Gremlin Leader","floor":24,"turns":7},{"damage":14,"enemies":"Slaver and Parasite","floor":25,"turns":6},{"damage":30,"enemies":"Chosen and Byrds","floor":27,"turns":5}],"seed_played":"-5254972971705298561","potions_obtained":[{"floor":4,"key":"FocusPotion"},{"floor":7,"key":"Strength Potion"},{"floor":13,"key":"EssenceOfSteel"},{"floor":18,"key":"Regen Potion"},{"floor":22,"key":"Strength Potion"},{"floor":25,"key":"FocusPotion"}],"is_trial":false,"path_per_floor":["M","M","M","M","?","R","E","R","T","?","M","T","E","?","R","B",null,"M","$","M","?","M","R","E","M","T"],"character_chosen":"DEFECT","items_purchased":["Mummified Hand","Self Repair"],"campfire_rested":1,"item_purchase_floors":[19,19],"current_hp_per_floor":[75,69,69,60,65,65,60,60,60,60,59,59,38,22,61,53,80,70,70,63,63,34,34,15,18,18,0],"gold":106,"neow_bonus":"THREE_CARDS","is_prod":false,"is_daily":false,"chose_seed":false,"campfire_upgraded":3,"win_rate":0,"timestamp":1529896638,"path_taken":["M","M","?","M","?","R","E","R","T","?","M","?","E","?","R","BOSS","M","$","M","?","M","R","E","M","T","M"],"build_version":"2018-06-21v2","purchased_purges":1,"victory":false,"max_hp_per_floor":[75,75,75,75,80,80,80,80,80,80,80,80,80,80,80,80,80,80,80,80,80,80,80,80,80,80,80],"card_choices":[{"not_picked":["Genetic Algorithm","Leap"],"picked":"Turbo","floor":0},{"not_picked":["Beam Cell","Compile Driver"],"picked":"Go for the Eyes","floor":1},{"not_picked":["Sunder","Rebound"],"picked":"Reprogram","floor":2},{"not_picked":["Cold Snap","Ball Lightning"],"picked":"Coolheaded","floor":3},{"not_picked":["Ball Lightning","Consume"],"picked":"FTL","floor":4},{"not_picked":["Fusion","Loop","Force Field"],"picked":"SKIP","floor":7},{"not_picked":["Steam","Compile Driver"],"picked":"Streamline","floor":11},{"not_picked":["Go for the Eyes","Leap"],"picked":"Cold Snap","floor":13},{"not_picked":["Rainbow","Buffer"],"picked":"Electrodynamics","floor":16},{"not_picked":["Sweeping Beam","Chaos"],"picked":"Conserve Battery","floor":18},{"not_picked":["Turbo+1","Steam+1"],"picked":"Blizzard","floor":20},{"not_picked":["Streamline","Rebound","Fusion"],"picked":"SKIP","floor":22},{"not_picked":["Rip and Tear","Streamline+1"],"picked":"Self Repair+1","floor":24},{"not_picked":["Melter+1","Turbo"],"picked":"Leap+1","floor":25}],"player_experience":305185,"relics_obtained":[{"floor":7,"key":"Potion Belt"},{"floor":9,"key":"Lantern"},{"floor":12,"key":"Regal Pillow"},{"floor":13,"key":"Dodecahedron"},{"floor":24,"key":"Centennial Puzzle"},{"floor":26,"key":"Smiling Mask"}],"event_choices":[{"event_name":"Big Fish","player_choice":"Donut","floor":5,"damage_taken":0},{"event_name":"Golden Shrine","player_choice":"Pray","floor":10,"damage_taken":0},{"event_name":"Shining Light","player_choice":"Entered Light","floor":14,"damage_taken":0},{"event_name":"The Joust","player_choice":"Bet on Murderer","floor":21,"damage_taken":0}],"boss_relics":[{"not_picked":["Calling Bell","Ectoplasm"],"picked":"Runic Dome"}],"items_purged_floors":[19],"is_endless":false,"potions_floor_spawned":[4,7,13,18,22,25],"killed_by":"Chosen and Byrds","ascension_level":2}