{"gold_per_floor":[214,226,226,226,28,28,61,61,91,432,432,453,476,501,501,621,621,642,657,657,668,685,685,704,619,619,638,668,668,685,697,697,795,795,805,504,514,525,537,562,562,123,123,142,152,152,152,164,164,164],"floor_reached":51,"playtime":4060,"items_purged":["Zap"],"score":1191,"play_id":"79ad0bfc-34b7-470b-b62e-c4425ca5b267","local_time":"20190525095248","is_ascension_mode":true,"campfire_choices":[{"data":"Sweeping Beam","floor":6.0,"key":"SMITH"},{"floor":8.0,"key":"REST"},{"floor":15.0,"key":"REST"},{"data":"Blizzard","floor":23.0,"key":"SMITH"},{"data":"Machine Learning","floor":29.0,"key":"SMITH"},{"data":"Blizzard","floor":32,"key":"SMITH"},{"floor":41,"key":"REST"},{"data":"Seek","floor":46,"key":"SMITH"},{"data":"Machine Learning","floor":49,"key":"SMITH"}],"neow_cost":"NONE","seed_source_timestamp":0,"circlet_count":0,"master_deck":["AscendersBane","Dualcast","Conserve Battery","Cold Snap","Sweeping Beam+1","Glacier","Glacier","Streamline","Go for the Eyes+1","Self Repair","Barrage","Go for the Eyes+1","Machine Learning+1","Reboot","Seek+1","Double Energy","Go for the Eyes","Consume","Compile Driver","Blizzard+1","Beam Cell","Glacier","Reinforced Body","Blizzard+1","FTL","Coolheaded","Auto Shields","Coolheaded","Machine Learning+1","Conserve Battery+1","Capacitor","Cold Snap+1","Capacitor","Master of Strategy","Leap+1"],"special_seed":0,"relics":["Cracked Core","Gremlin Horn","Bloody Idol","DataDisk","Dream Catcher","Tiny Chest","Old Coin","Odd Mushroom","Pandora\u0027s Box","Dodecahedron","Torii","Potion Belt","Lizard Tail","Art of War","Whetstone","Anchor","FossilizedHelix"],"potions_floor_usage":[40,40,44,50,50,50,50],"damage_taken":[{"damage":8.0,"enemies":"Small Slimes","floor":1.0,"turns":4.0},{"damage":9.0,"enemies":"Jaw Worm","floor":2.0,"turns":5.0},{"damage":17.0,"enemies":"Lagavulin","floor":7.0,"turns":9.0},{"damage":14.0,"enemies":"3 Sentries","floor":10.0,"turns":7.0},{"damage":6.0,"enemies":"2 Louse","floor":12.0,"turns":2.0},{"damage":0.0,"enemies":"2 Fungi Beasts","floor":13.0,"turns":3.0},{"damage":8.0,"enemies":"The Mushroom Lair","floor":14.0,"turns":4.0},{"damage":3.0,"enemies":"Slime Boss","floor":16.0,"turns":17.0},{"damage":2.0,"enemies":"Spheric Guardian","floor":18.0,"turns":4.0},{"damage":8.0,"enemies":"Chosen","floor":19.0,"turns":5.0},{"damage":13.0,"enemies":"Shelled Parasite and Fungi","floor":21.0,"turns":7.0},{"damage":17.0,"enemies":"Snake Plant","floor":22.0,"turns":6.0},{"damage":4.0,"enemies":"Snecko","floor":24.0,"turns":6.0},{"damage":12.0,"enemies":"Sentry and Sphere","floor":27.0,"turns":7.0},{"damage":42.0,"enemies":"Slavers","floor":28.0,"turns":9.0},{"damage":21.0,"enemies":"Snake Plant","floor":30.0,"turns":5.0},{"damage":0.0,"enemies":"Snecko","floor":31.0,"turns":7.0},{"damage":17,"enemies":"Automaton","floor":33,"turns":11},{"damage":6,"enemies":"3 Shapes","floor":35,"turns":9},{"damage":2,"enemies":"Orb Walker","floor":37,"turns":5},{"damage":8,"enemies":"4 Shapes","floor":38,"turns":12},{"damage":43,"enemies":"Transient","floor":39,"turns":5},{"damage":18,"enemies":"Giant Head","floor":40,"turns":14},{"damage":3,"enemies":"Maw","floor":44,"turns":11},{"damage":19,"enemies":"3 Darklings","floor":45,"turns":6},{"damage":1,"enemies":"Spire Growth","floor":48,"turns":8},{"damage":0,"enemies":"Time Eater","floor":50,"turns":15}],"seed_played":"4842451691784359131","potions_obtained":[{"floor":1.0,"key":"Energy Potion"},{"floor":2.0,"key":"AttackPotion"},{"floor":10.0,"key":"Regen Potion"},{"floor":12.0,"key":"Fire Potion"},{"floor":18.0,"key":"Regen Potion"},{"floor":31,"key":"Swift Potion"},{"floor":33,"key":"Block Potion"},{"floor":39,"key":"EssenceOfSteel"},{"floor":44,"key":"LiquidBronze"},{"floor":45,"key":"Dexterity Potion"}],"is_trial":false,"path_per_floor":["M","M","?","?","$","R","E","R","T","E","?","M","M","?","R","B",null,"M","M","?","M","M","R","M","?","T","M","E","R","M","M","R","B",null,"M","$","M","M","M","E","R","$","T","M","M","R","?","M","R","B",null],"character_chosen":"DEFECT","items_purchased":["DataDisk","Sweeping Beam","Capacitor","FocusPotion","Art of War","Capacitor","Fruit Juice","EssenceOfSteel","Anchor"],"campfire_rested":3,"item_purchase_floors":[5,5,36,36,36,42,42,42,42],"current_hp_per_floor":[60,51,48,48,48,48,31,51,51,37,37,31,31,23,43,47,64,62,61,61,60,55,55,63,63,63,63,69,69,60,69,69,64,68,69,69,69,69,31,25,45,45,45,59,45,45,45,56,56,63],"gold":164,"neow_bonus":"HUNDRED_GOLD","is_prod":false,"is_daily":false,"chose_seed":false,"campfire_upgraded":6,"win_rate":0,"timestamp":1558749168,"path_taken":["M","M","?","?","$","R","E","R","T","E","?","M","M","?","R","BOSS","M","M","?","M","M","R","M","?","T","M","E","R","M","M","R","BOSS","M","$","M","M","M","E","R","$","T","M","M","R","?","M","R","BOSS"],"build_version":"2019-01-23","purchased_purges":1,"victory":true,"max_hp_per_floor":[75,75,75,69,69,69,69,69,69,69,69,69,69,69,69,69,69,69,69,69,69,69,69,69,69,69,69,69,69,69,69,69,69,69,69,69,69,69,69,69,69,69,69,74,74,74,74,74,74,74],"card_choices":[{"not_picked":["Recycle","Gash"],"picked":"Conserve Battery","floor":1.0},{"not_picked":["Steam Power","Skim"],"picked":"Cold Snap","floor":2.0},{"not_picked":["Steam Power","Meteor Strike"],"picked":"Glacier","floor":7.0},{"not_picked":["Redo","Ball Lightning"],"picked":"Glacier","floor":8.0},{"not_picked":["Go for the Eyes","Fission"],"picked":"Streamline","floor":10.0},{"not_picked":["Streamline","Heatsinks"],"picked":"Go for the Eyes","floor":12.0},{"not_picked":["Barrage","Static Discharge"],"picked":"Self Repair","floor":13.0},{"not_picked":["Gash","Sweeping Beam"],"picked":"Barrage","floor":14.0},{"not_picked":["Hologram","Redo"],"picked":"Go for the Eyes","floor":15.0},{"not_picked":["Core Surge","Seek"],"picked":"Machine Learning","floor":16.0},{"not_picked":["Compile Driver","Go for the Eyes"],"picked":"Glacier","floor":18.0},{"not_picked":["Go for the Eyes+1","Ball Lightning"],"picked":"Reinforced Body","floor":19.0},{"not_picked":["Turbo","Rebound"],"picked":"Blizzard","floor":21.0},{"not_picked":["Streamline","Blizzard"],"picked":"FTL","floor":22.0},{"not_picked":["Steam","Rebound","Tempest"],"picked":"SKIP","floor":24.0},{"not_picked":["Double Energy","Static Discharge","Ball Lightning"],"picked":"SKIP","floor":27.0},{"not_picked":["FTL","Lockon"],"picked":"Coolheaded","floor":28.0},{"not_picked":["Force Field","Hologram"],"picked":"Auto Shields","floor":30.0},{"not_picked":["Static Discharge","Compile Driver"],"picked":"Coolheaded","floor":31},{"not_picked":["Amplify","Thunder Strike"],"picked":"Machine Learning","floor":33},{"not_picked":["Cold Snap","Reprogram"],"picked":"Conserve Battery+1","floor":35},{"not_picked":["Steam","Stack"],"picked":"Cold Snap+1","floor":37},{"not_picked":["Darkness","Rebound","Turbo"],"picked":"SKIP","floor":38},{"not_picked":["Hologram","Steam Power+1","Compile Driver"],"picked":"SKIP","floor":39},{"not_picked":["Meteor Strike","Buffer","Chaos"],"picked":"SKIP","floor":40},{"not_picked":["Redo","Double Energy","Rebound"],"picked":"SKIP","floor":44},{"not_picked":["FTL","Barrage","Beam Cell"],"picked":"SKIP","floor":45},{"not_picked":["Sadistic Nature","Panacea"],"picked":"Master of Strategy","floor":47},{"not_picked":["Redo","Coolheaded"],"picked":"Leap+1","floor":48}],"player_experience":772640,"relics_obtained":[{"floor":7.0,"key":"Dream Catcher"},{"floor":9.0,"key":"Tiny Chest"},{"floor":10.0,"key":"Old Coin"},{"floor":14.0,"key":"Odd Mushroom"},{"floor":26.0,"key":"Torii"},{"floor":28.0,"key":"Potion Belt"},{"floor":40,"key":"Whetstone"},{"floor":43,"key":"FossilizedHelix"}],"event_choices":[{"damage_healed":0.0,"max_hp_gain":0.0,"max_hp_loss":0.0,"gold_gain":0.0,"event_name":"Scrap Ooze","player_choice":"Success","floor":3.0,"gold_loss":0.0,"damage_taken":3.0,"relics_obtained":["Gremlin Horn"]},{"damage_healed":0.0,"max_hp_gain":0.0,"max_hp_loss":6.0,"gold_gain":0.0,"event_name":"Golden Idol","player_choice":"Lose Max HP","floor":4.0,"gold_loss":0.0,"damage_taken":0.0,"relics_obtained":["Golden Idol"]},{"damage_healed":0.0,"max_hp_gain":0.0,"max_hp_loss":0.0,"gold_gain":0.0,"event_name":"Liars Game","player_choice":"Ignored","floor":11.0,"gold_loss":0.0,"damage_taken":0.0},{"damage_healed":0.0,"max_hp_gain":0.0,"max_hp_loss":0.0,"gold_gain":0.0,"event_name":"Mushrooms","player_choice":"Fought Mushrooms","floor":14.0,"gold_loss":0.0,"damage_taken":0.0},{"damage_healed":0.0,"max_hp_gain":0.0,"max_hp_loss":0.0,"gold_gain":0.0,"event_name":"Forgotten Altar","player_choice":"Gave Idol","floor":20.0,"relics_lost":["Golden Idol"],"gold_loss":0.0,"damage_taken":0.0,"relics_obtained":["Bloody Idol"]},{"damage_healed":0.0,"max_hp_gain":0.0,"max_hp_loss":0.0,"gold_gain":0.0,"event_name":"Addict","player_choice":"Obtained Relic","floor":25.0,"gold_loss":85.0,"damage_taken":0.0,"relics_obtained":["Dodecahedron"]},{"damage_healed":0,"gold_gain":0,"player_choice":"Memory 1","damage_taken":0,"max_hp_gain":0,"max_hp_loss":0,"event_name":"SensoryStone","floor":47,"gold_loss":0}],"is_beta":false,"boss_relics":[{"not_picked":["Runic Pyramid","Orrery"],"picked":"Pandora\u0027s Box"},{"not_picked":["Nuclear Battery","Eternal Feather"],"picked":"Lizard Tail"}],"items_purged_floors":[42],"is_endless":false,"potions_floor_spawned":[1,2,10,12,14,18,22,27,31,33,39,44,45],"ascension_level":12}