{"gold_per_floor":[114,129,129,144,70,100,115,115,140,170,170,12,27,42,42,142,142,157,172,487,502,517,517,547,562,562,592,637,637,652,408,408,508,508,523,13,28,43,0,30,45,45,70,85,85,185,185,33,33,33],"floor_reached":51,"playtime":2245,"items_purged":[],"score":1085,"play_id":"4863a62c-dc93-4e2c-9a81-e06314694a12","local_time":"20180817182609","daily_mods":["Insanity","Terminal","Vintage"],"is_ascension_mode":false,"campfire_choices":[{"data":"1","floor":8,"key":"LIFT"},{"floor":15,"key":"DIG"},{"floor":23,"key":"DIG"},{"floor":32,"key":"DIG"},{"data":"2","floor":42,"key":"LIFT"},{"data":"3","floor":45,"key":"LIFT"},{"floor":47,"key":"DIG"},{"floor":49,"key":"DIG"}],"neow_cost":"","seed_source_timestamp":0,"circlet_count":0,"master_deck":["Carnage","Rage","Clothesline","Hemokinesis","Bludgeon","Reaper","Dual Wield","Flame Barrier","Sever Soul","Sword Boomerang","Blood for Blood+1","Disarm","Metallicize","Burning Pact","Ghostly Armor","Iron Wave","Body Slam","Inflame","Evolve","Seeing Red","Power Through","Bludgeon","Exhume","Havoc+1","Pommel Strike","Flex+1","Metallicize","Rupture","Fire Breathing","Feel No Pain","Feed","Second Wind","Metallicize","Flame Barrier","Rampage","Pummel","Defend_R","Ghostly Armor","Barricade","Intimidate","Immolate","Heavy Blade","Dark Embrace","Clothesline","Barricade","Sword Boomerang","Reckless Charge","Iron Wave","Headbutt","Whirlwind","Panacea+1","Havoc+1","Sentinel+1","Warcry+1","Offering+1","Thunderclap+1","Whirlwind+1","Limit Break+1","Transmutation+1"],"special_seed":17760,"relics":["Burning Blood","Bag of Marbles","Toxic Egg 2","The Courier","Dodecahedron","Girya","Strawberry","War Paint","Gambling Chip","Oddly Smooth Stone","Omamori","Shovel","Matryoshka","StoneCalendar","Fusion Hammer","Juzu Bracelet","Dead Branch","Old Coin","Bottled Tornado","Happy Flower","Lantern","Vajra","Art of War","Bronze Scales","Bag of Preparation","Ornamental Fan","Tiny Chest","MawBank","Bottled Lightning","Bird Faced Urn","Boot","Sozu","Blue Candle","Thread and Needle","Anchor","Whetstone","Gremlin Horn","Orichalcum","Red Mask","Potion Belt","Bottled Flame","Dream Catcher","Centennial Puzzle","Frozen Egg 2","Mummified Hand","Smiling Mask"],"potions_floor_usage":[6,6,7,11,21,33,33,50,50],"damage_taken":[{"damage":0,"enemies":"2 Louse","floor":1,"turns":2},{"damage":1,"enemies":"Jaw Worm","floor":2,"turns":2},{"damage":0,"enemies":"Small Slimes","floor":4,"turns":1},{"damage":0,"enemies":"Gremlin Nob","floor":6,"turns":3},{"damage":0,"enemies":"Exordium Thugs","floor":7,"turns":2},{"damage":0,"enemies":"3 Sentries","floor":10,"turns":3},{"damage":3,"enemies":"3 Louse","floor":11,"turns":1},{"damage":0,"enemies":"Blue Slaver","floor":13,"turns":1},{"damage":0,"enemies":"Exordium Wildlife","floor":14,"turns":2},{"damage":0,"enemies":"Slime Boss","floor":16,"turns":8},{"damage":0,"enemies":"Spheric Guardian","floor":18,"turns":2},{"damage":2,"enemies":"2 Thieves","floor":19,"turns":3},{"damage":0,"enemies":"Chosen and Byrds","floor":20,"turns":3},{"damage":0,"enemies":"3 Cultists","floor":21,"turns":4},{"damage":0,"enemies":"Snecko","floor":22,"turns":3},{"damage":10,"enemies":"Slavers","floor":24,"turns":5},{"damage":0,"enemies":"Snake Plant","floor":25,"turns":1},{"damage":0,"enemies":"Gremlin Leader","floor":27,"turns":2},{"damage":0,"enemies":"Shelled Parasite and Fungi","floor":28,"turns":3},{"damage":6,"enemies":"Cultist and Chosen","floor":30,"turns":3},{"damage":13,"enemies":"Collector","floor":33,"turns":6},{"damage":0,"enemies":"3 Shapes","floor":35,"turns":2},{"damage":0,"enemies":"Orb Walker","floor":37,"turns":3},{"damage":0,"enemies":"Flame Bruiser 2 Orb","floor":38,"turns":2},{"damage":0,"enemies":"Nemesis","floor":40,"turns":6},{"damage":9,"enemies":"Transient","floor":41,"turns":5},{"damage":0,"enemies":"Sphere and 2 Shapes","floor":44,"turns":1},{"damage":0,"enemies":"Donu and Deca","floor":50,"turns":2}],"seed_played":"-944749805206435662","potions_obtained":[{"floor":1,"key":"AttackPotion"},{"floor":4,"key":"FearPotion"},{"floor":6,"key":"AttackPotion"},{"floor":10,"key":"SmokeBomb"},{"floor":13,"key":"Dexterity Potion"},{"floor":16,"key":"BloodPotion"},{"floor":18,"key":"FearPotion"},{"floor":20,"key":"AttackPotion"},{"floor":25,"key":"LiquidBronze"},{"floor":33,"key":"PowerPotion"}],"is_trial":false,"path_per_floor":["M","M","?","M","$","E","M","R","T","E","M","$","M","M","R","B",null,"M","M","M","M","M","R","E","M","T","E","M","?","M","$","R","B",null,"M","$","M","M","?","E","M","R","T","M","R","?","R","$","R","B"],"character_chosen":"IRONCLAD","items_purchased":["Panacea+1","Oddly Smooth Stone","Warcry+1","Bottled Lightning","Whirlwind","Thread and Needle","Anchor","Whetstone","Transmutation+1"],"campfire_rested":0,"item_purchase_floors":[5,12,12,31,31,36,36,36,48],"current_hp_per_floor":[78,77,65,71,71,73,82,81,80,79,78,77,76,75,74,76,75,74,73,75,77,76,75,74,76,75,74,76,75,77,76,75,73,76,75,74,73,72,71,70,69,68,67,69,68,67,66,65,64,66],"gold":33,"neow_bonus":"","is_prod":false,"is_daily":true,"chose_seed":false,"campfire_upgraded":0,"win_rate":0,"timestamp":1534544769,"path_taken":["M","M","?","M","$","E","M","R","T","E","M","$","M","M","R","BOSS","M","M","M","M","M","R","E","M","T","E","M","?","M","$","R","BOSS","M","$","M","M","?","E","M","R","T","M","R","?","R","$","R","BOSS"],"build_version":"2018-08-16","purchased_purges":0,"victory":true,"max_hp_per_floor":[78,77,76,75,74,73,82,81,80,79,78,77,76,75,74,76,75,74,73,75,77,76,75,77,76,75,74,76,75,77,76,75,77,76,75,74,73,72,71,70,69,68,67,69,68,67,66,65,64,66],"card_choices":[{"not_picked":["Fiend Fire","Flex+1"],"picked":"Havoc+1","floor":6},{"not_picked":["Twin Strike","Second Wind+1"],"picked":"Sentinel+1","floor":10},{"not_picked":["Shrug It Off+1","Clash"],"picked":"Offering+1","floor":24},{"not_picked":["Combust+1","Immolate"],"picked":"Thunderclap+1","floor":27},{"not_picked":["Juggernaut","Barricade"],"picked":"Limit Break+1","floor":33},{"not_picked":["Pummel","Heavy Blade+1","Clothesline"],"picked":"SKIP","floor":40}],"player_experience":585150,"relics_obtained":[{"floor":1,"key":"Bag of Marbles"},{"floor":2,"key":"Toxic Egg 2"},{"floor":4,"key":"Dodecahedron"},{"floor":6,"key":"Girya"},{"floor":7,"key":"Strawberry"},{"floor":9,"key":"War Paint"},{"floor":10,"key":"Gambling Chip"},{"floor":13,"key":"Omamori"},{"floor":14,"key":"Shovel"},{"floor":15,"key":"Matryoshka"},{"floor":16,"key":"StoneCalendar"},{"floor":18,"key":"Juzu Bracelet"},{"floor":19,"key":"Dead Branch"},{"floor":20,"key":"Old Coin"},{"floor":21,"key":"Bottled Tornado"},{"floor":22,"key":"Happy Flower"},{"floor":23,"key":"Lantern"},{"floor":24,"key":"Vajra"},{"floor":25,"key":"Art of War"},{"floor":26,"key":"Bronze Scales"},{"floor":26,"key":"Bag of Preparation"},{"floor":27,"key":"Ornamental Fan"},{"floor":28,"key":"Tiny Chest"},{"floor":30,"key":"MawBank"},{"floor":32,"key":"Bird Faced Urn"},{"floor":33,"key":"Boot"},{"floor":35,"key":"Blue Candle"},{"floor":37,"key":"Gremlin Horn"},{"floor":38,"key":"Orichalcum"},{"floor":40,"key":"Potion Belt"},{"floor":41,"key":"Bottled Flame"},{"floor":43,"key":"Dream Catcher"},{"floor":43,"key":"Centennial Puzzle"},{"floor":44,"key":"Frozen Egg 2"},{"floor":47,"key":"Mummified Hand"},{"floor":49,"key":"Smiling Mask"}],"event_choices":[{"event_name":"Scrap Ooze","player_choice":"success","floor":3,"damage_taken":12},{"event_name":"Vampires","player_choice":"Ignored","floor":29,"damage_taken":0},{"event_name":"Tomb of Lord Red Mask","player_choice":"Paid","floor":39,"damage_taken":0},{"event_name":"Golden Shrine","player_choice":"Pray","floor":46,"damage_taken":0}],"is_beta":false,"boss_relics":[{"not_picked":["Ectoplasm","Calling Bell"],"picked":"Fusion Hammer"},{"not_picked":["Eternal Feather","Lizard Tail"],"picked":"Sozu"}],"items_purged_floors":[],"is_endless":false,"potions_floor_spawned":[1,4,6,10,13,16,18,20,25,27,30,33,37,38,44],"ascension_level":0}