{"gold_per_floor":[113,123,143,161,181,181,211,223,248,248,248,278,295,295,295,394,394,409,43,0,11,11,11,44,0,0,0],"floor_reached":27,"playtime":1334,"items_purged":[],"score":389,"play_id":"d3b192e0-44a9-471c-a616-a6fd7342da39","local_time":"20190220212259","is_ascension_mode":true,"campfire_choices":[{"data":"Loop","floor":6.0,"key":"SMITH"},{"floor":10.0,"key":"REST"},{"floor":15.0,"key":"REST"},{"floor":23,"key":"REST"}],"neow_cost":"NONE","seed_source_timestamp":0,"circlet_count":0,"master_deck":["AscendersBane","Strike_B","Strike_B+1","Strike_B+1","Strike_B","Defend_B","Defend_B","Defend_B","Defend_B","Zap","Dualcast","Multi-Cast","Loop+1","Conserve Battery","Auto Shields","Go for the Eyes","Steam","Ball Lightning","Chill","Echo Form","Coolheaded","Reboot","Doom and Gloom","All For One","Leap","Go for the Eyes","Cold Snap+1"],"special_seed":0,"relics":["Cracked Core","Bird Faced Urn","Juzu Bracelet","Bag of Preparation","Ornamental Fan","Black Star","Dead Branch","Anchor","Lantern","Question Card"],"potions_floor_usage":[20,22],"damage_taken":[{"damage":1.0,"enemies":"Cultist","floor":1.0,"turns":3.0},{"damage":13.0,"enemies":"Jaw Worm","floor":2.0,"turns":4.0},{"damage":1.0,"enemies":"Small Slimes","floor":3.0,"turns":3.0},{"damage":4.0,"enemies":"Looter","floor":4.0,"turns":4.0},{"damage":1.0,"enemies":"Exordium Thugs","floor":5.0,"turns":3.0},{"damage":19.0,"enemies":"Lagavulin","floor":7.0,"turns":7.0},{"damage":0.0,"enemies":"Blue Slaver","floor":8.0,"turns":3.0},{"damage":21.0,"enemies":"Gremlin Nob","floor":12.0,"turns":4.0},{"damage":0.0,"enemies":"Looter","floor":13.0,"turns":3.0},{"damage":8.0,"enemies":"The Guardian","floor":16.0,"turns":12.0},{"damage":1.0,"enemies":"Spheric Guardian","floor":18.0,"turns":3.0},{"damage":13,"enemies":"2 Thieves","floor":20,"turns":4},{"damage":18,"enemies":"Chosen and Byrds","floor":21,"turns":7},{"damage":14,"enemies":"Colosseum Slavers","floor":22,"turns":5},{"damage":49,"enemies":"Book of Stabbing","floor":24,"turns":7},{"damage":12,"enemies":"Snecko","floor":27,"turns":5}],"seed_played":"-3948692450176615886","potions_obtained":[{"floor":1.0,"key":"Block Potion"},{"floor":2.0,"key":"Explosive Potion"},{"floor":5.0,"key":"Ancient Potion"},{"floor":8.0,"key":"FocusPotion"},{"floor":12.0,"key":"Fire Potion"},{"floor":16.0,"key":"EssenceOfSteel"},{"floor":18,"key":"GamblersBrew"}],"is_trial":false,"path_per_floor":["M","M","M","M","M","R","E","M","T","R","?","E","M","T","R","B",null,"M","$","M","M","?","R","E","?","T","M"],"character_chosen":"DEFECT","items_purchased":["Dead Branch","All For One"],"campfire_rested":3,"item_purchase_floors":[19,19],"current_hp_per_floor":[67,54,53,49,48,48,29,29,29,51,36,17,19,19,41,37,66,67,67,58,42,32,54,9,9,9,0],"gold":0,"neow_bonus":"ONE_RANDOM_RARE_CARD","is_prod":false,"is_daily":false,"chose_seed":false,"campfire_upgraded":1,"win_rate":0,"timestamp":1550715779,"path_taken":["M","?","M","?","M","R","E","M","T","R","?","E","M","?","R","BOSS","M","$","M","M","?","R","E","?","T","M"],"build_version":"2019-01-23","purchased_purges":0,"victory":false,"max_hp_per_floor":[75,75,75,75,75,75,75,75,75,75,75,75,75,75,75,75,75,75,75,75,75,75,75,75,75,75,75],"card_choices":[{"not_picked":["Leap","Force Field"],"picked":"Loop","floor":1.0},{"not_picked":["Stack","Barrage"],"picked":"Conserve Battery","floor":2.0},{"not_picked":["Rebound","Lockon"],"picked":"Auto Shields","floor":3.0},{"not_picked":["Hologram","Scrape"],"picked":"Go for the Eyes","floor":4.0},{"not_picked":["Scrape","Rebound"],"picked":"Steam","floor":5.0},{"not_picked":["Beam Cell","Streamline"],"picked":"Ball Lightning","floor":7.0},{"not_picked":["Coolheaded","Redo"],"picked":"Chill","floor":8.0},{"not_picked":["Reinforced Body","Ball Lightning"],"picked":"Echo Form","floor":12.0},{"not_picked":["Rebound","Lockon"],"picked":"Coolheaded","floor":13.0},{"not_picked":["Machine Learning","Seek"],"picked":"Reboot","floor":16.0},{"not_picked":["Beam Cell","Reprogram"],"picked":"Doom and Gloom","floor":18},{"not_picked":["Melter","Aggregate"],"picked":"Leap","floor":20},{"not_picked":["Chaos","Hologram"],"picked":"Go for the Eyes","floor":21},{"not_picked":["White Noise","Turbo"],"picked":"Cold Snap+1","floor":24}],"player_experience":327868,"relics_obtained":[{"floor":7.0,"key":"Bird Faced Urn"},{"floor":9.0,"key":"Juzu Bracelet"},{"floor":12.0,"key":"Bag of Preparation"},{"floor":14.0,"key":"Ornamental Fan"},{"floor":24,"key":"Anchor"},{"floor":24,"key":"Lantern"},{"floor":26,"key":"Question Card"}],"event_choices":[{"damage_healed":0.0,"max_hp_gain":0.0,"max_hp_loss":0.0,"gold_gain":0.0,"event_name":"Shining Light","player_choice":"Entered Light","floor":11.0,"gold_loss":0.0,"damage_taken":15.0,"cards_upgraded":["Strike_B","Strike_B"]},{"damage_healed":0,"gold_gain":0,"player_choice":"Fight","damage_taken":0,"max_hp_gain":0,"max_hp_loss":0,"event_name":"Colosseum","floor":22,"gold_loss":0},{"damage_healed":0,"gold_gain":0,"player_choice":"Fled From Nobs","damage_taken":0,"max_hp_gain":0,"max_hp_loss":0,"event_name":"Colosseum","floor":22,"gold_loss":0},{"damage_healed":0,"gold_gain":0,"player_choice":"Paid Fearfully","damage_taken":0,"max_hp_gain":0,"max_hp_loss":0,"event_name":"Masked Bandits","floor":25,"gold_loss":44}],"is_beta":false,"boss_relics":[{"not_picked":["Snecko Eye","Busted Crown"],"picked":"Black Star"}],"items_purged_floors":[],"is_endless":false,"potions_floor_spawned":[1,2,5,8,12,16,18,22],"killed_by":"Snecko","ascension_level":12}