{"gold_per_floor":[110,121,141,141,155,155,186,186,268,268,281,281,295,321,321,392,392,410,429,10,28,42,75,75,75,99,127,127,156,156,156,156,229,279,290,290,190,238,238,238],"floor_reached":40,"playtime":1928,"items_purged":["Strike_B","Writhe"],"score":966,"play_id":"cf31a243-7976-4cfc-9849-3bf5954bc62b","local_time":"20180921013929","is_ascension_mode":true,"campfire_choices":[{"floor":6.0,"key":"REST"},{"data":"Defragment","floor":12.0,"key":"SMITH"},{"floor":15.0,"key":"REST"},{"data":"Loop","floor":24.0,"key":"SMITH"},{"floor":28.0,"key":"REST"},{"data":"Go for the Eyes","floor":30.0,"key":"SMITH"},{"data":"Electrodynamics","floor":32.0,"key":"SMITH"}],"neow_cost":"TEN_PERCENT_HP_LOSS","seed_source_timestamp":465515120782726,"circlet_count":0,"master_deck":["Strike_B","Strike_B+1","Defend_B","Defend_B","Zap","Dualcast","AscendersBane","Electrodynamics+1","Loop+1","Streamline","Defragment+1","Capacitor","Go for the Eyes+1","Sunder","Leap","Buffer","Undo","Steam+1","Conserve Battery","BootSequence","Stack+1","Thunder Strike","Glacier","Turbo","Echo Form+1","Lockon+1"],"special_seed":0,"relics":["Cracked Core","Du-Vu Doll","Anchor","Meat on the Bone","Blood Vial","Empty Cage","Thread and Needle","Peace Pipe","PreservedInsect","Bag of Marbles","FossilizedHelix","Shuriken","Tiny House","WingedGreaves"],"potions_floor_usage":[40],"damage_taken":[{"damage":1.0,"enemies":"Cultist","floor":1.0,"turns":3.0},{"damage":5.0,"enemies":"Small Slimes","floor":2.0,"turns":3.0},{"damage":12.0,"enemies":"Jaw Worm","floor":3.0,"turns":3.0},{"damage":12.0,"enemies":"2 Fungi Beasts","floor":5.0,"turns":3.0},{"damage":25.0,"enemies":"3 Sentries","floor":7.0,"turns":3.0},{"damage":0.0,"enemies":"Large Slime","floor":11.0,"turns":4.0},{"damage":9.0,"enemies":"Red Slaver","floor":13.0,"turns":3.0},{"damage":32.0,"enemies":"Gremlin Nob","floor":14.0,"turns":4.0},{"damage":0.0,"enemies":"Slime Boss","floor":16.0,"turns":7.0},{"damage":34.0,"enemies":"Shell Parasite","floor":18.0,"turns":8.0},{"damage":6.0,"enemies":"3 Byrds","floor":19.0,"turns":3.0},{"damage":21.0,"enemies":"Snake Plant","floor":21.0,"turns":7.0},{"damage":0.0,"enemies":"3 Cultists","floor":22.0,"turns":3.0},{"damage":36.0,"enemies":"Gremlin Leader","floor":23.0,"turns":7.0},{"damage":5.0,"enemies":"Slavers","floor":25.0,"turns":3.0},{"damage":28.0,"enemies":"Gremlin Leader","floor":27.0,"turns":6.0},{"damage":21.0,"enemies":"Book of Stabbing","floor":29.0,"turns":6.0},{"damage":23.0,"enemies":"Collector","floor":33.0,"turns":11.0},{"damage":22.0,"enemies":"Orb Walker","floor":35.0,"turns":5.0},{"damage":32.0,"enemies":"Mysterious Sphere","floor":38.0,"turns":8.0},{"damage":11,"enemies":"Giant Head","floor":40,"turns":8}],"seed_played":"8995589822757645224","potions_obtained":[{"floor":1.0,"key":"Regen Potion"},{"floor":5.0,"key":"SmokeBomb"},{"floor":13.0,"key":"Strength Potion"},{"floor":14.0,"key":"SmokeBomb"},{"floor":18.0,"key":"Explosive Potion"},{"floor":21.0,"key":"Weak Potion"},{"floor":23.0,"key":"SkillPotion"},{"floor":27.0,"key":"SpeedPotion"},{"floor":34.0,"key":"Explosive Potion"},{"floor":35.0,"key":"Explosive Potion"},{"floor":38.0,"key":"Weak Potion"}],"is_trial":false,"path_per_floor":["M","M","M","?","M","R","E","?","T","?","M","R","M","E","R","B",null,"M","M","$","M","M","E","R","E","T","E","R","E","R","?","R","B",null,"M","?","$","?","?"],"character_chosen":"DEFECT","items_purchased":["Thread and Needle"],"campfire_rested":3,"item_purchase_floors":[20],"current_hp_per_floor":[63,58,46,20,17,36,11,11,11,32,44,44,35,15,34,36,57,37,33,33,26,40,18,18,27,27,13,32,25,25,25,25,16,57,37,37,37,19,19,10],"gold":238,"neow_bonus":"THREE_RARE_CARDS","is_prod":false,"is_daily":false,"chose_seed":false,"campfire_upgraded":4,"win_rate":0,"timestamp":1537508369,"path_taken":["M","M","M","?","M","R","E","?","T","?","M","R","?","E","R","BOSS","M","M","$","M","M","E","R","E","T","E","R","E","R","?","R","BOSS","M","?","$","?","?","E"],"build_version":"2018-09-20","purchased_purges":2,"victory":false,"max_hp_per_floor":[64,64,64,64,64,64,64,64,64,64,64,64,64,64,64,64,64,64,64,64,64,64,64,64,64,64,64,64,64,64,64,64,64,69,69,69,69,69,69,69],"card_choices":[{"not_picked":["Echo Form","Buffer"],"picked":"Electrodynamics","floor":0.0},{"not_picked":["Melter","Steam"],"picked":"Loop","floor":1.0},{"not_picked":["Steam","Redo"],"picked":"Streamline","floor":2.0},{"not_picked":["Force Field","Conserve Battery"],"picked":"Defragment","floor":3.0},{"not_picked":["Streamline","Double Energy"],"picked":"Capacitor","floor":5.0},{"not_picked":["Consume","Turbo"],"picked":"Go for the Eyes","floor":7.0},{"not_picked":["Double Energy","Turbo","Capacitor"],"picked":"SKIP","floor":11.0},{"not_picked":["Cold Snap","Beam Cell"],"picked":"Sunder","floor":13.0},{"not_picked":["Melter","Sunder"],"picked":"Leap","floor":14.0},{"not_picked":["Creative AI","Reboot"],"picked":"Buffer","floor":16.0},{"not_picked":["Leap","Streamline"],"picked":"Undo","floor":18.0},{"not_picked":["Scrape","Ball Lightning+1"],"picked":"Steam+1","floor":19.0},{"not_picked":["Turbo","Ball Lightning"],"picked":"Conserve Battery","floor":21.0},{"not_picked":["Undo","Melter","Steam"],"picked":"SKIP","floor":22.0},{"not_picked":["Gash","Machine Learning"],"picked":"BootSequence","floor":23.0},{"not_picked":["Redo","Sweeping Beam"],"picked":"Stack+1","floor":27.0},{"not_picked":["Multi-Cast","Go for the Eyes","Hologram"],"picked":"SKIP","floor":29.0},{"not_picked":["Hyperbeam","Reboot"],"picked":"Thunder Strike","floor":33.0},{"not_picked":["Aggregate","Rebound"],"picked":"Glacier","floor":34.0},{"not_picked":["Double Energy","Compile Driver"],"picked":"Turbo","floor":35.0},{"not_picked":["Hello World","Sweeping Beam+1"],"picked":"Lockon+1","floor":38.0}],"player_experience":679382,"relics_obtained":[{"floor":7.0,"key":"Anchor"},{"floor":9.0,"key":"Meat on the Bone"},{"floor":14.0,"key":"Blood Vial"},{"floor":23.0,"key":"Peace Pipe"},{"floor":26.0,"key":"PreservedInsect"},{"floor":27.0,"key":"Bag of Marbles"},{"floor":29.0,"key":"FossilizedHelix"},{"floor":38.0,"key":"WingedGreaves"}],"event_choices":[{"event_name":"Scrap Ooze","player_choice":"success","floor":4.0,"damage_taken":26.0},{"event_name":"Shining Light","player_choice":"Ignored","floor":8.0,"damage_taken":0.0},{"event_name":"Big Fish","player_choice":"Banana","floor":10.0,"damage_taken":0.0},{"event_name":"The Mausoleum","player_choice":"Yes","floor":31.0,"damage_taken":0.0},{"event_name":"Transmorgrifier","player_choice":"Transform","floor":36.0,"damage_taken":0.0},{"event_name":"Mysterious Sphere","player_choice":"Fight","floor":38.0,"damage_taken":0.0},{"event_name":"Upgrade Shrine","player_choice":"Upgraded","floor":39.0,"damage_taken":0.0}],"is_beta":false,"boss_relics":[{"not_picked":["Busted Crown","Lizard Tail"],"picked":"Empty Cage"},{"not_picked":["Philosopher\u0027s Stone","Snecko Eye"],"picked":"Tiny House"}],"items_purged_floors":[20,37],"is_endless":false,"potions_floor_spawned":[1,5,13,14,18,21,23,27,35,38],"killed_by":"Giant Head","ascension_level":17}