{"path_per_floor":["M","?","?","M","?","R","E","R","T","M","M","M","M","E","R","B",null,"M","?","T","M","?","R","?","R","T","M","R","M","$","?","R","B",null,"M","?","M","M","M"],"character_chosen":"IRONCLAD","items_purchased":["Apotheosis"],"gold_per_floor":[111,286,236,247,247,247,277,277,330,344,359,376,396,423,423,526,526,537,537,564,583,583,583,583,583,583,597,597,614,370,295,295,400,400,417,417,436,452,470],"floor_reached":40,"campfire_rested":3,"playtime":1792,"current_hp_per_floor":[80,80,80,80,73,73,56,56,56,60,61,51,45,33,57,44,80,80,80,80,62,62,62,46,46,46,14,38,14,14,14,38,18,80,70,70,70,21,33],"items_purged":["Writhe"],"gold":470,"score":418,"play_id":"9cf9564a-4913-4288-ba57-6f2cc4cb0366","is_prod":false,"is_daily":false,"is_ascension_mode":true,"campfire_upgraded":4,"path_taken":["M","?","?","M","?","R","E","R","T","?","M","M","M","E","R","BOSS","M","?","?","M","?","R","?","R","T","M","R","M","?","?","R","BOSS","M","?","M","M","?","E"],"build_version":"2018-02-15-PROD1","purchased_purges":1,"victory":false,"master_deck":["Strike_R","Defend_R","Defend_R","Defend_R","Defend_R","Bash","Juggernaut+1","Heavy Blade+1","Flame Barrier+1","Cleave","Flame Barrier","Ghostly Armor","Spot Weakness+1","Necronomicurse","Ghostly Armor","Body Slam+1","Apotheosis","Reaper","Disarm+1","Battle Trance","Shrug It Off","Metallicize","Demon Form","Burning Pact+1"],"max_hp_per_floor":[80,80,80,80,80,80,80,80,80,80,80,80,80,80,80,80,80,80,80,80,80,80,80,80,80,80,80,80,80,80,80,80,80,80,80,80,80,80,80],"relics":["Burning Blood","Orichalcum","Tiny Chest","Frozen Eye","Philosopher\u0027s Stone","Prayer Wheel","Smiling Mask","Necronomicon","Self Forming Clay","Orrery"],"card_choices":[{"not_picked":["Pummel","Burning Pact"],"picked":"Heavy Blade"},{"not_picked":["Rampage","Shrug It Off"],"picked":"Flame Barrier"},{"not_picked":["Seeing Red","Shrug It Off"],"picked":"Cleave"},{"not_picked":["Clash","Dropkick"],"picked":"Flame Barrier"},{"not_picked":["Pummel","Flex"],"picked":"Ghostly Armor"},{"not_picked":["Perfected Strike","Anger"],"picked":"Spot Weakness"},{"not_picked":["Anger","Twin Strike"],"picked":"Ghostly Armor"},{"not_picked":["Flex","Clothesline"],"picked":"Body Slam"},{"not_picked":["Feed","Berserk"],"picked":"Reaper"},{"not_picked":["Anger","Carnage"],"picked":"Disarm"},{"not_picked":["Heavy Blade","Shrug It Off"],"picked":"Battle Trance"},{"not_picked":["Body Slam","Blood for Blood"],"picked":"Shrug It Off"},{"not_picked":["Pommel Strike","Perfected Strike"],"picked":"Metallicize"},{"not_picked":["Clash","Sword Boomerang"],"picked":"Demon Form"},{"not_picked":["Power Through","Sword Boomerang"],"picked":"Burning Pact"}],"player_experience":162054,"potions_floor_usage":[40],"damage_taken":[{"damage":1.0,"enemies":"Cultist","floor":1.0,"turns":4.0},{"damage":2.0,"enemies":"2 Louse","floor":4.0,"turns":2.0},{"damage":23.0,"enemies":"3 Sentries","floor":7.0,"turns":7.0},{"damage":2.0,"enemies":"Small Slimes","floor":10.0,"turns":3.0},{"damage":5.0,"enemies":"Looter","floor":11.0,"turns":3.0},{"damage":16.0,"enemies":"Large Slime","floor":12.0,"turns":5.0},{"damage":12.0,"enemies":"Exordium Thugs","floor":13.0,"turns":5.0},{"damage":18.0,"enemies":"Lagavulin","floor":14.0,"turns":9.0},{"damage":19.0,"enemies":"The Guardian","floor":16.0,"turns":14.0},{"damage":4.0,"enemies":"3 Byrds","floor":18.0,"turns":2.0},{"damage":24.0,"enemies":"Spheric Guardian","floor":21.0,"turns":6.0},{"damage":38.0,"enemies":"Cultist and Chosen","floor":27.0,"turns":6.0},{"damage":30.0,"enemies":"Slaver and Parasite","floor":29.0,"turns":7.0},{"damage":26.0,"enemies":"Champ","floor":33.0,"turns":7.0},{"damage":33.0,"enemies":"3 Shapes","floor":35.0,"turns":6.0},{"damage":6.0,"enemies":"Orb Walker","floor":37.0,"turns":5.0},{"damage":55.0,"enemies":"Sphere and 2 Shapes","floor":38.0,"turns":8.0},{"damage":22.0,"enemies":"Maw","floor":39.0,"turns":7.0},{"damage":65,"enemies":"Nemesis","floor":40,"turns":8}],"event_choices":[{"event_name":"Liars Game","player_choice":"agreed","floor":2.0,"damage_taken":0.0},{"event_name":"The Cleric","player_choice":"Card Removal","floor":3.0,"damage_taken":0.0},{"event_name":"Golden Wing","player_choice":"Card Removal","floor":5.0,"damage_taken":0.0},{"event_name":"Back to Basics","player_choice":"Elegance","floor":19.0,"damage_taken":0.0},{"event_name":"The Mausoleum","player_choice":"Yes","floor":22.0,"damage_taken":0.0},{"event_name":"Cursed Tome","player_choice":"Obtained Book","floor":24.0,"damage_taken":0.0},{"event_name":"Beggar","player_choice":"Gave Gold","floor":31.0,"damage_taken":0.0},{"event_name":"Bonfire Elementals","player_choice":"BASIC","floor":36.0,"damage_taken":0.0}],"boss_relics":[],"potions_floor_spawned":[1,4,14,16,18,21,27,35,38],"seed_played":"-4187183863870920064","killed_by":"Nemesis","ascension_level":4,"is_trial":false}