{"gold_per_floor":[115,290,29,29,64,64,89,89,89,89,54,16,16,42,42,118,118,159,172,214,259,284,284,319,319,365,33,103,18,18,58,58,160,160,205,0,0,0,41,41,95,108,159,159],"floor_reached":44,"playtime":1648,"items_purged":["Doubt"],"score":810,"play_id":"a95623ea-848e-48a0-af20-52c3fd94b742","local_time":"20190523213132","is_ascension_mode":true,"campfire_choices":[{"data":"HandOfGreed","floor":6,"key":"SMITH"},{"floor":8,"key":"REST"},{"data":"Storm","floor":13,"key":"SMITH"},{"data":"Zap","floor":15,"key":"SMITH"},{"floor":23,"key":"REST"},{"floor":25,"key":"REST"},{"floor":30,"key":"REST"},{"floor":32,"key":"REST"},{"data":"1","floor":40,"key":"LIFT"}],"neow_cost":"CURSE","seed_source_timestamp":370334795758217,"circlet_count":0,"master_deck":["AscendersBane","Strike_B","Strike_B","Strike_B+1","Defend_B","Defend_B+1","Defend_B","Defend_B","Zap+1","Dualcast","Rip and Tear","HandOfGreed+1","Capacitor","Conserve Battery","Storm+1","Echo Form","Biased Cognition","FTL","Redo","Chaos","Seek","Machine Learning","HandOfGreed+1","Auto Shields","Stack","Beam Cell","Barrage+1","Turbo","Meteor Strike","Ball Lightning+1","Fusion","Biased Cognition","Storm"],"relics":["Cracked Core","Orichalcum","DataDisk","Potion Belt","Nuclear Battery","Pen Nib","Omamori","DollysMirror","Girya","Sozu","Red Mask","Bag of Marbles","PreservedInsect"],"potions_floor_usage":[16,22,24,33,33,39],"damage_taken":[{"damage":0,"enemies":"2 Louse","floor":1,"turns":3},{"damage":7,"enemies":"Jaw Worm","floor":5,"turns":2},{"damage":32,"enemies":"Gremlin Nob","floor":7,"turns":4},{"damage":15,"enemies":"Lagavulin","floor":14,"turns":7},{"damage":17,"enemies":"Hexaghost","floor":16,"turns":8},{"damage":6,"enemies":"Chosen","floor":18,"turns":3},{"damage":14,"enemies":"Shell Parasite","floor":19,"turns":3},{"damage":4,"enemies":"Sentry and Sphere","floor":20,"turns":3},{"damage":5,"enemies":"3 Cultists","floor":21,"turns":4},{"damage":33,"enemies":"Colosseum Slavers","floor":22,"turns":4},{"damage":28,"enemies":"Book of Stabbing","floor":24,"turns":4},{"damage":13,"enemies":"Shelled Parasite and Fungi","floor":28,"turns":6},{"damage":12,"enemies":"Chosen and Byrds","floor":31,"turns":4},{"damage":19,"enemies":"Collector","floor":33,"turns":6},{"damage":11,"enemies":"Orb Walker","floor":35,"turns":3},{"damage":12,"enemies":"3 Shapes","floor":39,"turns":3},{"damage":27,"enemies":"Reptomancer","floor":41,"turns":5},{"damage":10,"enemies":"Sphere and 2 Shapes","floor":42,"turns":4},{"damage":14,"enemies":"4 Shapes","floor":44,"turns":1}],"seed_played":"6002581376631465539","potions_obtained":[{"floor":5,"key":"SneckoOil"},{"floor":14,"key":"SkillPotion"},{"floor":20,"key":"FearPotion"},{"floor":24,"key":"PowerPotion"},{"floor":28,"key":"SkillPotion"},{"floor":33,"key":"FearPotion"}],"is_trial":false,"path_per_floor":["M","?","$","?","M","R","E","R","T","?","?","$","R","E","R","B",null,"M","M","M","M","?","R","E","R","T","$","M","?","R","M","R","B",null,"M","?","$","?","M","R","E","M","T","M"],"character_chosen":"DEFECT","items_purchased":["HandOfGreed","Storm","DollysMirror","Auto Shields","Stack","Beam Cell"],"campfire_rested":5,"item_purchase_floors":[3,12,27,27,27,27],"current_hp_per_floor":[78,78,78,61,54,54,22,47,47,40,60,60,60,45,45,28,69,63,49,45,40,7,31,3,27,27,27,14,14,38,26,50,31,69,58,58,58,58,46,46,19,9,9,0],"gold":159,"neow_bonus":"TWENTY_PERCENT_HP_BONUS","is_prod":false,"is_daily":false,"chose_seed":false,"campfire_upgraded":3,"win_rate":0,"timestamp":1558672292,"path_taken":["M","?","$","?","M","R","E","R","T","?","?","?","R","E","R","BOSS","M","M","M","?","?","R","E","R","T","?","M","?","R","?","R","BOSS","M","?","$","?","M","R","E","M","T","M"],"build_version":"2019-01-23","purchased_purges":1,"victory":false,"max_hp_per_floor":[85,85,85,85,85,85,85,85,85,82,82,82,82,82,82,82,82,82,82,82,82,82,82,82,82,82,82,82,82,82,82,82,82,82,82,82,82,82,82,82,82,82,82,82],"card_choices":[{"not_picked":["Beam Cell","Capacitor"],"picked":"Rip and Tear","floor":1},{"not_picked":["Tempest","Rebound"],"picked":"Capacitor","floor":5},{"not_picked":["Gash","Reinforced Body"],"picked":"Conserve Battery","floor":7},{"not_picked":["White Noise","Compile Driver"],"picked":"Echo Form","floor":14},{"not_picked":["Electrodynamics","Hyperbeam"],"picked":"Biased Cognition","floor":16},{"not_picked":["Lockon","Hologram"],"picked":"FTL","floor":18},{"not_picked":["Ball Lightning","Rip and Tear"],"picked":"Redo","floor":19},{"not_picked":["Go for the Eyes","Glacier"],"picked":"Chaos","floor":20},{"not_picked":["Leap+1","Conserve Battery"],"picked":"Seek","floor":21},{"not_picked":["Electrodynamics","Coolheaded"],"picked":"Machine Learning","floor":24},{"not_picked":["Stack","Hologram"],"picked":"Barrage+1","floor":28},{"not_picked":["Go for the Eyes","Cold Snap"],"picked":"Turbo","floor":31},{"not_picked":["Multi-Cast","Biased Cognition"],"picked":"Meteor Strike","floor":33},{"not_picked":["Stack","Cold Snap"],"picked":"Ball Lightning+1","floor":35},{"not_picked":["Stack","Steam"],"picked":"Fusion","floor":39},{"not_picked":["Hologram","Ball Lightning+1"],"picked":"Biased Cognition","floor":41},{"not_picked":["Tempest","Go for the Eyes"],"picked":"Storm","floor":42}],"player_experience":685380,"relics_obtained":[{"floor":7,"key":"Orichalcum"},{"floor":9,"key":"DataDisk"},{"floor":14,"key":"Potion Belt"},{"floor":24,"key":"Pen Nib"},{"floor":26,"key":"Omamori"},{"floor":41,"key":"Bag of Marbles"},{"floor":43,"key":"PreservedInsect"}],"event_choices":[{"damage_healed":0,"gold_gain":175,"player_choice":"AGREE","damage_taken":0,"max_hp_gain":0,"max_hp_loss":0,"event_name":"Liars Game","floor":2,"gold_loss":0,"cards_obtained":["Doubt"]},{"damage_healed":0,"gold_gain":0,"player_choice":"Entered Light","damage_taken":17,"max_hp_gain":0,"max_hp_loss":0,"event_name":"Shining Light","floor":4,"gold_loss":0,"cards_upgraded":["Defend_B","Strike_B"]},{"cards_removed":["Parasite"],"damage_healed":0,"gold_gain":0,"player_choice":"Card Removal","damage_taken":7,"max_hp_gain":0,"max_hp_loss":0,"event_name":"Golden Wing","floor":10,"gold_loss":0},{"damage_healed":20,"gold_gain":0,"player_choice":"Healed","damage_taken":0,"max_hp_gain":0,"max_hp_loss":0,"event_name":"The Cleric","floor":11,"gold_loss":35},{"damage_healed":0,"gold_gain":0,"player_choice":"Fight","damage_taken":0,"max_hp_gain":0,"max_hp_loss":0,"event_name":"Colosseum","floor":22,"gold_loss":0},{"damage_healed":0,"gold_gain":0,"player_choice":"Fled From Nobs","damage_taken":0,"max_hp_gain":0,"max_hp_loss":0,"event_name":"Colosseum","floor":22,"gold_loss":0},{"damage_healed":0,"gold_gain":0,"player_choice":"Obtained Relic","damage_taken":0,"relics_obtained":["Girya"],"max_hp_gain":0,"max_hp_loss":0,"event_name":"Addict","floor":29,"gold_loss":85},{"damage_healed":0,"gold_gain":0,"player_choice":"Paid","damage_taken":0,"relics_obtained":["Red Mask"],"max_hp_gain":0,"max_hp_loss":0,"event_name":"Tomb of Lord Red Mask","floor":36,"gold_loss":205},{"cards_removed":["Strike_B"],"damage_healed":0,"gold_gain":0,"player_choice":"Removed Attack","damage_taken":0,"max_hp_gain":0,"max_hp_loss":0,"event_name":"Falling","floor":38,"gold_loss":0}],"is_beta":false,"boss_relics":[{"not_picked":["Runic Dome","Orrery"],"picked":"Nuclear Battery"},{"not_picked":["Inserter","Empty Cage"],"picked":"Sozu"}],"items_purged_floors":[3],"is_endless":false,"potions_floor_spawned":[5,14,20,24,28,33,39,42],"killed_by":"4 Shapes","ascension_level":14}