{"path_per_floor":["M","?","M","?","M","E","R","M","T","$","M","T","R","M","R","B",null,"M","M","$","?","$","R","M","R","T","M","T","E","$"],"character_chosen":"IRONCLAD","items_purchased":["Armaments","Bottled Tornado"],"gold_per_floor":[118,68,83,83,93,118,118,133,182,80,94,171,171,184,184,282,282,282,282,27,27,27,27,27,27,27,27,27,27,27],"floor_reached":31,"campfire_rested":0,"playtime":2683,"current_hp_per_floor":[80,80,80,80,80,51,51,29,29,29,31,31,31,37,37,14,80,64,63,63,39,39,39,45,45,45,45,45,22,22],"items_purged":["Strike_R"],"gold":27,"score":306,"play_id":"185db90f-f354-4a50-9a7b-cf706afb46fd","is_prod":false,"is_daily":false,"is_ascension_mode":true,"campfire_upgraded":1,"path_taken":["M","?","M","?","M","E","R","?","T","?","M","?","R","M","R","BOSS","M","M","$","?","?","R","?","R","T","M","?","E","?","M"],"build_version":"2018-02-12-PROD1","purchased_purges":1,"victory":false,"master_deck":["Strike_R","Strike_R","Strike_R","Defend_R","Defend_R","Defend_R","Defend_R","Bash","Searing Blow","Evolve","Dual Wield","Shrug It Off","True Grit","Headbutt","Armaments+1","Power Through","Battle Trance","Barricade","Shrug It Off+1","Deep Breath","Combust+1","Wild Strike","Wild Strike"],"max_hp_per_floor":[80,80,80,80,80,80,80,80,80,80,80,80,80,80,80,80,80,80,80,80,80,80,80,80,80,80,80,80,82,82],"relics":["Burning Blood","Bag of Preparation","Shovel","Prayer Wheel","Regal Pillow","Kunai","Ancient Tea Set","Ectoplasm","Bottled Tornado","Happy Flower","Juzu Bracelet","Gremlin Horn","Centennial Puzzle","Singing Bowl"],"card_choices":[{"not_picked":["Heavy Blade","Cleave"],"picked":"Searing Blow"},{"not_picked":["Carnage","Pommel Strike"],"picked":"Evolve"},{"not_picked":["Havoc","Blood for Blood"],"picked":"Dual Wield"},{"not_picked":["Sword Boomerang","Brutality"],"picked":"Shrug It Off"},{"not_picked":["Sword Boomerang","Intimidate"],"picked":"True Grit"},{"not_picked":["Dual Wield","Perfected Strike"],"picked":"Headbutt"},{"not_picked":["Body Slam","Warcry"],"picked":"Power Through"},{"not_picked":["Sword Boomerang","Heavy Blade"],"picked":"Battle Trance"},{"not_picked":["Reaper","Double Tap"],"picked":"Barricade"},{"not_picked":["Twin Strike","Burning Pact"],"picked":"Shrug It Off"},{"not_picked":["Feel No Pain","Cleave"],"picked":"Combust"},{"not_picked":["Carnage","True Grit"],"picked":"Wild Strike"},{"not_picked":["Shrug It Off","Pommel Strike"],"picked":"Wild Strike"}],"player_experience":145935,"potions_floor_usage":[6,6,19,29,29],"damage_taken":[{"damage":2,"enemies":"2 Louse","floor":1,"turns":3},{"damage":3,"enemies":"Jaw Worm","floor":3,"turns":5},{"damage":3,"enemies":"Small Slimes","floor":5,"turns":3},{"damage":50,"enemies":"3 Sentries","floor":6,"turns":12},{"damage":28,"enemies":"Exordium Wildlife","floor":8,"turns":6},{"damage":4,"enemies":"Red Slaver","floor":11,"turns":6},{"damage":0,"enemies":"Large Slime","floor":14,"turns":6},{"damage":29,"enemies":"The Guardian","floor":16,"turns":15},{"damage":22,"enemies":"Chosen","floor":18,"turns":11},{"damage":7,"enemies":"3 Byrds","floor":19,"turns":8},{"damage":0,"enemies":"Snecko","floor":24,"turns":9},{"damage":6,"enemies":"Centurion and Healer","floor":27,"turns":6},{"damage":31,"enemies":"Gremlin Leader","floor":29,"turns":9},{"damage":8,"enemies":"Chosen and Byrds","floor":31,"turns":7}],"event_choices":[{"event_name":"The Cleric","player_choice":"Card Removal","floor":2,"damage_taken":0},{"event_name":"Wheel of Change","player_choice":"Relic","floor":4,"damage_taken":0},{"event_name":"Knowing Skull","player_choice":"CARD POTION ","floor":21,"damage_taken":0}],"boss_relics":[{"not_picked":["Runic Pyramid","Tiny House"],"picked":"Ectoplasm"}],"potions_floor_spawned":[3,5,11,24],"seed_played":"-2447444739877863782","killed_by":"Chosen and Byrds","ascension_level":4,"is_trial":false}