{"gold_per_floor":[116,116,116,136,136,167,167,181,181,181,209,221,221],"floor_reached":13,"playtime":343,"items_purged":[],"score":218,"play_id":"9259102f-3406-4006-8ea5-b782dbabad98","local_time":"20190508220137","is_ascension_mode":true,"campfire_choices":[{"floor":7,"key":"REST"},{"floor":10,"key":"REST"}],"neow_cost":"NONE","seed_source_timestamp":273270091295088,"circlet_count":0,"master_deck":["AscendersBane","Defend_G","Defend_G","Defend_G","Defend_G","Defend_G","Strike_G","Strike_G","Strike_G","Strike_G","Strike_G","Survivor","Neutralize","Dagger Spray","Infinite Blades","Blade Dance","Dagger Spray","Tactician","Backflip"],"relics":["Ring of the Snake","NeowsBlessing","Snake Skull","Vajra","Question Card","Frozen Egg 2","Dodecahedron"],"potions_floor_usage":[13,13],"damage_taken":[{"damage":0,"enemies":"Jaw Worm","floor":1,"turns":1},{"damage":0,"enemies":"Small Slimes","floor":4,"turns":1},{"damage":0,"enemies":"Gremlin Nob","floor":6,"turns":1},{"damage":1,"enemies":"Cultist","floor":8,"turns":4},{"damage":27,"enemies":"Lagavulin","floor":11,"turns":8},{"damage":17,"enemies":"Exordium Thugs","floor":12,"turns":5},{"damage":28,"enemies":"Gremlin Nob","floor":13,"turns":3}],"seed_played":"5147816681062044945","potions_obtained":[{"floor":4,"key":"LiquidBronze"},{"floor":6,"key":"Swift Potion"},{"floor":8,"key":"LiquidBronze"}],"is_trial":false,"path_per_floor":["M","?","?","M","?","E","R","M","T","R","E","M","E"],"character_chosen":"THE_SILENT","items_purchased":[],"campfire_rested":2,"item_purchase_floors":[],"current_hp_per_floor":[59,59,52,52,26,26,45,44,44,63,36,19,0],"gold":221,"neow_bonus":"THREE_ENEMY_KILL","is_prod":false,"is_daily":false,"chose_seed":false,"campfire_upgraded":0,"win_rate":0,"timestamp":1557378097,"path_taken":["M","?","?","M","?","E","R","M","T","R","E","M","E"],"build_version":"2019-01-23","purchased_purges":0,"victory":false,"max_hp_per_floor":[66,66,66,66,66,66,66,66,66,66,66,66,66],"card_choices":[{"not_picked":["PiercingWail","Dagger Throw"],"picked":"Dagger Spray","floor":1},{"not_picked":["Finisher","Terror"],"picked":"Infinite Blades","floor":4},{"not_picked":["Finisher","Concentrate"],"picked":"Blade Dance","floor":6},{"not_picked":["Dagger Throw","Sucker Punch","Bane"],"picked":"Dagger Spray","floor":8},{"not_picked":["Flying Knee","Concentrate","Flechettes"],"picked":"Tactician","floor":11},{"not_picked":["Prepared","Heel Hook","Dagger Spray"],"picked":"Backflip","floor":12}],"player_experience":654464,"relics_obtained":[{"floor":6,"key":"Question Card"},{"floor":9,"key":"Frozen Egg 2"},{"floor":11,"key":"Dodecahedron"}],"event_choices":[{"damage_healed":0,"gold_gain":0,"player_choice":"Box","damage_taken":0,"relics_obtained":["Snake Skull"],"max_hp_gain":0,"max_hp_loss":0,"event_name":"Big Fish","floor":2,"gold_loss":0,"cards_obtained":["Regret"]},{"cards_removed":["Regret"],"damage_healed":0,"gold_gain":0,"player_choice":"Card Removal","damage_taken":7,"max_hp_gain":0,"max_hp_loss":0,"event_name":"Golden Wing","floor":3,"gold_loss":0},{"damage_healed":0,"gold_gain":0,"player_choice":"Success","damage_taken":26,"relics_obtained":["Vajra"],"max_hp_gain":0,"max_hp_loss":0,"event_name":"Scrap Ooze","floor":5,"gold_loss":0}],"is_beta":false,"boss_relics":[],"items_purged_floors":[],"is_endless":false,"potions_floor_spawned":[4,6,8],"killed_by":"Gremlin Nob","ascension_level":17}