{"gold_per_floor":[113,113,113,141,8,43,43,43,69,88,120,295,295,324,324,427,427,445,445,445,23,122,152,152,182,233,11,44,54,6,23,23,23],"floor_reached":33,"playtime":1088,"items_purged":["Strike_R","Strike_R"],"score":396,"play_id":"42d5d62b-dd06-4cc9-baaf-8630464680b7","local_time":"20190523110146","is_ascension_mode":true,"campfire_choices":[{"data":"Armaments","floor":7.0,"key":"SMITH"},{"data":"Demon Form","floor":13.0,"key":"SMITH"},{"floor":15,"key":"REST"},{"floor":24,"key":"REST"},{"floor":32,"key":"REST"}],"neow_cost":"NONE","seed_source_timestamp":0,"circlet_count":0,"master_deck":["Strike_R","Defend_R","Defend_R","Defend_R","Defend_R","Bash","Clash","Pummel","Armaments+1","Demon Form+1","Ghostly Armor","Flex","Thunderclap","Doubt","Limit Break","Inflame","Heavy Blade","Apotheosis","Twin Strike","Whirlwind+1","Ghostly Armor+1","Shrug It Off"],"special_seed":0,"relics":["Burning Blood","MawBank","Du-Vu Doll","Shuriken","Gremlin Horn","PreservedInsect","Runic Dome","Lantern","Orichalcum","Dream Catcher","Blue Candle"],"potions_floor_usage":[14,18,25,25,25,28,29,33,33,33],"damage_taken":[{"damage":3.0,"enemies":"2 Louse","floor":1.0,"turns":3.0},{"damage":0.0,"enemies":"Small Slimes","floor":4.0,"turns":3.0},{"damage":15.0,"enemies":"Lagavulin","floor":6.0,"turns":5.0},{"damage":0.0,"enemies":"Cultist","floor":10.0,"turns":3.0},{"damage":33.0,"enemies":"Gremlin Nob","floor":11.0,"turns":4.0},{"damage":25,"enemies":"3 Sentries","floor":14,"turns":8},{"damage":45,"enemies":"Hexaghost","floor":16,"turns":9},{"damage":13,"enemies":"3 Byrds","floor":18,"turns":6},{"damage":44,"enemies":"Slavers","floor":23,"turns":3},{"damage":12,"enemies":"Book of Stabbing","floor":25,"turns":4},{"damage":36,"enemies":"Slavers","floor":28,"turns":3},{"damage":7,"enemies":"Shell Parasite","floor":29,"turns":4},{"damage":3,"enemies":"Centurion and Healer","floor":31,"turns":4},{"damage":64,"enemies":"Collector","floor":33,"turns":7}],"seed_played":"2052947307055048050","potions_obtained":[{"floor":4.0,"key":"Block Potion"},{"floor":10.0,"key":"Fruit Juice"},{"floor":14,"key":"Poison Potion"},{"floor":16,"key":"Energy Potion"},{"floor":23,"key":"Block Potion"},{"floor":28,"key":"Explosive Potion"},{"floor":29,"key":"Block Potion"}],"is_trial":false,"path_per_floor":["M","?","?","M","$","E","R","?","T","M","E","?","R","E","R","B",null,"M","?","?","$","?","E","R","E","T","$","E","M","$","M","R","B"],"character_chosen":"IRONCLAD","items_purchased":["Demon Form","Heavy Blade","Apotheosis","Twin Strike","FearPotion","Strength Potion","BloodPotion","Weak Potion"],"campfire_rested":3,"item_purchase_floors":[5,21,21,21,21,27,27,30],"current_hp_per_floor":[80,85,82,85,85,76,76,76,76,82,55,55,55,41,68,29,75,68,68,68,68,68,30,57,51,51,51,21,29,29,32,59,0],"gold":23,"neow_bonus":"TRANSFORM_CARD","is_prod":false,"is_daily":false,"chose_seed":false,"campfire_upgraded":2,"win_rate":0,"timestamp":1558602106,"path_taken":["M","?","?","M","$","E","R","?","T","?","E","?","R","E","R","BOSS","M","?","?","$","?","E","R","E","T","$","E","M","$","M","R","BOSS"],"build_version":"2019-05-07","purchased_purges":2,"victory":false,"max_hp_per_floor":[80,85,85,85,85,85,85,85,85,85,85,85,85,90,90,90,90,90,90,90,90,90,90,90,90,90,90,90,90,90,90,90,90],"card_choices":[{"not_picked":["Heavy Blade","Blood for Blood"],"picked":"Pummel","floor":1.0},{"not_picked":["Corruption","Disarm"],"picked":"Armaments","floor":4.0},{"not_picked":["Searing Blow","Sword Boomerang"],"picked":"Ghostly Armor","floor":6.0},{"not_picked":["Searing Blow","Impervious"],"picked":"Flex","floor":10.0},{"not_picked":["Warcry","Havoc"],"picked":"Thunderclap","floor":11.0},{"not_picked":["Clothesline","Immolate","Rupture"],"picked":"SKIP","floor":14},{"not_picked":["Reaper","Juggernaut"],"picked":"Limit Break","floor":16},{"not_picked":["Thunderclap","Anger"],"picked":"Inflame","floor":18},{"not_picked":["Bloodletting","Wild Strike","Iron Wave"],"picked":"SKIP","floor":23},{"not_picked":["Headbutt","Ghostly Armor"],"picked":"Whirlwind+1","floor":25},{"not_picked":["Heavy Blade","Cleave"],"picked":"Ghostly Armor+1","floor":28},{"not_picked":["Ghostly Armor","Thunderclap"],"picked":"Shrug It Off","floor":29},{"not_picked":["Feel No Pain","Pommel Strike","Armaments"],"picked":"SKIP","floor":31}],"player_experience":331671,"relics_obtained":[{"floor":6.0,"key":"Du-Vu Doll"},{"floor":11.0,"key":"Gremlin Horn"},{"floor":14,"key":"PreservedInsect"},{"floor":23,"key":"Lantern"},{"floor":25,"key":"Orichalcum"},{"floor":26,"key":"Dream Catcher"},{"floor":28,"key":"Blue Candle"}],"event_choices":[{"damage_healed":0.0,"max_hp_gain":5.0,"max_hp_loss":0.0,"gold_gain":0.0,"event_name":"Big Fish","player_choice":"Donut","floor":2.0,"gold_loss":0.0,"damage_taken":0.0},{"damage_healed":0.0,"max_hp_gain":0.0,"max_hp_loss":0.0,"gold_gain":0.0,"event_name":"Scrap Ooze","player_choice":"Success","floor":3.0,"gold_loss":0.0,"damage_taken":3.0,"relics_obtained":["MawBank"]},{"damage_healed":0.0,"max_hp_gain":0.0,"max_hp_loss":0.0,"gold_gain":0.0,"event_name":"WeMeetAgain","player_choice":"Gave Potion","floor":8.0,"gold_loss":0.0,"damage_taken":0.0,"relics_obtained":["Shuriken"]},{"damage_healed":0.0,"max_hp_gain":0.0,"max_hp_loss":0.0,"gold_gain":175.0,"event_name":"Liars Game","player_choice":"AGREE","floor":12.0,"gold_loss":0.0,"damage_taken":0.0,"cards_obtained":["Doubt"]},{"cards_removed":["Strike_R"],"damage_healed":0,"gold_gain":0,"player_choice":"Elegance","damage_taken":0,"max_hp_gain":0,"max_hp_loss":0,"event_name":"Back to Basics","floor":19,"gold_loss":0},{"damage_healed":0,"gold_gain":0,"player_choice":"Ignored","damage_taken":0,"max_hp_gain":0,"max_hp_loss":0,"event_name":"Vampires","floor":20,"gold_loss":0},{"damage_healed":0,"gold_gain":99,"player_choice":"Stole From Cult","damage_taken":0,"max_hp_gain":0,"max_hp_loss":0,"event_name":"Nest","floor":22,"gold_loss":0}],"is_beta":true,"boss_relics":[{"not_picked":["Astrolabe","Philosopher\u0027s Stone"],"picked":"Runic Dome"}],"items_purged_floors":[21,27],"is_endless":false,"potions_floor_spawned":[4,10,14,16,23,28,29,31],"killed_by":"Collector","ascension_level":5}