{"gold_per_floor":[116,132,147,167,167,202,202,202,202,202,202],"floor_reached":11,"playtime":451,"items_purged":[],"score":139,"play_id":"25609b7a-8075-4f53-b881-913ad9e5f5c0","local_time":"20190227192045","is_ascension_mode":true,"campfire_choices":[{"floor":7,"key":"REST"},{"data":"Defragment","floor":10,"key":"SMITH"}],"neow_cost":"NONE","seed_source_timestamp":1277978147536972,"circlet_count":0,"master_deck":["AscendersBane","Strike_B","Strike_B","Strike_B","Defend_B","Defend_B","Defend_B","Defend_B","Zap","Dualcast","Defragment+1","Beam Cell","Capacitor","Ball Lightning","Compile Driver"],"relics":["Cracked Core","PreservedInsect","WingedGreaves","Question Card"],"potions_floor_usage":[4,6],"damage_taken":[{"damage":1,"enemies":"Cultist","floor":1,"turns":3},{"damage":12,"enemies":"Jaw Worm","floor":2,"turns":3},{"damage":2,"enemies":"2 Louse","floor":3,"turns":3},{"damage":29,"enemies":"Exordium Thugs","floor":4,"turns":5},{"damage":9,"enemies":"3 Sentries","floor":6,"turns":6},{"damage":30,"enemies":"Lagavulin","floor":11,"turns":4}],"seed_played":"8220410378623119297","potions_obtained":[{"floor":0,"key":"Dexterity Potion"},{"floor":0,"key":"PowerPotion"}],"is_trial":false,"path_per_floor":["M","M","M","M","?","E","R","?","T","R","E"],"character_chosen":"DEFECT","items_purchased":[],"campfire_rested":1,"item_purchase_floors":[],"current_hp_per_floor":[63,51,49,20,15,6,27,27,27,27,0],"gold":202,"neow_bonus":"THREE_SMALL_POTIONS","is_prod":false,"is_daily":false,"chose_seed":false,"campfire_upgraded":1,"win_rate":0,"timestamp":1551313245,"path_taken":["M","M","?","M","?","E","R","?","T","R","E"],"build_version":"2019-01-23","purchased_purges":0,"victory":false,"max_hp_per_floor":[71,71,71,71,71,71,71,71,71,71,71],"card_choices":[{"not_picked":["Streamline","Cold Snap"],"picked":"Defragment","floor":1},{"not_picked":["Auto Shields","Redo"],"picked":"Beam Cell","floor":2},{"not_picked":["Force Field","Melter"],"picked":"Capacitor","floor":3},{"not_picked":["Conserve Battery","Defragment"],"picked":"Ball Lightning","floor":4},{"not_picked":["Rip and Tear","Steam"],"picked":"Compile Driver","floor":6}],"player_experience":403436,"relics_obtained":[{"floor":6,"key":"WingedGreaves"},{"floor":9,"key":"Question Card"}],"event_choices":[{"damage_healed":0,"gold_gain":0,"player_choice":"Success","damage_taken":5,"relics_obtained":["PreservedInsect"],"max_hp_gain":0,"max_hp_loss":0,"event_name":"Scrap Ooze","floor":5,"gold_loss":0},{"cards_removed":["Strike_B"],"damage_healed":0,"gold_gain":0,"player_choice":"Purged","damage_taken":0,"max_hp_gain":0,"max_hp_loss":0,"event_name":"Purifier","floor":8,"gold_loss":0}],"is_beta":false,"boss_relics":[],"items_purged_floors":[],"is_endless":false,"potions_floor_spawned":[1],"killed_by":"Lagavulin","ascension_level":18}