{"gold_per_floor":[119,129,142,157,171,171,191,217,242,253,253,271,271,290,290,368,368,385,398,448,448,464,464,490,490,513,513,513,513,70,86,86,163,213,230,281,292,307,41,41,41],"floor_reached":41,"playtime":1732,"items_purged":["Strike_G"],"score":961,"play_id":"6fd1a662-342b-4a50-8028-0ce3d25e63f4","local_time":"20181021130914","is_ascension_mode":true,"campfire_choices":[{"data":"Flechettes","floor":6.0,"key":"SMITH"},{"floor":11.0,"key":"REST"},{"data":"Footwork","floor":13.0,"key":"SMITH"},{"data":"Noxious Fumes","floor":15.0,"key":"SMITH"},{"floor":23.0,"key":"REST"},{"floor":25.0,"key":"REST"},{"data":"Neutralize","floor":27.0,"key":"SMITH"},{"data":"Adrenaline","floor":29.0,"key":"SMITH"},{"data":"Footwork","floor":32.0,"key":"SMITH"},{"floor":40,"key":"REST"}],"neow_cost":"TEN_PERCENT_HP_LOSS","seed_source_timestamp":0,"circlet_count":0,"master_deck":["Defend_G","Defend_G","Defend_G","Defend_G","Defend_G","Strike_G","Strike_G","Strike_G","Strike_G","Survivor","Neutralize+1","AscendersBane","Bullet Time","Dagger Spray","Backstab","Deadly Poison","Flechettes+1","Noxious Fumes+1","Backstab","Corpse Explosion","Blur","Footwork+1","Predator","Blur","Adrenaline+1","Leg Sweep","Backstab","Blur+1","Footwork+1","Backflip","Bane","Burst","Dodge and Roll","Acrobatics","Adrenaline","Well Laid Plans+1","Backstab+1","Apotheosis"],"special_seed":0,"relics":["Ring of the Serpent","Matryoshka","Art of War","Dream Catcher","Snake Skull","Bronze Scales","Ancient Tea Set","ClockworkSouvenir","Tiny House","FossilizedHelix"],"potions_floor_usage":[33,36,38,41],"damage_taken":[{"damage":9.0,"enemies":"Cultist","floor":1.0,"turns":5.0},{"damage":0.0,"enemies":"2 Louse","floor":2.0,"turns":2.0},{"damage":0.0,"enemies":"Small Slimes","floor":3.0,"turns":4.0},{"damage":4.0,"enemies":"Gremlin Gang","floor":4.0,"turns":4.0},{"damage":3.0,"enemies":"3 Louse","floor":5.0,"turns":2.0},{"damage":8.0,"enemies":"Blue Slaver","floor":7.0,"turns":4.0},{"damage":10.0,"enemies":"3 Sentries","floor":8.0,"turns":4.0},{"damage":10.0,"enemies":"Exordium Wildlife","floor":10.0,"turns":4.0},{"damage":0.0,"enemies":"Lots of Slimes","floor":12.0,"turns":2.0},{"damage":0.0,"enemies":"Looter","floor":14.0,"turns":3.0},{"damage":16.0,"enemies":"Hexaghost","floor":16.0,"turns":9.0},{"damage":0.0,"enemies":"3 Byrds","floor":18.0,"turns":2.0},{"damage":16.0,"enemies":"Spheric Guardian","floor":19.0,"turns":7.0},{"damage":28.0,"enemies":"3 Cultists","floor":22.0,"turns":4.0},{"damage":16.0,"enemies":"Slavers","floor":24.0,"turns":3.0},{"damage":2.0,"enemies":"Centurion and Healer","floor":31.0,"turns":5.0},{"damage":0,"enemies":"Automaton","floor":33,"turns":11},{"damage":2,"enemies":"Orb Walker","floor":35,"turns":3},{"damage":11,"enemies":"2 Orb Walkers","floor":36,"turns":3},{"damage":16,"enemies":"3 Darklings","floor":37,"turns":4},{"damage":0,"enemies":"Jaw Worm Horde","floor":38,"turns":1},{"damage":55,"enemies":"Reptomancer","floor":41,"turns":4}],"seed_played":"3539160710630501801","potions_obtained":[{"floor":1.0,"key":"Poison Potion"},{"floor":5.0,"key":"Swift Potion"},{"floor":7.0,"key":"Strength Potion"},{"floor":10.0,"key":"SkillPotion"},{"floor":16.0,"key":"Explosive Potion"},{"floor":19.0,"key":"AttackPotion"},{"floor":22.0,"key":"Weak Potion"},{"floor":31.0,"key":"SkillPotion"},{"floor":34,"key":"LiquidBronze"},{"floor":35,"key":"Swift Potion"},{"floor":37,"key":"Swift Potion"}],"is_trial":false,"path_per_floor":["M","M","M","M","M","R","M","E","T","M","R","M","R","M","R","B",null,"M","M","?","?","M","R","E","R","T","R","?","R","$","M","R","B",null,"M","?","M","M","$","R"],"character_chosen":"THE_SILENT","items_purchased":["Footwork","ClockworkSouvenir","Backflip","Apotheosis","Energy Potion"],"campfire_rested":4,"item_purchase_floors":[30,30,30,39,39],"current_hp_per_floor":[50,50,50,46,43,43,35,25,25,15,33,33,33,33,33,17,49,49,33,33,33,5,23,7,25,25,25,37,37,37,35,35,35,59,57,46,30,30,30,49,0],"gold":41,"neow_bonus":"THREE_RARE_CARDS","is_prod":false,"is_daily":false,"chose_seed":false,"campfire_upgraded":6,"win_rate":0,"timestamp":1540141754,"path_taken":["M","M","M","M","?","R","M","E","T","M","R","?","R","M","R","BOSS","M","?","?","?","M","R","E","R","T","R","?","R","$","M","R","BOSS","M","?","?","M","$","R","E"],"build_version":"2018-10-18","purchased_purges":1,"victory":false,"max_hp_per_floor":[60,60,60,60,60,60,60,60,60,60,60,60,60,60,60,60,60,60,60,60,60,60,60,60,60,60,60,60,60,60,60,60,60,65,65,65,65,65,65,65,65],"card_choices":[{"not_picked":["Doppelganger","Envenom"],"picked":"Bullet Time","floor":0.0},{"not_picked":["Deflect","Choke"],"picked":"Dagger Spray","floor":1.0},{"not_picked":["Endless Agony","Outmaneuver"],"picked":"Backstab","floor":2.0},{"not_picked":["Eviscerate","Slice"],"picked":"Deadly Poison","floor":3.0},{"not_picked":["Outmaneuver","PiercingWail"],"picked":"Flechettes","floor":4.0},{"not_picked":["Endless Agony","Dagger Throw"],"picked":"Noxious Fumes","floor":5.0},{"not_picked":["Skewer","Deflect"],"picked":"Backstab","floor":7.0},{"not_picked":["Finisher","Prepared"],"picked":"Corpse Explosion","floor":8.0},{"not_picked":["Sucker Punch","Bane"],"picked":"Blur","floor":10.0},{"not_picked":["Deflect","Outmaneuver"],"picked":"Footwork","floor":11.0},{"not_picked":["Poisoned Stab","Dagger Throw"],"picked":"Predator","floor":12.0},{"not_picked":["Flying Knee","Slice"],"picked":"Blur","floor":14.0},{"not_picked":["Burst","Bullet Time"],"picked":"Adrenaline","floor":16.0},{"not_picked":["Cloak And Dagger","Dagger Spray","Flying Knee"],"picked":"SKIP","floor":18.0},{"not_picked":["Outmaneuver","Quick Slash"],"picked":"Leg Sweep","floor":19.0},{"not_picked":["Dash","PiercingWail"],"picked":"Backstab","floor":22.0},{"not_picked":["Flying Knee","Skewer"],"picked":"Blur","floor":23.0},{"not_picked":["Heel Hook","Dodge and Roll","Dagger Spray"],"picked":"SKIP","floor":24.0},{"not_picked":["Blur","Dagger Spray"],"picked":"Bane","floor":31.0},{"not_picked":["Grand Finale","Storm of Steel"],"picked":"Burst","floor":33},{"not_picked":["Sucker Punch","Terror"],"picked":"Dodge and Roll","floor":34},{"not_picked":["Crippling Poison","Deflect+1"],"picked":"Acrobatics","floor":35},{"not_picked":["Concentrate","Choke"],"picked":"Adrenaline","floor":36},{"not_picked":["Crippling Poison","Skewer+1"],"picked":"Well Laid Plans+1","floor":37},{"not_picked":["Endless Agony","Dagger Spray"],"picked":"Backstab+1","floor":38}],"player_experience":781689,"relics_obtained":[{"floor":8.0,"key":"Matryoshka"},{"floor":9.0,"key":"Art of War"},{"floor":9.0,"key":"Dream Catcher"},{"floor":24.0,"key":"Snake Skull"},{"floor":26.0,"key":"Bronze Scales"},{"floor":26.0,"key":"Ancient Tea Set"},{"floor":36,"key":"FossilizedHelix"}],"event_choices":[{"damage_healed":0.0,"max_hp_gain":0.0,"max_hp_loss":0.0,"gold_gain":50.0,"event_name":"Nest","player_choice":"Stole From Cult","floor":20.0,"gold_loss":0.0,"damage_taken":0.0},{"damage_healed":0.0,"max_hp_gain":0.0,"max_hp_loss":0.0,"gold_gain":0.0,"event_name":"Cursed Tome","player_choice":"Ignored","floor":21.0,"gold_loss":0.0,"damage_taken":0.0},{"damage_healed":12.0,"max_hp_gain":0.0,"max_hp_loss":0.0,"gold_gain":0.0,"event_name":"The Library","player_choice":"Heal","floor":28.0,"gold_loss":0.0,"damage_taken":0.0},{"damage_healed":0,"gold_gain":0,"player_choice":"Fight","damage_taken":0,"max_hp_gain":0,"max_hp_loss":0,"event_name":"Mysterious Sphere","floor":36,"gold_loss":0}],"is_beta":false,"boss_relics":[{"not_picked":["Cursed Key","Astrolabe"],"picked":"Ring of the Serpent"},{"not_picked":["Orrery","Pandora\u0027s Box"],"picked":"Tiny House"}],"items_purged_floors":[30],"is_endless":false,"potions_floor_spawned":[1,5,7,10,16,19,22,31,35,37],"killed_by":"Reptomancer","ascension_level":19}