{"gold_per_floor":[13,13,32,46,61,61,81,46,73,73,88,88,13,30,30,108,108,126,142,42,58,58,58,58,87,87,87,137,137,151,185,185,185],"floor_reached":33,"playtime":1471,"items_purged":["Strike_B","Defend_B"],"score":512,"play_id":"4f0a256a-8b7d-4f93-b5d2-dd4335ccb69f","local_time":"20180921231229","is_ascension_mode":true,"campfire_choices":[{"data":"Multi-Cast","floor":6,"key":"SMITH"},{"data":"Zap","floor":10,"key":"SMITH"},{"data":"Defragment","floor":12,"key":"SMITH"},{"data":"Leap","floor":15,"key":"SMITH"},{"floor":23,"key":"REST"},{"data":"Defragment","floor":27,"key":"SMITH"},{"floor":29,"key":"REST"},{"floor":32,"key":"REST"}],"neow_cost":"NO_GOLD","seed_source_timestamp":543736618260411,"circlet_count":0,"master_deck":["Strike_B","Strike_B","Strike_B+1","Defend_B","Zap+1","Dualcast","AscendersBane","Coolheaded+1","Leap+1","Ball Lightning+1","Conserve Battery","Defragment+1","Turbo","Rainbow","Consume","BootSequence+1","Hello World+1","Sweeping Beam","White Noise","Undo","Dark Shackles","Defragment+1","Conserve Battery"],"special_seed":0,"relics":["Cracked Core","Whetstone","White Beast Statue","Bronze Scales","Mercury Hourglass","Art of War"],"potions_floor_usage":[16,18,25,31],"damage_taken":[{"damage":10.0,"enemies":"Small Slimes","floor":1.0,"turns":3.0},{"damage":8,"enemies":"Cultist","floor":3,"turns":4},{"damage":2,"enemies":"Jaw Worm","floor":4,"turns":5},{"damage":21,"enemies":"3 Louse","floor":5,"turns":3},{"damage":0,"enemies":"2 Fungi Beasts","floor":7,"turns":3},{"damage":0,"enemies":"Exordium Wildlife","floor":11,"turns":3},{"damage":2,"enemies":"Red Slaver","floor":14,"turns":3},{"damage":12,"enemies":"The Guardian","floor":16,"turns":10},{"damage":5,"enemies":"Spheric Guardian","floor":18,"turns":5},{"damage":16,"enemies":"Shell Parasite","floor":19,"turns":3},{"damage":18,"enemies":"Centurion and Healer","floor":21,"turns":5},{"damage":31,"enemies":"Gremlin Leader","floor":25,"turns":8},{"damage":25,"enemies":"3 Cultists","floor":30,"turns":5},{"damage":2,"enemies":"Book of Stabbing","floor":31,"turns":6},{"damage":30,"enemies":"Automaton","floor":33,"turns":6}],"seed_played":"9182763640979292296","potions_obtained":[{"floor":11,"key":"PowerPotion"},{"floor":14,"key":"FairyPotion"},{"floor":16,"key":"LiquidBronze"},{"floor":18,"key":"FairyPotion"},{"floor":21,"key":"AttackPotion"},{"floor":25,"key":"GamblersBrew"},{"floor":30,"key":"AttackPotion"},{"floor":31,"key":"Energy Potion"}],"is_trial":false,"path_per_floor":["M","?","M","M","M","R","M","?","T","R","M","R","$","M","R","B",null,"M","M","$","M","?","R","?","E","T","R","?","R","M","E","R"],"character_chosen":"DEFECT","items_purchased":[],"campfire_rested":3,"item_purchase_floors":[],"current_hp_per_floor":[54,54,46,44,23,23,23,40,40,40,40,40,40,38,38,26,60,55,39,39,21,21,42,28,7,7,7,7,28,3,1,22,0],"gold":185,"neow_bonus":"THREE_RARE_CARDS","is_prod":false,"is_daily":false,"chose_seed":false,"campfire_upgraded":5,"win_rate":0,"timestamp":1537585949,"path_taken":["M","?","M","M","M","R","M","?","T","R","M","R","$","M","R","BOSS","M","M","$","M","?","R","?","E","T","R","?","R","M","E","R","BOSS"],"build_version":"2018-09-20","purchased_purges":2,"victory":false,"max_hp_per_floor":[71,71,71,71,71,71,71,71,71,71,71,71,71,71,71,71,71,71,71,71,71,71,71,71,71,71,71,71,71,71,71,71,71],"card_choices":[{"not_picked":["Rainbow","Fission"],"picked":"Multi-Cast","floor":0.0},{"not_picked":["Turbo","Cold Snap"],"picked":"Coolheaded","floor":1.0},{"not_picked":["Hello World","Beam Cell"],"picked":"Leap","floor":3},{"not_picked":["BootSequence","Rebound"],"picked":"Ball Lightning","floor":4},{"not_picked":["Genetic Algorithm","BootSequence"],"picked":"Conserve Battery","floor":5},{"not_picked":["Streamline","Steam","Ball Lightning"],"picked":"SKIP","floor":7},{"not_picked":["Compile Driver","Ball Lightning"],"picked":"Defragment","floor":11},{"not_picked":["Melter","Buffer"],"picked":"Turbo","floor":14},{"not_picked":["Machine Learning","Fission"],"picked":"Rainbow","floor":16},{"not_picked":["Leap","Steam"],"picked":"Consume","floor":18},{"not_picked":["Scrape","Barrage+1"],"picked":"BootSequence+1","floor":19},{"not_picked":["Undo","Sweeping Beam"],"picked":"Hello World+1","floor":21},{"not_picked":["Conserve Battery","Chill"],"picked":"Defragment","floor":25},{"not_picked":["Blizzard","Darkness"],"picked":"Conserve Battery","floor":30},{"not_picked":["Tempest","Leap","Rebound"],"picked":"SKIP","floor":31}],"player_experience":684121,"relics_obtained":[{"floor":9,"key":"Whetstone"},{"floor":25,"key":"Bronze Scales"},{"floor":26,"key":"Mercury Hourglass"},{"floor":31,"key":"Art of War"}],"event_choices":[{"event_name":"Living Wall","player_choice":"Grow","floor":2.0,"damage_taken":0.0},{"event_name":"The Cleric","player_choice":"Healed","floor":8,"damage_taken":0},{"event_name":"Drug Dealer","player_choice":"Became Test Subject","floor":22,"damage_taken":0},{"event_name":"Knowing Skull","player_choice":"CARD ","floor":24,"damage_taken":0},{"event_name":"Nest","player_choice":"Stole From Cult","floor":28,"damage_taken":0}],"is_beta":false,"boss_relics":[{"not_picked":["Eternal Feather","Snecko Eye"],"picked":"White Beast Statue"}],"items_purged_floors":[13,20],"is_endless":false,"potions_floor_spawned":[11,14,16,18,19,21,25,30,31],"killed_by":"Automaton","ascension_level":17}