{"gold_per_floor":[111,129,145,158,178,178,205,205,205,53,53,53,78,99,99,195,195,211,232,257,257,273,273,314,9,9,29,29,45,45,45,45,134,134,159,172,114,114,128,128,159,174,225,250,270,291,17,37,37,37],"floor_reached":50,"playtime":2459,"items_purged":["Deadly Poison","Pain"],"score":1054,"play_id":"240fa067-2b85-4fe5-83d5-3c2cfb4ae6a1","local_time":"20181101185648","is_ascension_mode":true,"campfire_choices":[{"floor":6,"key":"REST"},{"data":"Dagger Spray","floor":8,"key":"SMITH"},{"data":"Predator","floor":15,"key":"SMITH"},{"data":"A Thousand Cuts","floor":23,"key":"SMITH"},{"floor":28,"key":"REST"},{"data":"Cloak And Dagger","floor":30,"key":"SMITH"},{"data":"Cloak And Dagger","floor":32,"key":"SMITH"},{"floor":40,"key":"REST"},{"floor":49,"key":"REST"}],"neow_cost":"NONE","seed_source_timestamp":1980488634477112,"circlet_count":0,"master_deck":["Survivor","Neutralize+1","AscendersBane","Dodge and Roll","Dagger Spray+1","Predator+1","All Out Attack","Adrenaline","Backstab","Adrenaline","A Thousand Cuts+1","Dagger Spray","Acrobatics","Well Laid Plans","Poisoned Stab","Bane","Cloak And Dagger+1","Poisoned Stab","Blur","Caltrops","Slice+1","PiercingWail","Cloak And Dagger+1","Deflect+1","Backstab","Sucker Punch+1","Envenom","Footwork","Blur+1"],"relics":["Ring of the Snake","Happy Flower","Mercury Hourglass","Golden Idol","Boot","Pandora\u0027s Box","Unceasing Top","ClockworkSouvenir","Ninja Scroll","Fusion Hammer","Vajra","WarpedTongs","Smiling Mask","Oddly Smooth Stone","Strawberry"],"potions_floor_usage":[5,7,7,16,22,33,33,33,41,41,42,50],"damage_taken":[{"damage":7,"enemies":"Cultist","floor":1,"turns":4},{"damage":1,"enemies":"Small Slimes","floor":2,"turns":4},{"damage":0,"enemies":"2 Louse","floor":3,"turns":2},{"damage":15,"enemies":"Lots of Slimes","floor":4,"turns":6},{"damage":17,"enemies":"Large Slime","floor":5,"turns":8},{"damage":6,"enemies":"Gremlin Nob","floor":7,"turns":3},{"damage":0,"enemies":"2 Fungi Beasts","floor":13,"turns":3},{"damage":0,"enemies":"Exordium Wildlife","floor":14,"turns":2},{"damage":15,"enemies":"Slime Boss","floor":16,"turns":7},{"damage":5,"enemies":"2 Thieves","floor":18,"turns":2},{"damage":10,"enemies":"Shell Parasite","floor":19,"turns":3},{"damage":0,"enemies":"3 Cultists","floor":20,"turns":3},{"damage":0,"enemies":"Shelled Parasite and Fungi","floor":22,"turns":3},{"damage":17,"enemies":"Slavers","floor":24,"turns":3},{"damage":0,"enemies":"Snecko","floor":27,"turns":4},{"damage":0,"enemies":"Chosen and Byrds","floor":29,"turns":3},{"damage":6,"enemies":"Collector","floor":33,"turns":6},{"damage":6,"enemies":"Orb Walker","floor":35,"turns":2},{"damage":0,"enemies":"3 Darklings","floor":36,"turns":3},{"damage":18,"enemies":"Transient","floor":39,"turns":6},{"damage":4,"enemies":"Reptomancer","floor":41,"turns":5},{"damage":11,"enemies":"Jaw Worm Horde","floor":42,"turns":5},{"damage":26,"enemies":"Maw","floor":44,"turns":6},{"damage":3,"enemies":"Writhing Mass","floor":45,"turns":4},{"damage":3,"enemies":"Jaw Worm Horde","floor":46,"turns":3},{"damage":0,"enemies":"Transient","floor":48,"turns":6},{"damage":53,"enemies":"Time Eater","floor":50,"turns":10}],"seed_played":"8796717853099469222","potions_obtained":[{"floor":2,"key":"Strength Potion"},{"floor":4,"key":"Weak Potion"},{"floor":5,"key":"SteroidPotion"},{"floor":14,"key":"PowerPotion"},{"floor":16,"key":"PowerPotion"},{"floor":24,"key":"Dexterity Potion"},{"floor":27,"key":"EntropicBrew"},{"floor":36,"key":"SpeedPotion"},{"floor":39,"key":"PowerPotion"},{"floor":41,"key":"Regen Potion"}],"is_trial":false,"path_per_floor":["M","M","M","M","M","R","E","R","T","$","?","?","M","M","R","B",null,"M","M","M","?","M","R","E","$","T","M","R","M","R","$","R","B",null,"M","M","?","?","M","R","E","M","T","M","M","M","$","M","R"],"character_chosen":"THE_SILENT","items_purchased":["Adrenaline","ClockworkSouvenir","Strawberry","Block Potion"],"campfire_rested":4,"item_purchase_floors":[10,25,47,47],"current_hp_per_floor":[52,51,51,36,19,38,32,32,32,32,32,21,21,21,21,6,47,42,32,32,32,32,32,15,15,15,15,33,33,33,33,33,27,52,46,46,46,46,28,46,42,45,45,19,16,13,20,20,40,0],"gold":37,"neow_bonus":"UPGRADE_CARD","is_prod":false,"is_daily":false,"chose_seed":false,"campfire_upgraded":5,"win_rate":0,"timestamp":1541113008,"path_taken":["M","M","M","?","M","R","E","R","T","$","?","?","M","M","R","BOSS","M","M","M","?","M","R","E","$","T","M","R","M","R","?","R","BOSS","M","M","?","?","M","R","E","M","T","M","M","M","$","M","R","BOSS"],"build_version":"2018-10-25v2","purchased_purges":2,"victory":false,"max_hp_per_floor":[66,66,66,66,66,66,66,66,66,66,60,60,60,60,60,60,60,60,60,60,60,60,60,60,60,60,60,60,60,60,60,60,60,60,60,60,60,60,60,60,60,60,60,60,60,60,67,67,67,67],"card_choices":[{"not_picked":["Acrobatics","Tactician"],"picked":"Dodge and Roll","floor":1},{"not_picked":["Eviscerate","PiercingWail"],"picked":"Dagger Spray","floor":2},{"not_picked":["Poisoned Stab","Bane"],"picked":"Predator","floor":3},{"not_picked":["Dagger Spray","Accuracy"],"picked":"All Out Attack","floor":4},{"not_picked":["Backflip","Acrobatics","Choke"],"picked":"SKIP","floor":5},{"not_picked":["Predator","Flying Knee","Catalyst"],"picked":"SKIP","floor":7},{"not_picked":["Acrobatics","Masterful Stab"],"picked":"Backstab","floor":13},{"not_picked":["Dagger Throw","Slice"],"picked":"Adrenaline","floor":14},{"not_picked":["Bullet Time","Unload"],"picked":"A Thousand Cuts","floor":16},{"not_picked":["Bouncing Flask","Blade Dance"],"picked":"Caltrops","floor":18},{"not_picked":["Dagger Spray+1","Quick Slash"],"picked":"Slice+1","floor":19},{"not_picked":["Bane","Outmaneuver+1"],"picked":"PiercingWail","floor":20},{"not_picked":["Underhanded Strike","Prepared"],"picked":"Cloak And Dagger","floor":22},{"not_picked":["Phantasmal Killer","Acrobatics"],"picked":"Deflect+1","floor":24},{"not_picked":["Flechettes","Deadly Poison"],"picked":"Backstab","floor":27},{"not_picked":["Tactician","Distraction"],"picked":"Sucker Punch+1","floor":29},{"not_picked":["Unload","A Thousand Cuts"],"picked":"Envenom","floor":33},{"not_picked":["Reflex+1","Flying Knee","Dagger Spray+1"],"picked":"SKIP","floor":35},{"not_picked":["Distraction+1","Dagger Spray+1","Choke"],"picked":"SKIP","floor":36},{"not_picked":["Bane","Riddle With Holes","Skewer"],"picked":"SKIP","floor":39},{"not_picked":["Outmaneuver+1","Accuracy"],"picked":"Footwork","floor":41},{"not_picked":["Sucker Punch","Bane"],"picked":"Blur+1","floor":42},{"not_picked":["Sucker Punch","Flechettes","Envenom"],"picked":"SKIP","floor":44},{"not_picked":["Riddle With Holes","Distraction","Leg Sweep"],"picked":"SKIP","floor":45},{"not_picked":["Acrobatics","Blade Dance","Dagger Spray"],"picked":"SKIP","floor":46},{"not_picked":["Blade Dance","Distraction","Prepared"],"picked":"SKIP","floor":48}],"player_experience":881455,"relics_obtained":[{"floor":7,"key":"Happy Flower"},{"floor":9,"key":"Mercury Hourglass"},{"floor":24,"key":"Unceasing Top"},{"floor":26,"key":"Ninja Scroll"},{"floor":41,"key":"Smiling Mask"},{"floor":43,"key":"Oddly Smooth Stone"}],"event_choices":[{"damage_healed":0,"gold_gain":0,"player_choice":"Lose Max HP","damage_taken":0,"relics_obtained":["Golden Idol"],"max_hp_gain":0,"max_hp_loss":6,"event_name":"Golden Idol","floor":11,"gold_loss":0},{"damage_healed":0,"gold_gain":0,"player_choice":"Success","damage_taken":11,"relics_obtained":["Boot"],"max_hp_gain":0,"max_hp_loss":0,"event_name":"Scrap Ooze","floor":12,"gold_loss":0},{"cards_removed":["Acrobatics"],"damage_healed":0,"gold_gain":0,"player_choice":"Purged","damage_taken":0,"max_hp_gain":0,"max_hp_loss":0,"event_name":"Purifier","floor":21,"gold_loss":0},{"damage_healed":0,"gold_gain":0,"player_choice":"Paid Gold","damage_taken":0,"relics_obtained":["Vajra"],"max_hp_gain":0,"max_hp_loss":0,"event_name":"WeMeetAgain","floor":37,"gold_loss":58},{"damage_healed":0,"gold_gain":0,"player_choice":"Rummage","damage_taken":0,"relics_obtained":["WarpedTongs"],"max_hp_gain":0,"max_hp_loss":0,"event_name":"Accursed Blacksmith","floor":38,"gold_loss":0,"cards_obtained":["Pain"]}],"is_beta":false,"boss_relics":[{"not_picked":["Velvet Choker","Calling Bell"],"picked":"Pandora\u0027s Box"},{"not_picked":["Coffee Dripper","Empty Cage"],"picked":"Fusion Hammer"}],"items_purged_floors":[25,47],"is_endless":false,"potions_floor_spawned":[2,4,5,14,16,24,27,29,36,39,41],"killed_by":"Time Eater","ascension_level":20}