{"gold_per_floor":[366,384,402,50,63,92,92,121,168,168,199,222,238,269,269,269],"floor_reached":16,"playtime":765,"items_purged":["Strike_R"],"score":202,"play_id":"e3247891-4042-4ac0-9009-b617a585827a","local_time":"20180708205710","is_ascension_mode":true,"campfire_choices":[{"data":"Body Slam","floor":7,"key":"SMITH"},{"data":"Cleave","floor":10,"key":"SMITH"},{"data":"Ghostly Armor","floor":15,"key":"SMITH"}],"neow_cost":"TEN_PERCENT_HP_LOSS","seed_source_timestamp":739943879352566,"circlet_count":0,"master_deck":["Strike_R","Strike_R","Strike_R+1","Strike_R","Defend_R+1","Defend_R","Defend_R","Defend_R","Bash+1","AscendersBane","Armaments+1","Feed","Impervious","Body Slam+1","Cleave+1","Shrug It Off","Ghostly Armor+1","Shrug It Off"],"relics":["Burning Blood","Orichalcum","War Paint","Frozen Egg 2","Strawberry","Whetstone","Odd Mushroom","Regal Pillow"],"potions_floor_usage":[8,11,11],"damage_taken":[{"damage":18,"enemies":"Jaw Worm","floor":1,"turns":6},{"damage":1,"enemies":"2 Louse","floor":2,"turns":3},{"damage":6,"enemies":"Cultist","floor":3,"turns":3},{"damage":9,"enemies":"Exordium Wildlife","floor":5,"turns":4},{"damage":20,"enemies":"Gremlin Nob","floor":6,"turns":5},{"damage":8,"enemies":"3 Sentries","floor":8,"turns":8},{"damage":14,"enemies":"Gremlin Nob","floor":11,"turns":5},{"damage":17,"floor":12,"turns":4},{"damage":2,"enemies":"Exordium Thugs","floor":13,"turns":6},{"damage":27,"enemies":"Lagavulin","floor":14,"turns":7},{"damage":31,"enemies":"Slime Boss","floor":16,"turns":8}],"seed_played":"6543532318848398703","potions_obtained":[{"floor":1,"key":"Dexterity Potion"},{"floor":3,"key":"Dexterity Potion"},{"floor":8,"key":"Block Potion"},{"floor":12,"key":"Ancient Potion"}],"is_trial":false,"path_per_floor":["M","M","M","$","M","E","R","E","T","R","E","?","M","E","R"],"character_chosen":"IRONCLAD","items_purchased":["Impervious","Body Slam","Orichalcum"],"campfire_rested":0,"item_purchase_floors":[4,4,4],"current_hp_per_floor":[60,65,65,65,65,51,51,52,59,59,51,43,50,29,29,0],"gold":269,"neow_bonus":"TWO_FIFTY_GOLD","is_prod":false,"is_daily":false,"chose_seed":false,"campfire_upgraded":3,"win_rate":0,"timestamp":1531097830,"path_taken":["M","M","M","$","M","E","R","E","T","R","E","?","M","E","R","BOSS"],"build_version":"2018-07-05","purchased_purges":1,"victory":false,"max_hp_per_floor":[72,72,72,72,75,75,75,78,85,85,85,88,91,91,91,91],"card_choices":[{"not_picked":["Power Through","Infernal Blade"],"picked":"Armaments","floor":1},{"not_picked":["Dropkick","Wild Strike","Headbutt"],"picked":"SKIP","floor":2},{"not_picked":["Sword Boomerang","Entrench"],"picked":"Feed","floor":3},{"not_picked":["Havoc","Power Through"],"picked":"Cleave","floor":5},{"not_picked":["Body Slam","Dropkick","Armaments"],"picked":"SKIP","floor":6},{"not_picked":["Rage","Anger"],"picked":"Shrug It Off","floor":8},{"not_picked":["Warcry","Carnage","Berserk+1"],"picked":"SKIP","floor":11},{"not_picked":["Dual Wield","Pummel"],"picked":"Ghostly Armor","floor":12},{"not_picked":["Reckless Charge","Corruption+1"],"picked":"Shrug It Off","floor":13},{"not_picked":["Blood for Blood","Thunderclap","Dropkick"],"picked":"SKIP","floor":14}],"player_experience":414712,"relics_obtained":[{"floor":6,"key":"War Paint"},{"floor":8,"key":"Frozen Egg 2"},{"floor":9,"key":"Strawberry"},{"floor":11,"key":"Whetstone"},{"floor":12,"key":"Odd Mushroom"},{"floor":14,"key":"Regal Pillow"}],"event_choices":[{"event_name":"Mushrooms","player_choice":"Fought Mushrooms","floor":12,"damage_taken":0}],"boss_relics":[],"items_purged_floors":[4],"is_endless":false,"potions_floor_spawned":[1,3,8,12],"killed_by":"Slime Boss","ascension_level":11}