{"gold_per_floor":[111,127,138,157,157,157,157,157,181,250,98,98,119,143,143,271,271,289,312,312,138,237,281,281,281,281,281,301,301,301,321,321,441,441,465,270,270,295,295,295,319,319,319,319,319,342,95,95],"floor_reached":48,"playtime":2702,"items_purged":["Strike_B","Defend_B","Strike_B","Writhe"],"score":538,"play_id":"a77c348d-3d5f-40df-8570-4881cefb9c0a","local_time":"20180627004102","is_ascension_mode":true,"campfire_choices":[{"data":"Dualcast","floor":6,"key":"SMITH"},{"data":"Machine Learning","floor":8,"key":"SMITH"},{"data":"Glacier","floor":15,"key":"SMITH"},{"floor":24,"key":"REST"},{"data":"Echo Form","floor":27,"key":"SMITH"},{"data":"Fission","floor":29,"key":"SMITH"},{"data":"Glacier","floor":32,"key":"SMITH"},{"floor":40,"key":"REST"},{"floor":42,"key":"REST"},{"data":"Zap","floor":44,"key":"SMITH"}],"neow_cost":"NONE","seed_source_timestamp":23531347681482,"circlet_count":0,"master_deck":["Strike_B","Strike_B+1","Defend_B","Defend_B","Defend_B","Zap+1","Dualcast+1","Cold Snap","Conserve Battery+1","Machine Learning+1","Rip and Tear","Glacier+1","Melter+1","Glacier+1","Fission+1","Turbo","Echo Form+1","Defragment+1","Thunder Strike","Capacitor","Self Repair+1"],"relics":["Cracked Core","Golden Idol","Vajra","Tiny Chest","Turnip","Runic Dome","Bottled Lightning","Whetstone","Torii","Cursed Key","Dead Branch"],"potions_floor_usage":[2,4,10,10,16,18,31,33,46,48],"damage_taken":[{"damage":2,"enemies":"Jaw Worm","floor":1,"turns":3},{"damage":0,"enemies":"2 Louse","floor":2,"turns":2},{"damage":0,"enemies":"Cultist","floor":3,"turns":4},{"damage":2,"enemies":"2 Fungi Beasts","floor":4,"turns":3},{"damage":6,"enemies":"3 Sentries","floor":10,"turns":6},{"damage":0,"enemies":"Blue Slaver","floor":13,"turns":2},{"damage":10,"enemies":"Exordium Thugs","floor":14,"turns":6},{"damage":15,"enemies":"The Guardian","floor":16,"turns":12},{"damage":8,"enemies":"Chosen","floor":18,"turns":6},{"damage":0,"enemies":"Shell Parasite","floor":19,"turns":7},{"damage":61,"enemies":"Slavers","floor":23,"turns":16},{"damage":13,"enemies":"Centurion and Healer","floor":28,"turns":8},{"damage":0,"enemies":"Cultist and Chosen","floor":31,"turns":8},{"damage":8,"enemies":"Champ","floor":33,"turns":16},{"damage":41,"enemies":"3 Darklings","floor":35,"turns":8},{"damage":25,"enemies":"3 Shapes","floor":38,"turns":6},{"damage":38,"enemies":"3 Darklings","floor":41,"turns":9},{"damage":19,"floor":45,"turns":10},{"damage":22,"enemies":"4 Shapes","floor":46,"turns":5},{"damage":17,"enemies":"Maw","floor":48,"turns":2}],"seed_played":"-1073829705761527920","potions_obtained":[{"floor":2,"key":"FearPotion"},{"floor":14,"key":"LiquidBronze"},{"floor":16,"key":"Block Potion"},{"floor":23,"key":"AttackPotion"},{"floor":31,"key":"SkillPotion"},{"floor":38,"key":"Block Potion"},{"floor":46,"key":"Ancient Potion"}],"is_trial":false,"path_per_floor":["M","M","M","M","?","R","?","R","T","E","$","T","M","M","R","B",null,"M","M","T","$","?","E","R","?","T","R","M","R","?","M","R","B",null,"M","$","?","M","?","R","M","R","T","R","?","M","$"],"character_chosen":"DEFECT","items_purchased":["Glacier","Echo Form","Capacitor","PowerPotion","Weak Potion"],"campfire_rested":3,"item_purchase_floors":[11,21,36,47,47],"current_hp_per_floor":[73,73,73,71,53,53,53,53,53,47,47,47,47,37,37,22,75,67,67,67,67,67,6,28,53,53,53,40,40,40,40,40,32,75,34,34,34,9,28,50,12,34,34,34,25,13,13,0],"gold":95,"neow_bonus":"THREE_SMALL_POTIONS","is_prod":false,"is_daily":false,"chose_seed":false,"campfire_upgraded":7,"win_rate":0,"timestamp":1530074462,"path_taken":["M","M","M","M","?","R","?","R","T","E","$","?","M","M","R","BOSS","M","M","?","$","?","E","R","?","T","R","M","R","?","?","R","BOSS","M","$","?","M","?","R","M","R","T","R","?","M","$","?"],"build_version":"2018-06-21v2","purchased_purges":4,"victory":false,"max_hp_per_floor":[75,75,75,75,75,75,75,75,75,75,75,75,75,75,75,75,75,75,75,75,75,75,75,75,75,75,75,75,75,75,75,75,75,75,75,75,75,75,75,75,75,75,75,75,75,75,75,75],"card_choices":[{"not_picked":["Force Field","Beam Cell"],"picked":"Cold Snap","floor":1},{"not_picked":["Gash","Barrage"],"picked":"Conserve Battery","floor":2},{"not_picked":["Stack","Steam","Barrage"],"picked":"SKIP","floor":3},{"not_picked":["Compile Driver","Barrage"],"picked":"Machine Learning","floor":4},{"not_picked":["Genetic Algorithm","Hologram"],"picked":"Rip and Tear","floor":10},{"not_picked":["Go for the Eyes","Redo"],"picked":"Melter","floor":13},{"not_picked":["Static Discharge","Steam"],"picked":"Glacier","floor":14},{"not_picked":["Buffer","All For One"],"picked":"Fission","floor":16},{"not_picked":["Beam Cell","Gash+1","Storm"],"picked":"SKIP","floor":18},{"not_picked":["Go for the Eyes","Cold Snap"],"picked":"Turbo","floor":19},{"not_picked":["Sunder","Turbo"],"picked":"Defragment+1","floor":23},{"not_picked":["Sweeping Beam","Leap","Gash+1"],"picked":"SKIP","floor":28},{"not_picked":["Steam Power","Cold Snap","Beam Cell"],"picked":"SKIP","floor":31},{"not_picked":["Amplify","Electrodynamics"],"picked":"Thunder Strike","floor":33},{"not_picked":["Cold Snap+1","Beam Cell+1","Turbo"],"picked":"SKIP","floor":35},{"not_picked":["Go for the Eyes+1","Rip and Tear","Redo+1"],"picked":"SKIP","floor":38},{"not_picked":["Heatsinks+1","Double Energy"],"picked":"Self Repair+1","floor":41},{"not_picked":["Chaos+1","Coolheaded","Steam"],"picked":"SKIP","floor":46}],"player_experience":325823,"relics_obtained":[{"floor":9,"key":"Vajra"},{"floor":10,"key":"Tiny Chest"},{"floor":12,"key":"Turnip"},{"floor":20,"key":"Bottled Lightning"},{"floor":23,"key":"Whetstone"},{"floor":26,"key":"Torii"},{"floor":45,"key":"Dead Branch"}],"event_choices":[{"event_name":"Golden Idol","player_choice":"Take Damage","floor":5,"damage_taken":0},{"event_name":"Upgrade Shrine","player_choice":"Upgraded","floor":7,"damage_taken":0},{"event_name":"Nest","player_choice":"Stole From Cult","floor":22,"damage_taken":0},{"event_name":"The Library","player_choice":"Heal","floor":25,"damage_taken":0},{"event_name":"Drug Dealer","player_choice":"Ignored","floor":30,"damage_taken":0},{"event_name":"Tomb of Lord Red Mask","player_choice":"Ignored","floor":37,"damage_taken":0},{"event_name":"Winding Halls","player_choice":"Writhe","floor":39,"damage_taken":0},{"event_name":"MindBloom","player_choice":"Fight","floor":45,"damage_taken":0}],"boss_relics":[{"not_picked":["Pandora\u0027s Box","Eternal Feather"],"picked":"Runic Dome"},{"not_picked":["Snecko Eye","Busted Crown"],"picked":"Cursed Key"}],"items_purged_floors":[11,21,36,47],"is_endless":false,"potions_floor_spawned":[1,2,14,16,23,31,38,46],"killed_by":"Maw","ascension_level":4}