{"gold_per_floor":[18,30,30,49,49,49,49,92,92,92,131,146,146,167,167,266,266,285,34,57,72,72,72,72],"floor_reached":24,"playtime":1088,"items_purged":["Defend_B"],"score":381,"play_id":"66be5fde-d537-4684-88c5-927f46edf4db","local_time":"20180920203304","is_ascension_mode":true,"campfire_choices":[{"data":"Zap","floor":6,"key":"SMITH"},{"floor":10,"key":"REST"},{"data":"Coolheaded","floor":13,"key":"SMITH"},{"data":"Dualcast","floor":15,"key":"SMITH"},{"data":"Blizzard","floor":23,"key":"SMITH"}],"neow_cost":"NO_GOLD","seed_source_timestamp":448167786210492,"circlet_count":0,"master_deck":["Strike_B+1","Strike_B+1","Zap+1","Dualcast+1","AscendersBane","BootSequence","Conserve Battery+1","Leap","Self Repair","Beam Cell","Coolheaded+1","Blizzard+1","Machine Learning","Sweeping Beam","BootSequence","Thunder Strike"],"special_seed":0,"relics":["Cracked Core","Golden Idol","Darkstone Periapt","Whetstone","Girya","Empty Cage","Anchor"],"potions_floor_usage":[8,8,18,20],"damage_taken":[{"damage":2,"enemies":"Jaw Worm","floor":1,"turns":3},{"damage":7,"enemies":"Small Slimes","floor":2,"turns":4},{"damage":0,"enemies":"Cultist","floor":4,"turns":3},{"damage":10,"enemies":"Gremlin Nob","floor":8,"turns":4},{"damage":21,"enemies":"3 Sentries","floor":11,"turns":10},{"damage":6,"enemies":"3 Louse","floor":12,"turns":3},{"damage":0,"enemies":"Blue Slaver","floor":14,"turns":3},{"damage":2,"enemies":"The Guardian","floor":16,"turns":15},{"damage":24,"enemies":"2 Thieves","floor":18,"turns":4},{"damage":21,"enemies":"Chosen","floor":20,"turns":7},{"damage":19,"enemies":"Snecko","floor":21,"turns":7},{"damage":13,"enemies":"Colosseum Slavers","floor":22,"turns":5},{"damage":12,"enemies":"Shelled Parasite and Fungi","floor":24,"turns":2}],"seed_played":"7134304888177650506","potions_obtained":[{"floor":1,"key":"Block Potion"},{"floor":2,"key":"PowerPotion"},{"floor":14,"key":"Fire Potion"},{"floor":18,"key":"Weak Potion"}],"is_trial":false,"path_per_floor":["M","M","?","M","?","R","?","E","T","R","E","M","R","M","R","B",null,"M","$","M","M","?","R"],"character_chosen":"DEFECT","items_purchased":["Anchor"],"campfire_rested":1,"item_purchase_floors":[19],"current_hp_per_floor":[62,55,55,55,48,48,29,19,19,38,24,25,25,32,32,37,57,40,40,26,14,8,8,0],"gold":72,"neow_bonus":"REMOVE_TWO","is_prod":false,"is_daily":false,"chose_seed":false,"campfire_upgraded":4,"win_rate":0,"timestamp":1537489984,"path_taken":["M","M","?","?","?","R","?","E","T","R","E","?","R","M","R","BOSS","M","$","M","M","?","R","M"],"build_version":"2018-09-20","purchased_purges":1,"victory":false,"max_hp_per_floor":[71,71,64,64,64,64,64,64,64,64,64,64,64,64,64,64,64,64,64,64,64,64,64,64],"card_choices":[{"not_picked":["Heatsinks","Redo"],"picked":"BootSequence","floor":1},{"not_picked":["Steam","Leap"],"picked":"Conserve Battery","floor":2},{"not_picked":["Steam Power","Hologram"],"picked":"Leap","floor":4},{"not_picked":["Doom and Gloom","Rebound"],"picked":"Self Repair","floor":8},{"not_picked":["Melter","Force Field"],"picked":"Beam Cell","floor":11},{"not_picked":["Storm","Rebound"],"picked":"Coolheaded","floor":12},{"not_picked":["Hologram","Rip and Tear"],"picked":"Blizzard","floor":14},{"not_picked":["Seek","Fission"],"picked":"Machine Learning","floor":16},{"not_picked":["Hologram","Redo"],"picked":"Sweeping Beam","floor":18},{"not_picked":["Turbo","Hologram"],"picked":"BootSequence","floor":20},{"not_picked":["Hello World","Compile Driver"],"picked":"Thunder Strike","floor":21}],"player_experience":675137,"relics_obtained":[{"floor":8,"key":"Darkstone Periapt"},{"floor":9,"key":"Whetstone"},{"floor":11,"key":"Girya"}],"event_choices":[{"event_name":"Golden Idol","player_choice":"Lose Max HP","floor":3,"damage_taken":0},{"event_name":"Golden Wing","player_choice":"Card Removal","floor":5,"damage_taken":0},{"event_name":"Shining Light","player_choice":"Entered Light","floor":7,"damage_taken":0},{"event_name":"Colosseum","player_choice":"Fight","floor":22,"damage_taken":0},{"event_name":"Colosseum","player_choice":"Fled From Nobs","floor":22,"damage_taken":0}],"is_beta":false,"boss_relics":[{"not_picked":["FrozenCore","Tiny House"],"picked":"Empty Cage"}],"items_purged_floors":[19],"is_endless":false,"potions_floor_spawned":[1,2,4,14,18,22],"killed_by":"Shelled Parasite and Fungi","ascension_level":17}