{"gold_per_floor":[12,23,42,62,27,54,72,102,102,120,133,133,190,202,202,280,280,295,295],"floor_reached":19,"playtime":859,"items_purged":[],"score":408,"play_id":"a3ed0bdb-a497-4540-b8f6-f387312931f5","local_time":"20180814210925","is_ascension_mode":true,"campfire_choices":[{"floor":15,"key":"REST"}],"neow_cost":"NO_GOLD","seed_source_timestamp":6478273569677,"circlet_count":0,"master_deck":["Strike_B","Strike_B","Strike_B","Defend_B","Defend_B","Defend_B","Defend_B","Zap+1","Dualcast+1","AscendersBane","Coolheaded","Beam Cell","Leap","Sweeping Beam","Sweeping Beam","Streamline","Scrape","Turbo","FTL","Defragment","Gash+1","Reboot"],"relics":["Cracked Core","Ice Cream","War Paint","Mango","Kunai","Molten Egg 2","Cursed Key"],"potions_floor_usage":[4,6,8,14,16],"damage_taken":[{"damage":2,"enemies":"Jaw Worm","floor":1,"turns":3},{"damage":5,"enemies":"2 Louse","floor":2,"turns":5},{"damage":0,"enemies":"Small Slimes","floor":3,"turns":3},{"damage":0,"enemies":"Looter","floor":4,"turns":4},{"damage":32,"enemies":"Gremlin Nob","floor":6,"turns":4},{"damage":16,"enemies":"Lots of Slimes","floor":7,"turns":3},{"damage":16,"enemies":"Lagavulin","floor":8,"turns":5},{"damage":1,"enemies":"3 Louse","floor":10,"turns":3},{"damage":0,"enemies":"Large Slime","floor":11,"turns":2},{"damage":11,"enemies":"3 Sentries","floor":13,"turns":5},{"damage":2,"enemies":"Looter","floor":14,"turns":3},{"damage":0,"enemies":"Slime Boss","floor":16,"turns":9},{"damage":22,"enemies":"2 Thieves","floor":18,"turns":3},{"damage":56,"floor":19,"turns":3}],"seed_played":"5136857213284922876","potions_obtained":[{"floor":3,"key":"Weak Potion"},{"floor":4,"key":"LiquidBronze"},{"floor":6,"key":"Poison Potion"},{"floor":10,"key":"Weak Potion"},{"floor":13,"key":"AttackPotion"}],"is_trial":false,"path_per_floor":["M","M","M","M","?","E","M","E","T","M","M","?","?","M","R","B",null,"M"],"character_chosen":"DEFECT","items_purchased":[],"campfire_rested":1,"item_purchase_floors":[],"current_hp_per_floor":[62,57,57,57,71,39,23,21,21,20,20,20,9,7,32,32,72,50,0],"gold":295,"neow_bonus":"ONE_RARE_RELIC","is_prod":false,"is_daily":false,"chose_seed":false,"campfire_upgraded":0,"win_rate":0,"timestamp":1534295365,"path_taken":["M","M","M","M","?","E","M","E","T","M","M","?","?","M","R","BOSS","M","?"],"build_version":"2018-08-09","purchased_purges":0,"victory":false,"max_hp_per_floor":[71,71,71,71,71,71,71,85,85,85,85,85,85,85,85,85,85,85,85],"card_choices":[{"not_picked":["Cold Snap","Steam"],"picked":"Coolheaded","floor":1},{"not_picked":["Doom and Gloom","Steam Power"],"picked":"Beam Cell","floor":2},{"not_picked":["Static Discharge","Steam"],"picked":"Leap","floor":3},{"not_picked":["Fusion","Go for the Eyes"],"picked":"Sweeping Beam","floor":4},{"not_picked":["Gash","Storm"],"picked":"Sweeping Beam","floor":6},{"not_picked":["Beam Cell","Gash"],"picked":"Streamline","floor":7},{"not_picked":["Thunder Strike","Steam Power"],"picked":"Scrape","floor":8},{"not_picked":["Hello World","Force Field"],"picked":"Turbo","floor":10},{"not_picked":["Sweeping Beam","Stack"],"picked":"FTL","floor":11},{"not_picked":["Turbo","Sweeping Beam"],"picked":"Defragment","floor":13},{"not_picked":["Coolheaded","Redo"],"picked":"Gash+1","floor":14},{"not_picked":["Creative AI","Buffer"],"picked":"Reboot","floor":16},{"not_picked":["Undo","Ball Lightning+1","Hello World+1"],"picked":"SKIP","floor":18}],"player_experience":579035,"relics_obtained":[{"floor":6,"key":"War Paint"},{"floor":8,"key":"Mango"},{"floor":9,"key":"Kunai"},{"floor":13,"key":"Molten Egg 2"}],"event_choices":[{"event_name":"The Cleric","player_choice":"Healed","floor":5,"damage_taken":0},{"event_name":"Purifier","player_choice":"One Purge","floor":12,"damage_taken":0},{"event_name":"Dead Adventurer","player_choice":"Searched \u00271\u0027 times","floor":13,"damage_taken":0},{"event_name":"Masked Bandits","player_choice":"Fought Bandits","floor":19,"damage_taken":0}],"is_beta":false,"boss_relics":[{"not_picked":["Lizard Tail","Eternal Feather"],"picked":"Cursed Key"}],"items_purged_floors":[],"is_endless":false,"potions_floor_spawned":[3,4,6,10,13],"ascension_level":15}