{"gold_per_floor":[116,116,135,67,67,102,102,129,129,129,141,176,187,202,202,303,303,318,318,335,434,36,36,69,79,105,117,167,167,192,210,210,311,311,331,342,353,365,385,413,413,433,433,462,482,513,525,540,540,540],"floor_reached":51,"playtime":3561,"items_purged":[],"score":1166,"play_id":"4e8ce853-6219-40c6-89fd-c3eda868cc4d","local_time":"20190117100110","is_ascension_mode":true,"campfire_choices":[{"floor":7,"key":"REST"},{"data":"Thunder Strike","floor":15,"key":"SMITH"},{"floor":23,"key":"REST"},{"data":"Electrodynamics","floor":29,"key":"SMITH"},{"floor":32,"key":"REST"},{"floor":41,"key":"REST"},{"floor":49,"key":"REST"}],"neow_cost":"NONE","seed_source_timestamp":660035680234569,"circlet_count":0,"master_deck":["Zap+1","Dualcast+1","Reboot+1","Beam Cell","Beam Cell","Thunder Strike+1","Conserve Battery+1","Parasite","Ball Lightning","BootSequence+1","All For One","Conserve Battery+1","Coolheaded+1","Force Field+1","Cold Snap","Fission+1","Electrodynamics+1","Chill+1","Hyperbeam","Redo+1","Hologram+1","Metamorphosis+1","Self Repair","FTL","Dark Shackles+1","Leap+1","Turbo+1","Defragment+1","Redo+1","Fission+1","BootSequence+1","Hologram+1","Steam+1","Gash+1","Steam+1","Reprogram+1","Steam+1","Redo+1","Parasite","Steam Power+1","Go for the Eyes+1","FTL","Go for the Eyes"],"relics":["Cracked Core","Toxic Egg 2","Blood Vial","Singing Bowl","Torii","Pandora\u0027s Box","Bronze Scales","War Paint","Prayer Wheel","Fusion Hammer","Nunchaku","Vajra","Bag of Marbles","Incense Burner"],"potions_floor_usage":[12,12,16,27,33,38,42,50,50],"damage_taken":[{"damage":1,"enemies":"Cultist","floor":1,"turns":4},{"damage":0,"enemies":"Small Slimes","floor":3,"turns":3},{"damage":24,"enemies":"Gremlin Nob","floor":6,"turns":4},{"damage":9,"enemies":"3 Sentries","floor":8,"turns":6},{"damage":0,"enemies":"2 Louse","floor":11,"turns":1},{"damage":19,"enemies":"Lagavulin","floor":12,"turns":5},{"damage":0,"enemies":"Exordium Wildlife","floor":13,"turns":3},{"damage":0,"enemies":"3 Louse","floor":14,"turns":3},{"damage":38,"enemies":"Hexaghost","floor":16,"turns":11},{"damage":0,"enemies":"Shell Parasite","floor":18,"turns":3},{"damage":0,"enemies":"3 Byrds","floor":20,"turns":4},{"damage":22,"enemies":"Book of Stabbing","floor":24,"turns":4},{"damage":0,"enemies":"3 Cultists","floor":25,"turns":2},{"damage":8,"enemies":"Centurion and Healer","floor":27,"turns":6},{"damage":16,"enemies":"Slavers","floor":30,"turns":3},{"damage":0,"enemies":"Shelled Parasite and Fungi","floor":31,"turns":3},{"damage":0,"enemies":"Automaton","floor":33,"turns":6},{"damage":9,"enemies":"Orb Walker","floor":35,"turns":2},{"damage":16,"enemies":"3 Shapes","floor":36,"turns":4},{"damage":0,"enemies":"Sphere and 2 Shapes","floor":37,"turns":2},{"damage":11,"enemies":"Maw","floor":38,"turns":5},{"damage":12,"enemies":"Spire Growth","floor":39,"turns":5},{"damage":0,"enemies":"Reptomancer","floor":40,"turns":4},{"damage":23,"enemies":"Sphere and 2 Shapes","floor":42,"turns":5},{"damage":18,"enemies":"Giant Head","floor":44,"turns":6},{"damage":1,"enemies":"Writhing Mass","floor":45,"turns":5},{"damage":36,"enemies":"Nemesis","floor":46,"turns":7},{"damage":0,"enemies":"3 Darklings","floor":47,"turns":2},{"damage":0,"enemies":"Maw","floor":48,"turns":7},{"damage":16,"enemies":"Donu and Deca","floor":50,"turns":8}],"seed_played":"6064966004435520029","potions_obtained":[{"floor":3,"key":"Energy Potion"},{"floor":11,"key":"Swift Potion"},{"floor":12,"key":"Block Potion"},{"floor":14,"key":"Ancient Potion"},{"floor":24,"key":"AttackPotion"},{"floor":30,"key":"SteroidPotion"},{"floor":31,"key":"Weak Potion"},{"floor":37,"key":"Swift Potion"},{"floor":38,"key":"Strength Potion"},{"floor":40,"key":"Explosive Potion"},{"floor":44,"key":"SpeedPotion"},{"floor":45,"key":"Fire Potion"}],"is_trial":false,"path_per_floor":["M","?","M","$","?","E","R","E","T","?","M","E","M","M","R","B",null,"M","?","M","?","$","R","E","M","T","M","?","R","E","M","R","B",null,"M","M","M","M","M","E","R","M","T","E","M","E","M","M","R","B",null],"character_chosen":"DEFECT","items_purchased":["Thunder Strike","Metamorphosis+1","Self Repair","FTL","Dark Shackles+1"],"campfire_rested":5,"item_purchase_floors":[4,22,22,22,22],"current_hp_per_floor":[74,74,74,74,59,35,57,48,48,66,70,53,55,59,59,23,65,67,52,54,54,54,79,61,63,63,64,64,64,50,54,80,88,88,88,83,87,87,79,81,98,84,84,75,78,51,53,66,97,90],"gold":540,"neow_bonus":"ONE_RANDOM_RARE_CARD","is_prod":false,"is_daily":false,"chose_seed":false,"campfire_upgraded":2,"win_rate":0,"timestamp":1547737270,"path_taken":["M","?","?","$","?","E","R","E","T","?","?","E","M","M","R","BOSS","M","?","M","?","$","R","E","M","T","M","?","R","E","?","R","BOSS","M","M","M","M","M","E","R","M","T","E","M","E","M","M","R","BOSS"],"build_version":"2019-01-10","purchased_purges":0,"victory":true,"max_hp_per_floor":[75,75,75,75,75,75,75,75,75,75,77,77,77,79,79,79,79,79,84,84,84,84,84,86,86,86,86,86,86,86,88,88,88,88,90,92,94,96,98,98,98,100,100,100,102,102,102,106,106,106],"card_choices":[{"not_picked":["Compile Driver","Skim"],"picked":"Beam Cell","floor":1},{"not_picked":["Glacier","Redo"],"picked":"Beam Cell","floor":3},{"not_picked":["Coolheaded","Scrape"],"picked":"Conserve Battery","floor":6},{"not_picked":["Compile Driver","Reprogram+1","Melter"],"picked":"SKIP","floor":8},{"not_picked":["Streamline","Undo+1","Beam Cell"],"picked":"Singing Bowl","floor":11},{"not_picked":["Turbo+1","Glacier+1"],"picked":"Ball Lightning","floor":12},{"not_picked":["Amplify+1","FTL"],"picked":"BootSequence+1","floor":13},{"not_picked":["Scrape","Gash","FTL"],"picked":"Singing Bowl","floor":14},{"not_picked":["Biased Cognition","Multi-Cast+1"],"picked":"All For One","floor":16},{"not_picked":["Coolheaded+1","Compile Driver"],"picked":"Redo+1","floor":18},{"not_picked":["Barrage","Heatsinks"],"picked":"Hologram+1","floor":20},{"not_picked":["Meteor Strike","Scrape+1","Electrodynamics"],"picked":"Singing Bowl","floor":24},{"not_picked":["Streamline","Barrage"],"picked":"Leap+1","floor":25},{"not_picked":["Loop+1","Rebound+1"],"picked":"Turbo+1","floor":27},{"not_picked":["Sweeping Beam+1","Barrage"],"picked":"Defragment+1","floor":30},{"not_picked":["Static Discharge","Genetic Algorithm+1","Melter"],"picked":"Singing Bowl","floor":31},{"not_picked":["Amplify+1","Streamline"],"picked":"Redo+1","floor":31},{"not_picked":["Echo Form","Machine Learning"],"picked":"Fission+1","floor":33},{"not_picked":["Streamline+1","Doom and Gloom+1","Sweeping Beam+1"],"picked":"Singing Bowl","floor":35},{"not_picked":["Storm+1","Coolheaded+1"],"picked":"BootSequence+1","floor":35},{"not_picked":["Aggregate+1","Doom and Gloom+1"],"picked":"Hologram+1","floor":36},{"not_picked":["Coolheaded+1","Rebound+1","Conserve Battery+1"],"picked":"Singing Bowl","floor":36},{"not_picked":["Darkness+1","Amplify+1","Hologram+1"],"picked":"Singing Bowl","floor":37},{"not_picked":["BootSequence+1","Conserve Battery+1"],"picked":"Steam+1","floor":37},{"not_picked":["Barrage","Compile Driver+1"],"picked":"Gash+1","floor":38},{"not_picked":["Barrage","Conserve Battery+1","Melter"],"picked":"Singing Bowl","floor":38},{"not_picked":["Force Field+1","Scrape+1"],"picked":"Steam+1","floor":39},{"not_picked":["Genetic Algorithm+1","Hologram+1","Reinforced Body+1"],"picked":"Singing Bowl","floor":39},{"not_picked":["Ball Lightning","Sweeping Beam+1"],"picked":"Reprogram+1","floor":40},{"not_picked":["Stack+1","Electrodynamics"],"picked":"Steam+1","floor":42},{"not_picked":["Coolheaded+1","Stack+1","Sweeping Beam+1"],"picked":"Singing Bowl","floor":42},{"not_picked":["Storm","Reprogram+1"],"picked":"Redo+1","floor":44},{"not_picked":["Heatsinks+1","Cold Snap","Capacitor"],"picked":"Singing Bowl","floor":45},{"not_picked":["Steam+1","Heatsinks+1"],"picked":"Steam Power+1","floor":45},{"not_picked":["Buffer","Force Field+1"],"picked":"Go for the Eyes+1","floor":46},{"not_picked":["Sweeping Beam","Barrage"],"picked":"FTL","floor":47},{"not_picked":["Blizzard","Chaos+1"],"picked":"Go for the Eyes","floor":47},{"not_picked":["Darkness+1","Conserve Battery+1","Barrage"],"picked":"Singing Bowl","floor":48},{"not_picked":["Barrage+1","Rebound+1","Sweeping Beam"],"picked":"Singing Bowl","floor":48}],"player_experience":119904,"relics_obtained":[{"floor":6,"key":"Toxic Egg 2"},{"floor":8,"key":"Blood Vial"},{"floor":9,"key":"Singing Bowl"},{"floor":12,"key":"Torii"},{"floor":24,"key":"Bronze Scales"},{"floor":26,"key":"War Paint"},{"floor":30,"key":"Prayer Wheel"},{"floor":40,"key":"Nunchaku"},{"floor":43,"key":"Vajra"},{"floor":44,"key":"Bag of Marbles"},{"floor":46,"key":"Incense Burner"}],"event_choices":[{"damage_healed":0,"gold_gain":0,"player_choice":"Forge","damage_taken":0,"max_hp_gain":0,"max_hp_loss":0,"event_name":"Accursed Blacksmith","floor":2,"gold_loss":0,"cards_upgraded":["Zap"]},{"damage_healed":0,"gold_gain":0,"player_choice":"Entered Light","damage_taken":15,"max_hp_gain":0,"max_hp_loss":0,"event_name":"Shining Light","floor":5,"gold_loss":0,"cards_upgraded":["Defend_B","Defend_B"]},{"damage_healed":18,"gold_gain":0,"player_choice":"Healed and dodged fight","damage_taken":0,"max_hp_gain":0,"max_hp_loss":0,"event_name":"Mushrooms","floor":10,"gold_loss":0,"cards_obtained":["Parasite"]},{"damage_healed":0,"gold_gain":0,"player_choice":"Shed Blood","damage_taken":20,"max_hp_gain":5,"max_hp_loss":0,"event_name":"Forgotten Altar","floor":19,"gold_loss":0},{"damage_healed":0,"gold_gain":99,"player_choice":"Stole From Cult","damage_taken":0,"max_hp_gain":0,"max_hp_loss":0,"event_name":"Nest","floor":21,"gold_loss":0},{"damage_healed":0,"gold_gain":100,"player_choice":"Bet on Murderer","damage_taken":0,"max_hp_gain":0,"max_hp_loss":0,"event_name":"The Joust","floor":28,"gold_loss":50}],"is_beta":false,"boss_relics":[{"not_picked":["Runic Dome","Coffee Dripper"],"picked":"Pandora\u0027s Box"},{"not_picked":["Calling Bell","White Beast Statue"],"picked":"Fusion Hammer"}],"items_purged_floors":[],"is_endless":false,"potions_floor_spawned":[3,11,12,14,24,30,31,37,38,40,44,45,48],"ascension_level":5}