{"gold_per_floor":[109,59,59,78,94,94,129,143,143,178,189,189],"floor_reached":12,"playtime":445,"items_purged":[],"score":117,"play_id":"cc3f3f9b-0faf-48bd-a500-488e33765adf","local_time":"20190118172944","is_ascension_mode":true,"campfire_choices":[{"data":"Redo","floor":6,"key":"SMITH"}],"neow_cost":"NONE","seed_source_timestamp":87007096929598,"circlet_count":0,"master_deck":["Strike_B","Strike_B","Strike_B","Defend_B","Defend_B","Defend_B","Defend_B","Zap+1","Dualcast","Stack","Ball Lightning","Redo+1","Creative AI","Aggregate","Leap","White Noise"],"relics":["Cracked Core","Boot","Orichalcum","Molten Egg 2"],"potions_floor_usage":[1,7,10,11,12],"damage_taken":[{"damage":2,"enemies":"Jaw Worm","floor":1,"turns":3},{"damage":0,"enemies":"Cultist","floor":4,"turns":3},{"damage":0,"enemies":"Small Slimes","floor":5,"turns":3},{"damage":16,"enemies":"Gremlin Nob","floor":7,"turns":4},{"damage":0,"enemies":"3 Louse","floor":8,"turns":3},{"damage":42,"enemies":"Lagavulin","floor":10,"turns":7},{"damage":3,"enemies":"Red Slaver","floor":11,"turns":3},{"damage":5,"enemies":"3 Sentries","floor":12,"turns":1}],"seed_played":"-3514381389998593224","potions_obtained":[{"floor":0,"key":"SpeedPotion"},{"floor":0,"key":"SpeedPotion"},{"floor":0,"key":"Energy Potion"},{"floor":4,"key":"Dexterity Potion"},{"floor":8,"key":"Explosive Potion"},{"floor":10,"key":"Ancient Potion"}],"is_trial":false,"path_per_floor":["M","?","?","M","M","R","E","M","T","E","M","E"],"character_chosen":"DEFECT","items_purchased":[],"campfire_rested":0,"item_purchase_floors":[],"current_hp_per_floor":[66,66,66,66,66,66,50,50,50,8,5,0],"gold":189,"neow_bonus":"THREE_SMALL_POTIONS","is_prod":false,"is_daily":false,"chose_seed":false,"campfire_upgraded":1,"win_rate":0,"timestamp":1547850584,"path_taken":["M","?","?","?","M","R","E","M","T","E","M","E"],"build_version":"2019-01-17v2","purchased_purges":0,"victory":false,"max_hp_per_floor":[75,75,75,75,75,75,75,75,75,75,75,75],"card_choices":[{"not_picked":["Streamline","Turbo"],"picked":"Stack","floor":1},{"not_picked":["Capacitor","Redo"],"picked":"Ball Lightning","floor":4},{"not_picked":["Streamline","Loop"],"picked":"Redo","floor":5},{"not_picked":["Undo","Turbo"],"picked":"Creative AI","floor":7},{"not_picked":["Gash","Barrage"],"picked":"Aggregate","floor":8},{"not_picked":["Gash","Barrage"],"picked":"Leap","floor":10},{"not_picked":["Coolheaded","Fusion"],"picked":"White Noise","floor":11}],"player_experience":163502,"relics_obtained":[{"floor":7,"key":"Boot"},{"floor":9,"key":"Orichalcum"},{"floor":10,"key":"Molten Egg 2"}],"event_choices":[{"cards_removed":["Strike_B"],"damage_healed":0,"gold_gain":0,"player_choice":"Card Removal","damage_taken":0,"max_hp_gain":0,"max_hp_loss":0,"event_name":"The Cleric","floor":2,"gold_loss":50},{"damage_healed":0,"gold_gain":0,"player_choice":"Upgraded","damage_taken":0,"max_hp_gain":0,"max_hp_loss":0,"event_name":"Upgrade Shrine","floor":3,"gold_loss":0,"cards_upgraded":["Zap"]}],"is_beta":false,"boss_relics":[],"items_purged_floors":[],"is_endless":false,"potions_floor_spawned":[4,8,10],"killed_by":"3 Sentries","ascension_level":6}