{"gold_per_floor":[116,127,147,160,29,29,62,62,137,163,238,238,238,254,254,254],"floor_reached":16,"playtime":740,"items_purged":[],"score":215,"play_id":"a2c2a266-8abf-43b7-a5d3-c60ffed62701","local_time":"20181019181732","is_ascension_mode":true,"campfire_choices":[{"floor":6.0,"key":"REST"},{"data":"Endless Agony","floor":8.0,"key":"SMITH"},{"floor":12.0,"key":"REST"},{"data":"Dagger Spray","floor":15.0,"key":"SMITH"}],"neow_cost":"PERCENT_DAMAGE","seed_source_timestamp":855455792067058,"circlet_count":0,"master_deck":["Defend_G","Defend_G","Defend_G","Defend_G","Strike_G","Strike_G","Strike_G","Strike_G","Survivor","Neutralize","AscendersBane","Quick Slash","Backflip","Endless Agony+1","Dagger Spray+1","Die Die Die","Backflip","Deflect","Parasite","Sucker Punch"],"special_seed":0,"relics":["Ring of the Snake","FossilizedHelix","Bottled Flame","Potion Belt","Singing Bowl"],"potions_floor_usage":[16],"damage_taken":[{"damage":3.0,"enemies":"Cultist","floor":1.0,"turns":5.0},{"damage":0.0,"enemies":"2 Louse","floor":2.0,"turns":2.0},{"damage":2.0,"enemies":"Jaw Worm","floor":3.0,"turns":7.0},{"damage":24.0,"enemies":"Large Slime","floor":4.0,"turns":10.0},{"damage":10.0,"enemies":"3 Sentries","floor":7.0,"turns":4.0},{"damage":15.0,"enemies":"Lagavulin","floor":10.0,"turns":9.0},{"damage":0.0,"enemies":"Red Slaver","floor":14.0,"turns":3.0},{"damage":34,"enemies":"Slime Boss","floor":16,"turns":9}],"seed_played":"-4189264172891212323","potions_obtained":[{"floor":4.0,"key":"Weak Potion"},{"floor":7.0,"key":"GhostInAJar"},{"floor":10.0,"key":"SmokeBomb"},{"floor":14.0,"key":"SkillPotion"}],"is_trial":false,"path_per_floor":["M","M","M","M","$","R","E","R","T","E","T","R","?","M","R"],"character_chosen":"THE_SILENT","items_purchased":["Strength Potion","Die Die Die"],"campfire_rested":2,"item_purchase_floors":[5,5],"current_hp_per_floor":[41,41,39,15,15,34,24,24,24,9,9,28,44,44,44,10],"gold":254,"neow_bonus":"REMOVE_TWO","is_prod":false,"is_daily":false,"chose_seed":false,"campfire_upgraded":2,"win_rate":0,"timestamp":1539987452,"path_taken":["M","M","M","?","$","R","E","R","T","E","?","R","?","M","R","BOSS"],"build_version":"2018-10-18","purchased_purges":0,"victory":false,"max_hp_per_floor":[66,66,66,66,66,66,66,66,66,66,66,66,66,66,66,66],"card_choices":[{"not_picked":["Prepared","Calculated Gamble"],"picked":"Quick Slash","floor":1.0},{"not_picked":["PiercingWail","Poisoned Stab"],"picked":"Backflip","floor":2.0},{"not_picked":["Deflect","Flechettes"],"picked":"Endless Agony","floor":3.0},{"not_picked":["Acrobatics","Sucker Punch"],"picked":"Dagger Spray","floor":4.0},{"not_picked":["Die Die Die","Bane"],"picked":"Backflip","floor":7.0},{"not_picked":["Outmaneuver","Bane"],"picked":"Deflect","floor":10.0},{"not_picked":["PiercingWail","Deadly Poison"],"picked":"Sucker Punch","floor":14.0}],"player_experience":770745,"relics_obtained":[{"floor":7.0,"key":"FossilizedHelix"},{"floor":9.0,"key":"Bottled Flame"},{"floor":10.0,"key":"Potion Belt"},{"floor":11.0,"key":"Singing Bowl"}],"event_choices":[{"damage_healed":16.0,"max_hp_gain":0.0,"max_hp_loss":0.0,"gold_gain":0.0,"event_name":"Mushrooms","player_choice":"Healed and dodged fight","floor":13.0,"gold_loss":0.0,"damage_taken":0.0,"cards_obtained":["Parasite"]}],"is_beta":false,"boss_relics":[],"items_purged_floors":[],"is_endless":false,"potions_floor_spawned":[4,7,10,14],"killed_by":"Slime Boss","ascension_level":19}