{"gold_per_floor":[117,130,130,130,37,37,65,65,65,65,65,65,65,83,83,188,188,204,204,223,223,223,223,251,251,324,324,337,337,337,436,436,436],"floor_reached":33,"playtime":932,"items_purged":[],"score":282,"play_id":"22532f25-8dd0-46ae-b11b-c23143ec306b","local_time":"20190523141558","is_ascension_mode":false,"campfire_choices":[{"floor":6,"key":"REST"},{"floor":8,"key":"REST"},{"floor":11,"key":"REST"},{"data":"Die Die Die","floor":13,"key":"SMITH"},{"data":"Caltrops","floor":15,"key":"SMITH"},{"data":"All Out Attack","floor":23,"key":"SMITH"},{"data":"Caltrops","floor":25,"key":"SMITH"},{"floor":27,"key":"REST"},{"data":"Backstab","floor":29,"key":"SMITH"},{"floor":32,"key":"REST"}],"neow_cost":"PERCENT_DAMAGE","seed_source_timestamp":594877762832600,"circlet_count":0,"master_deck":["Defend_G","Defend_G","Defend_G","Defend_G","Defend_G","Strike_G","Strike_G","Strike_G","Strike_G","Strike_G","Survivor","Neutralize","Slice","Blade Dance+1","Caltrops+1","Deadly Poison","Die Die Die+1","All Out Attack+1","After Image+1","Footwork+1","Writhe","Caltrops+1","Backstab+1"],"relics":["Ring of the Snake","Juzu Bracelet","Happy Flower","Unceasing Top","WristBlade","Smiling Mask","MutagenicStrength","Orichalcum","Ninja Scroll"],"potions_floor_usage":[10,10,16,24,24,33],"damage_taken":[{"damage":0,"enemies":"Small Slimes","floor":1,"turns":4},{"damage":1,"enemies":"Jaw Worm","floor":2,"turns":6},{"damage":31,"enemies":"3 Sentries","floor":7,"turns":8},{"damage":0,"enemies":"Cultist","floor":14,"turns":3},{"damage":40,"enemies":"Hexaghost","floor":16,"turns":9},{"damage":6,"enemies":"Spheric Guardian","floor":18,"turns":3},{"damage":7,"enemies":"3 Byrds","floor":20,"turns":2},{"damage":23,"enemies":"Book of Stabbing","floor":24,"turns":5},{"damage":12,"enemies":"Snake Plant","floor":28,"turns":4},{"damage":100,"enemies":"Champ","floor":33,"turns":13}],"seed_played":"-2831254761767216505","potions_obtained":[{"floor":2,"key":"AttackPotion"},{"floor":10,"key":"Fruit Juice"},{"floor":10,"key":"Fruit Juice"},{"floor":10,"key":"FearPotion"},{"floor":20,"key":"Dexterity Potion"},{"floor":24,"key":"GhostInAJar"}],"is_trial":false,"path_per_floor":["M","M","?","?","$","R","E","R","T","?","R","$","R","M","R","B",null,"M","?","M","?","?","R","E","R","T","R","M","R","?","?","R","B"],"character_chosen":"THE_SILENT","items_purchased":["Caltrops","Deadly Poison"],"campfire_rested":5,"item_purchase_floors":[5,5],"current_hp_per_floor":[63,62,62,29,29,54,23,48,48,58,86,86,86,86,86,46,94,88,88,81,81,81,81,58,58,58,86,74,74,55,55,84,0],"gold":436,"neow_bonus":"TWENTY_PERCENT_HP_BONUS","is_prod":false,"is_daily":false,"chose_seed":false,"campfire_upgraded":5,"win_rate":0,"timestamp":1558649758,"path_taken":["M","M","?","?","?","R","E","R","T","?","R","$","R","M","R","BOSS","M","?","M","?","?","R","E","R","T","R","M","R","?","?","R","BOSS"],"build_version":"2019-01-23","purchased_purges":0,"victory":false,"max_hp_per_floor":[84,84,84,84,84,84,84,84,84,94,94,94,94,94,94,94,94,94,94,94,94,94,94,94,94,94,94,94,94,99,99,99,99],"card_choices":[{"not_picked":["Dagger Spray","Dodge and Roll"],"picked":"Slice","floor":1},{"not_picked":["Outmaneuver","Riddle With Holes"],"picked":"Blade Dance","floor":2},{"not_picked":["Slice","Blade Dance"],"picked":"Die Die Die","floor":7},{"not_picked":["Sucker Punch","PiercingWail"],"picked":"All Out Attack","floor":14},{"not_picked":["Malaise","Storm of Steel"],"picked":"After Image","floor":16},{"not_picked":["Blur","Cloak And Dagger+1"],"picked":"Footwork+1","floor":18},{"not_picked":["Poisoned Stab","Prepared","Escape Plan+1"],"picked":"SKIP","floor":20},{"not_picked":["Accuracy","Blade Dance+1"],"picked":"Caltrops","floor":24},{"not_picked":["Deadly Poison","Poisoned Stab"],"picked":"Backstab","floor":28}],"player_experience":420550,"relics_obtained":[{"floor":7,"key":"Happy Flower"},{"floor":9,"key":"Unceasing Top"},{"floor":24,"key":"Orichalcum"},{"floor":26,"key":"Ninja Scroll"}],"event_choices":[{"damage_healed":0,"gold_gain":0,"player_choice":"Grow","damage_taken":0,"max_hp_gain":0,"max_hp_loss":0,"event_name":"Living Wall","floor":3,"gold_loss":0,"cards_upgraded":["Blade Dance"]},{"damage_healed":0,"gold_gain":0,"player_choice":"Success","damage_taken":33,"relics_obtained":["Juzu Bracelet"],"max_hp_gain":0,"max_hp_loss":0,"event_name":"Scrap Ooze","floor":4,"gold_loss":0},{"damage_healed":0,"gold_gain":0,"player_choice":"Got Potions","damage_taken":0,"max_hp_gain":0,"max_hp_loss":0,"event_name":"Lab","floor":10,"gold_loss":0},{"damage_healed":0,"gold_gain":0,"player_choice":"Forge","damage_taken":0,"max_hp_gain":0,"max_hp_loss":0,"event_name":"Accursed Blacksmith","floor":19,"gold_loss":0,"cards_upgraded":["After Image"]},{"damage_healed":0,"gold_gain":0,"player_choice":"Opened","damage_taken":0,"relics_obtained":["Smiling Mask"],"max_hp_gain":0,"max_hp_loss":0,"event_name":"The Mausoleum","floor":21,"gold_loss":0,"cards_obtained":["Writhe"]},{"damage_healed":0,"gold_gain":0,"player_choice":"Inject Mutagens","damage_taken":0,"relics_obtained":["MutagenicStrength"],"max_hp_gain":0,"max_hp_loss":0,"event_name":"Drug Dealer","floor":22,"gold_loss":0},{"damage_healed":0,"gold_gain":0,"player_choice":"Shed Blood","damage_taken":24,"max_hp_gain":5,"max_hp_loss":0,"event_name":"Forgotten Altar","floor":30,"gold_loss":0},{"damage_healed":0,"gold_gain":99,"player_choice":"Stole From Cult","damage_taken":0,"max_hp_gain":0,"max_hp_loss":0,"event_name":"Nest","floor":31,"gold_loss":0}],"is_beta":false,"boss_relics":[{"not_picked":["Busted Crown","Cursed Key"],"picked":"WristBlade"}],"items_purged_floors":[],"is_endless":false,"potions_floor_spawned":[2,20,24],"killed_by":"Champ","ascension_level":0}