{"path_per_floor":["M","?","M","M","M","R","$","M","T","M","R","E","?","M","R","B",null,"M","$","M","?","?","R","?","R","T","E","M","?","M","$","R","B",null,"M","?","?","M","$","R","?","R","T","M","R","?","M","M","R","B"],"character_chosen":"THE_SILENT","items_purchased":["Leg Sweep","Juzu Bracelet","Night Terror"],"gold_per_floor":[112,187,204,224,194,194,44,54,54,64,64,96,96,111,111,215,215,226,23,38,38,38,38,38,38,120,155,168,168,180,80,80,181,181,194,194,194,205,91,91,146,146,176,194,194,194,208,228,228,228],"floor_reached":51,"campfire_rested":3,"playtime":2786,"current_hp_per_floor":[53,42,42,42,41,41,41,38,38,37,58,58,70,67,67,59,67,67,67,52,52,52,52,36,57,57,41,40,64,61,61,61,63,71,71,71,71,71,71,74,68,76,76,75,78,68,62,52,80,47],"items_purged":["Strike_G","Strike_G","Strike_G"],"gold":228,"score":781,"play_id":"e73e1f90-fb5e-4ca8-adaa-9419ebba821d","is_prod":false,"is_daily":false,"is_ascension_mode":true,"campfire_upgraded":7,"path_taken":["M","?","M","M","M","R","$","?","T","M","R","E","?","M","R","BOSS","M","$","M","?","?","R","?","R","T","E","M","?","M","$","R","BOSS","M","?","?","M","$","R","?","R","T","M","R","?","M","M","R","BOSS"],"build_version":"2018-02-15-PROD1","purchased_purges":3,"victory":true,"master_deck":["Defend_G","Defend_G","Defend_G","Survivor","Neutralize","A Thousand Cuts+1","Backflip","PiercingWail","Blur+1","Leg Sweep+1","Predator+1","Footwork+1","Well Laid Plans","Wraith Form+1","Crippling Poison+1","Tools of the Trade+1","Cloak And Dagger+1","Writhe","Necronomicurse","Dash+1","Flying Knee+1","Acrobatics+1","Wraith Form+1","Dash+1","Night Terror","Madness","Madness","PiercingWail+1"],"max_hp_per_floor":[70,70,70,70,70,70,70,70,70,70,70,70,70,70,70,70,70,70,70,70,70,70,70,70,70,70,72,72,72,72,72,72,74,74,74,74,74,74,74,74,76,76,76,78,78,78,80,80,80,80],"relics":["Snecko Eye","Snake Skull","The Courier","Astrolabe","Juzu Bracelet","Toolbox","Necronomicon","Ornamental Fan","Singing Bowl","Eternal Feather","Ice Cream","Tiny Chest"],"card_choices":[{"not_picked":["Poisoned Stab","Calculated Gamble"],"picked":"A Thousand Cuts"},{"not_picked":["Terror","Dagger Spray"],"picked":"Backflip"},{"not_picked":["Outmaneuver","Caltrops"],"picked":"PiercingWail"},{"not_picked":["After Image","Backstab"],"picked":"Blur"},{"not_picked":["Flying Knee","Dodge and Roll"],"picked":"Predator"},{"not_picked":["Outmaneuver","Leg Sweep"],"picked":"Footwork"},{"not_picked":["Tactician","Masterful Stab"],"picked":"Well Laid Plans"},{"not_picked":["Die Die Die","Venomology"],"picked":"Wraith Form"},{"not_picked":["Backstab","Quick Slash"],"picked":"Dash"},{"not_picked":["Cloak And Dagger","Bane"],"picked":"Flying Knee"},{"not_picked":["Underhanded Strike","Concentrate"],"picked":"Acrobatics"},{"not_picked":["Dagger Spray","Distraction"],"picked":"Dash"},{"not_picked":["Finisher","Flying Knee"],"picked":"PiercingWail"}],"player_experience":227697,"potions_floor_usage":[5,12,16,27,30,41,50,50,50],"damage_taken":[{"damage":10,"enemies":"Jaw Worm","floor":1,"turns":8},{"damage":0,"enemies":"2 Louse","floor":3,"turns":3},{"damage":0,"enemies":"Cultist","floor":4,"turns":3},{"damage":1,"enemies":"Looter","floor":5,"turns":4},{"damage":3,"enemies":"2 Fungi Beasts","floor":8,"turns":5},{"damage":1,"enemies":"3 Louse","floor":10,"turns":4},{"damage":0,"enemies":"Lagavulin","floor":12,"turns":6},{"damage":3,"enemies":"Exordium Wildlife","floor":14,"turns":5},{"damage":8,"enemies":"Hexaghost","floor":16,"turns":12},{"damage":0,"enemies":"3 Byrds","floor":18,"turns":4},{"damage":15,"enemies":"2 Thieves","floor":20,"turns":4},{"damage":18,"enemies":"Gremlin Leader","floor":27,"turns":7},{"damage":1,"enemies":"Snake Plant","floor":28,"turns":4},{"damage":3,"enemies":"Centurion and Healer","floor":30,"turns":7},{"damage":0,"enemies":"Automaton","floor":33,"turns":9},{"damage":0,"enemies":"3 Darklings","floor":35,"turns":4},{"damage":0,"enemies":"Orb Walker","floor":38,"turns":3},{"damage":8,"enemies":"Mysterious Sphere","floor":41,"turns":5},{"damage":3,"enemies":"Sphere and 2 Shapes","floor":44,"turns":4},{"damage":8,"enemies":"4 Shapes","floor":47,"turns":4},{"damage":10,"enemies":"3 Darklings","floor":48,"turns":4},{"damage":33,"enemies":"Donu and Deca","floor":50,"turns":9}],"event_choices":[{"event_name":"World of Goop","player_choice":"Gather Gold","floor":2,"damage_taken":0},{"event_name":"Big Fish","player_choice":"Banana","floor":13,"damage_taken":0},{"event_name":"Addict","player_choice":"Ignored","floor":21,"damage_taken":0},{"event_name":"The Mausoleum","player_choice":"Yes","floor":22,"damage_taken":0},{"event_name":"Cursed Tome","player_choice":"Obtained Book","floor":24,"damage_taken":0},{"event_name":"The Library","player_choice":"Heal","floor":29,"damage_taken":0},{"event_name":"Duplicator","player_choice":"One dupe","floor":37,"damage_taken":0},{"event_name":"Mysterious Sphere","player_choice":"Fight","floor":41,"damage_taken":0},{"event_name":"Winding Halls","player_choice":"Embrace Madness","floor":46,"damage_taken":0}],"boss_relics":[{"not_picked":["Question Card","Lizard Tail"],"picked":"Astrolabe"},{"not_picked":["White Beast Statue","Velvet Choker"],"picked":"Eternal Feather"}],"potions_floor_spawned":[1,4,8,14,27,30,33,38,41],"seed_played":"-5042325516452795079","ascension_level":8,"is_trial":false}