{"path_per_floor":["M","M","M","?","?","E","R","M","T","M","R","M","?","?","R","B",null,"M","$","?","M","?","E","T","R","T","E"],"character_chosen":"THE_SILENT","items_purchased":["Ginger"],"gold_per_floor":[114,134,151,151,151,185,185,198,223,233,233,251,251,216,216,311,311,323,27,27,45,45,71,71,71,71,103],"floor_reached":28,"campfire_rested":0,"playtime":2282,"current_hp_per_floor":[70,70,67,67,67,75,75,71,71,71,71,71,76,89,89,69,89,76,76,76,76,76,63,63,63,63,16],"items_purged":[],"gold":103,"score":281,"play_id":"cfc44ac4-76e8-46ca-9e7d-1a2ce7d4ed5c","is_prod":false,"is_daily":false,"is_ascension_mode":false,"campfire_upgraded":4,"path_taken":["M","?","M","?","?","E","R","?","T","M","R","M","?","?","R","BOSS","M","$","?","M","?","E","?","R","T","E","M"],"build_version":"2018-02-22-PROD2","purchased_purges":0,"victory":false,"master_deck":["Defend_G","Defend_G","Defend_G","Defend_G","Defend_G","Strike_G","Strike_G","Strike_G","Strike_G","Strike_G","Survivor","Neutralize","Leg Sweep","Backstab","Dagger Spray+1","Infinite Blades+1","Acrobatics","Terror+1","Infinite Blades+1","Outmaneuver","Dash","Quick Slash","Bullet Time","Slice","Distraction+1","Accuracy+1","Slice","Flying Knee","Backstab"],"max_hp_per_floor":[70,70,70,70,70,84,84,84,84,84,84,84,89,89,89,89,89,89,89,89,89,89,96,96,96,96,96],"relics":["Ring of the Snake","Mango","Art of War","Orrery","Ginger","Strawberry","Frozen Egg 2","Girya","Dead Branch"],"card_choices":[{"not_picked":["Blade Dance","Dagger Throw"],"picked":"Leg Sweep"},{"not_picked":["Heel Hook","Reflex"],"picked":"Backstab"},{"not_picked":["Calculated Gamble","Bane"],"picked":"Dagger Spray"},{"not_picked":["Phantasmal Killer","Quick Slash"],"picked":"Infinite Blades"},{"not_picked":["Poisoned Stab","PiercingWail"],"picked":"Acrobatics"},{"not_picked":["Poisoned Stab","Dodge and Roll"],"picked":"Terror"},{"not_picked":["Blade Dance","PiercingWail"],"picked":"Infinite Blades"},{"not_picked":["Sucker Punch","Skewer"],"picked":"Outmaneuver"},{"not_picked":["Finisher","Underhanded Strike"],"picked":"Dash"},{"not_picked":["Bane","Flying Knee"],"picked":"Quick Slash"},{"not_picked":["Masterful Stab","Outmaneuver"],"picked":"Bullet Time"},{"not_picked":["Bouncing Flask","Crippling Poison"],"picked":"Slice"},{"not_picked":["Footwork","Deadly Poison"],"picked":"Distraction"},{"not_picked":["Predator","Prepared"],"picked":"Slice"},{"not_picked":["Crippling Poison","Terror"],"picked":"Flying Knee"},{"not_picked":["Deadly Poison","Blur"],"picked":"Backstab"}],"player_experience":159391,"potions_floor_usage":[6,8,23,23,28],"damage_taken":[{"damage":0,"enemies":"Cultist","floor":1,"turns":4},{"damage":0,"enemies":"Small Slimes","floor":2,"turns":6},{"damage":3,"enemies":"Jaw Worm","floor":3,"turns":3},{"damage":6,"enemies":"Lagavulin","floor":6,"turns":7},{"damage":4,"enemies":"Large Slime","floor":8,"turns":5},{"damage":0,"enemies":"Exordium Wildlife","floor":10,"turns":2},{"damage":0,"enemies":"3 Louse","floor":12,"turns":1},{"damage":20,"enemies":"Slime Boss","floor":16,"turns":10},{"damage":13,"enemies":"Spheric Guardian","floor":18,"turns":4},{"damage":0,"enemies":"Chosen","floor":21,"turns":4},{"damage":20,"enemies":"Slavers","floor":23,"turns":4},{"damage":47,"enemies":"Book of Stabbing","floor":27,"turns":6},{"damage":17,"enemies":"Slaver and Parasite","floor":28,"turns":1}],"event_choices":[{"event_name":"Upgrade Shrine","player_choice":"Upgraded","floor":4,"damage_taken":0},{"event_name":"Liars Game","player_choice":"disagreed","floor":5,"damage_taken":0},{"event_name":"Big Fish","player_choice":"Donut","floor":13,"damage_taken":0},{"event_name":"The Cleric","player_choice":"Healed","floor":14,"damage_taken":0},{"event_name":"The Library","player_choice":"Read","floor":20,"damage_taken":0},{"event_name":"Vampires","player_choice":"Ignored","floor":22,"damage_taken":0}],"boss_relics":[{"not_picked":["Question Card","White Beast Statue"],"picked":"Orrery"}],"potions_floor_spawned":[1,6,16,21,27],"seed_played":"3188522295331380485","killed_by":"Slaver and Parasite","ascension_level":0,"is_trial":false}