{"path_per_floor":["M","M","?","?","M","E","R","M","T","M","M","T","E","M","R","B",null,"M","?","M"],"character_chosen":"THE_SILENT","items_purchased":[],"gold_per_floor":[113,129,129,129,146,179,179,191,217,227,241,241,272,292,292,391,391,409,409,428],"floor_reached":21,"campfire_rested":2,"playtime":1695,"current_hp_per_floor":[70,70,70,70,69,39,60,60,60,53,46,46,42,16,52,20,70,34,34,29],"items_purged":[],"gold":428,"score":219,"play_id":"ba2a52fb-4266-4a5c-b0c9-82ddb34873d7","local_time":"20180301201806","is_prod":false,"is_daily":false,"is_ascension_mode":false,"campfire_upgraded":0,"timestamp":1519967886,"path_taken":["M","M","?","?","M","E","R","M","T","M","M","?","E","M","R","BOSS","M","?","M","M"],"build_version":"2018-03-01-PROD1","purchased_purges":0,"victory":false,"master_deck":["Defend_G","Defend_G","Defend_G","Defend_G","Defend_G","Survivor","Neutralize","Caltrops+1","Outmaneuver","Venomology","Noxious Fumes","Poisoned Stab","Dash","Caltrops","Adrenaline","Predator","Bite","Bite","Bite","Bite","Bite","Dodge and Roll+1"],"max_hp_per_floor":[70,70,70,70,70,70,70,70,70,70,70,70,70,70,70,70,70,70,70,70],"relics":["Black Star","Orichalcum","Dream Catcher","Pen Nib","Ornamental Fan","Regal Pillow","White Beast Statue"],"card_choices":[{"not_picked":["Dodge and Roll","PiercingWail"],"picked":"Caltrops"},{"not_picked":["Dodge and Roll","Masterful Stab"],"picked":"Outmaneuver"},{"not_picked":["Bane","Backflip"],"picked":"Venomology"},{"not_picked":["Prepared","PiercingWail"],"picked":"Noxious Fumes"},{"not_picked":["Reflex","Prepared"],"picked":"Poisoned Stab"},{"not_picked":["Predator","PiercingWail"],"picked":"Dash"},{"not_picked":["Phantasmal Killer","Blade Dance"],"picked":"Caltrops"},{"not_picked":["Phantasmal Killer","Night Terror"],"picked":"Adrenaline"},{"not_picked":["Finisher","Calculated Gamble"],"picked":"Predator"},{"not_picked":["Malaise","Footwork"],"picked":"Dodge and Roll"}],"player_experience":203168,"potions_floor_usage":[6,6,8,11,13,13,13,14,16,16,16,16,20,20,21],"damage_taken":[{"damage":0,"enemies":"2 Louse","floor":1,"turns":3},{"damage":0,"enemies":"Small Slimes","floor":2,"turns":4},{"damage":1,"enemies":"Cultist","floor":5,"turns":5},{"damage":30,"enemies":"Gremlin Nob","floor":6,"turns":5},{"damage":0,"enemies":"Blue Slaver","floor":8,"turns":5},{"damage":7,"enemies":"Looter","floor":10,"turns":4},{"damage":7,"enemies":"Gremlin Gang","floor":11,"turns":4},{"damage":4,"enemies":"Lagavulin","floor":13,"turns":5},{"damage":28,"enemies":"Exordium Thugs","floor":14,"turns":4},{"damage":34,"enemies":"Slime Boss","floor":16,"turns":12},{"damage":36,"enemies":"Spheric Guardian","floor":18,"turns":7},{"damage":12,"enemies":"3 Byrds","floor":20,"turns":3},{"damage":33,"enemies":"3 Cultists","floor":21,"turns":4}],"event_choices":[{"event_name":"Living Wall","player_choice":"Grow","floor":3,"damage_taken":0},{"event_name":"Golden Wing","player_choice":"Ignored","floor":4,"damage_taken":0},{"event_name":"Vampires","player_choice":"Became a vampire (Vial)","floor":19,"damage_taken":0}],"boss_relics":[{"not_picked":["Philosopher\u0027s Stone","Astrolabe"],"picked":"White Beast Statue"}],"potions_floor_spawned":[2,6,10,11,13,14,18,20],"seed_played":"-5156704858303699148","killed_by":"3 Cultists","ascension_level":0,"is_trial":false}