{"gold_per_floor":[116,128,140,150,62,62,62,88,111,136,151,169,169,194,194,271,271,283,301,319,329,340,340,365,365,365,365,465,465,380,414,414,491,491,510,106,116,134,150,150,177,189,268,268,294,306,306,322,322,322,322],"floor_reached":52,"playtime":2800,"items_purged":["Strike_R"],"score":2132,"play_id":"5993a279-284e-413f-890a-e7aa8d488670","local_time":"20181031181704","is_ascension_mode":true,"campfire_choices":[{"data":"Uppercut","floor":6,"key":"SMITH"},{"data":"Armaments","floor":13,"key":"SMITH"},{"data":"Corruption","floor":15,"key":"SMITH"},{"data":"Havoc","floor":23,"key":"SMITH"},{"floor":25,"key":"REST"},{"data":"Feed","floor":27,"key":"SMITH"},{"floor":32,"key":"REST"},{"data":"Heavy Blade","floor":40,"key":"SMITH"},{"data":"Barricade","floor":44,"key":"SMITH"},{"data":"Rupture","floor":47,"key":"SMITH"},{"data":"Sentinel","floor":49,"key":"SMITH"}],"neow_cost":"TEN_PERCENT_HP_LOSS","seed_source_timestamp":1891336664761260,"circlet_count":0,"master_deck":["Strike_R","Strike_R","Defend_R","Defend_R","Defend_R","Defend_R","Bash","AscendersBane","Power Through","Blood for Blood","Combust","Armaments+1","Uppercut+1","Rupture+1","Corruption+1","Evolve","Iron Wave","Shrug It Off","Havoc+1","Feed+1","Heavy Blade+1","Shrug It Off","Cleave+1","Immolate","Heavy Blade+1","Flame Barrier+1","Barricade+1","Bludgeon","Sentinel+1"],"special_seed":0,"relics":["Burning Blood","Bronze Scales","Dream Catcher","Odd Mushroom","Red Skull","Snecko Eye","Juzu Bracelet","Matryoshka","Thread and Needle","Mummified Hand","Blue Candle","Incense Burner","White Beast Statue","Turnip","Pantograph","Mercury Hourglass","Shuriken","Girya"],"potions_floor_usage":[14,14,16,24,24,28,31,39,46,50],"damage_taken":[{"damage":19.0,"enemies":"Cultist","floor":1.0,"turns":7.0},{"damage":1.0,"enemies":"2 Louse","floor":2.0,"turns":4.0},{"damage":3.0,"enemies":"Small Slimes","floor":3.0,"turns":3.0},{"damage":3,"enemies":"3 Louse","floor":4,"turns":4},{"damage":14,"enemies":"Lagavulin","floor":8,"turns":7},{"damage":7,"enemies":"The Mushroom Lair","floor":10,"turns":4},{"damage":4,"enemies":"Exordium Wildlife","floor":11,"turns":4},{"damage":4,"enemies":"Large Slime","floor":12,"turns":7},{"damage":7,"enemies":"Gremlin Nob","floor":14,"turns":4},{"damage":34,"enemies":"The Guardian","floor":16,"turns":11},{"damage":12,"enemies":"Chosen","floor":18,"turns":4},{"damage":4,"enemies":"2 Thieves","floor":19,"turns":3},{"damage":9,"enemies":"Cultist and Chosen","floor":20,"turns":5},{"damage":3,"enemies":"Centurion and Healer","floor":21,"turns":5},{"damage":42,"enemies":"3 Cultists","floor":22,"turns":6},{"damage":25,"enemies":"Book of Stabbing","floor":24,"turns":4},{"damage":3,"enemies":"Colosseum Slavers","floor":28,"turns":3},{"damage":32,"enemies":"Colosseum Nobs","floor":28,"turns":4},{"damage":23,"enemies":"Gremlin Leader","floor":31,"turns":6},{"damage":5,"enemies":"Automaton","floor":33,"turns":7},{"damage":13,"enemies":"3 Darklings","floor":35,"turns":5},{"damage":0,"enemies":"3 Shapes","floor":37,"turns":2},{"damage":4,"enemies":"3 Darklings","floor":38,"turns":3},{"damage":7,"enemies":"Writhing Mass","floor":39,"turns":5},{"damage":0,"enemies":"Reptomancer","floor":41,"turns":4},{"damage":9,"enemies":"Sphere and 2 Shapes","floor":42,"turns":4},{"damage":5,"enemies":"Giant Head","floor":45,"turns":6},{"damage":22,"enemies":"Transient","floor":46,"turns":6},{"damage":4,"enemies":"Maw","floor":48,"turns":6},{"damage":87,"enemies":"Awakened One","floor":50,"turns":8},{"damage":44,"enemies":"Time Eater","floor":51,"turns":10}],"seed_played":"2536276542436912396","potions_obtained":[{"floor":2.0,"key":"Swift Potion"},{"floor":3.0,"key":"Block Potion"},{"floor":14,"key":"AttackPotion"},{"floor":16,"key":"EssenceOfSteel"},{"floor":21,"key":"Block Potion"},{"floor":24,"key":"Dexterity Potion"},{"floor":28,"key":"Energy Potion"},{"floor":33,"key":"Energy Potion"},{"floor":35,"key":"AttackPotion"},{"floor":39,"key":"BloodPotion"},{"floor":46,"key":"SpeedPotion"}],"is_trial":false,"path_per_floor":["M","M","M","M","$","R","?","E","T","?","M","M","R","E","R","B",null,"M","M","M","M","M","R","E","R","T","R","?","?","?","E","R","B",null,"M","$","M","M","M","R","E","M","T","R","E","M","R","M","R","B","B"],"character_chosen":"IRONCLAD","items_purchased":["Corruption","Turnip"],"campfire_rested":2,"item_purchase_floors":[5,36],"current_hp_per_floor":[55,60,63,66,66,66,66,58,58,57,59,61,61,60,60,32,59,56,61,61,67,31,31,12,36,36,36,17,34,34,17,42,43,74,67,67,77,79,78,78,88,89,89,89,90,74,74,76,76,29,16],"gold":322,"neow_bonus":"TRANSFORM_TWO_CARDS","is_prod":false,"is_daily":false,"chose_seed":false,"campfire_upgraded":9,"win_rate":0,"timestamp":1541024224,"path_taken":["M","M","M","M","$","R","?","E","T","?","M","M","R","E","R","BOSS","M","M","M","M","M","R","E","R","T","R","?","?","?","E","R","BOSS","M","$","M","M","M","R","E","M","T","R","E","M","R","M","R","BOSS","BOSS"],"build_version":"2018-10-25v2","purchased_purges":1,"victory":true,"max_hp_per_floor":[68,68,68,68,68,68,68,68,68,68,68,68,68,68,68,68,68,71,74,77,80,80,80,80,80,80,80,84,84,84,84,84,84,84,84,84,88,88,88,88,92,96,96,96,96,96,96,96,96,100,100],"card_choices":[{"not_picked":["Flex","Headbutt"],"picked":"Combust","floor":1.0},{"not_picked":["Body Slam","Burning Pact"],"picked":"Armaments","floor":2.0},{"not_picked":["Warcry","Flex"],"picked":"Uppercut","floor":3.0},{"not_picked":["Battle Trance","Whirlwind"],"picked":"Rupture","floor":4},{"not_picked":["Barricade","Sever Soul"],"picked":"Evolve","floor":8},{"not_picked":["Warcry","Second Wind"],"picked":"Iron Wave","floor":10},{"not_picked":["Burning Pact","True Grit"],"picked":"Shrug It Off","floor":11},{"not_picked":["Intimidate","Iron Wave","Anger"],"picked":"SKIP","floor":12},{"not_picked":["Rupture","Perfected Strike"],"picked":"Havoc","floor":14},{"not_picked":["Dark Embrace","Offering"],"picked":"Feed","floor":16},{"not_picked":["Iron Wave","Body Slam"],"picked":"Heavy Blade","floor":18},{"not_picked":["Pummel","Infernal Blade+1"],"picked":"Shrug It Off","floor":19},{"not_picked":["Thunderclap","Iron Wave","Havoc"],"picked":"SKIP","floor":20},{"not_picked":["Sword Boomerang","Pommel Strike","Clothesline"],"picked":"SKIP","floor":21},{"not_picked":["Dual Wield+1","True Grit"],"picked":"Cleave+1","floor":22},{"not_picked":["Clothesline","Uppercut","Cleave"],"picked":"SKIP","floor":24},{"not_picked":["Reckless Charge","Carnage"],"picked":"Immolate","floor":25},{"not_picked":["Anger+1","True Grit"],"picked":"Heavy Blade+1","floor":28},{"not_picked":["Evolve","Heavy Blade","Wild Strike+1"],"picked":"SKIP","floor":31},{"not_picked":["True Grit+1","Anger"],"picked":"Flame Barrier+1","floor":32},{"not_picked":["Impervious","Limit Break"],"picked":"Barricade","floor":33},{"not_picked":["Flex","Heavy Blade","Cleave+1"],"picked":"SKIP","floor":35},{"not_picked":["Pommel Strike","Rupture"],"picked":"Bludgeon","floor":37},{"not_picked":["Combust","Corruption","Power Through+1"],"picked":"SKIP","floor":38},{"not_picked":["Wild Strike+1","Hemokinesis+1","Iron Wave"],"picked":"SKIP","floor":39},{"not_picked":["Inflame","Iron Wave","Sword Boomerang"],"picked":"SKIP","floor":41},{"not_picked":["Headbutt","Shrug It Off","Warcry"],"picked":"SKIP","floor":42},{"not_picked":["Pommel Strike","Warcry","Double Tap"],"picked":"SKIP","floor":45},{"not_picked":["True Grit","Infernal Blade","Sword Boomerang"],"picked":"SKIP","floor":46},{"not_picked":["Iron Wave","Anger"],"picked":"Sentinel","floor":48}],"player_experience":875626,"relics_obtained":[{"floor":8,"key":"Bronze Scales"},{"floor":9,"key":"Dream Catcher"},{"floor":10,"key":"Odd Mushroom"},{"floor":14,"key":"Red Skull"},{"floor":24,"key":"Juzu Bracelet"},{"floor":26,"key":"Matryoshka"},{"floor":28,"key":"Thread and Needle"},{"floor":28,"key":"Mummified Hand"},{"floor":31,"key":"Incense Burner"},{"floor":41,"key":"Pantograph"},{"floor":43,"key":"Mercury Hourglass"},{"floor":43,"key":"Shuriken"},{"floor":45,"key":"Girya"}],"event_choices":[{"damage_healed":0,"gold_gain":0,"player_choice":"Searched \u00270\u0027 times","damage_taken":0,"max_hp_gain":0,"max_hp_loss":0,"event_name":"Dead Adventurer","floor":7,"gold_loss":0},{"damage_healed":0,"gold_gain":0,"player_choice":"Fought Mushrooms","damage_taken":0,"max_hp_gain":0,"max_hp_loss":0,"event_name":"Mushrooms","floor":10,"gold_loss":0},{"damage_healed":0,"gold_gain":0,"player_choice":"Fight","damage_taken":0,"max_hp_gain":0,"max_hp_loss":0,"event_name":"Colosseum","floor":28,"gold_loss":0},{"damage_healed":0,"gold_gain":0,"player_choice":"Fought Nobs","damage_taken":0,"max_hp_gain":0,"max_hp_loss":0,"event_name":"Colosseum","floor":28,"gold_loss":0},{"damage_healed":17,"gold_gain":0,"player_choice":"Heal","damage_taken":0,"max_hp_gain":0,"max_hp_loss":0,"event_name":"The Library","floor":29,"gold_loss":0},{"damage_healed":0,"gold_gain":0,"player_choice":"Obtained Relic","damage_taken":0,"relics_obtained":["Blue Candle"],"max_hp_gain":0,"max_hp_loss":0,"event_name":"Addict","floor":30,"gold_loss":85}],"is_beta":false,"boss_relics":[{"not_picked":["Velvet Choker","Coffee Dripper"],"picked":"Snecko Eye"},{"not_picked":["Calling Bell","Philosopher\u0027s Stone"],"picked":"White Beast Statue"}],"items_purged_floors":[36],"is_endless":false,"potions_floor_spawned":[2,3,4,14,16,21,24,28,28,33,35,37,38,39,41,42,45,46,48],"ascension_level":20}