{"gold_per_floor":[116,191,204,204,204,204,232,232,232,265,265,265,283,308,308,385,385,395,395,15,31,43,43],"floor_reached":23,"playtime":976,"items_purged":["Parasite"],"score":394,"play_id":"00c5a932-5c33-427d-8d0e-2a43f34620dc","local_time":"20190224171106","is_ascension_mode":true,"campfire_choices":[{"data":"Zap","floor":6.0,"key":"SMITH"},{"floor":12.0,"key":"REST"},{"data":"Dualcast","floor":15.0,"key":"SMITH"}],"neow_cost":"NONE","seed_source_timestamp":0,"circlet_count":0,"master_deck":["AscendersBane","Zap+1","Dualcast+1","Sweeping Beam","Reinforced Body","Compile Driver","Compile Driver","Cold Snap","Buffer+1","Echo Form+1","Auto Shields","Meteor Strike","Ball Lightning","Darkness","Tempest","Steam Power","Lockon","Storm+1","Glacier","Self Repair+1","Cold Snap","Capacitor+1"],"special_seed":0,"relics":["Cracked Core","NeowsBlessing","Emotion Chip","Frozen Egg 2","Gremlin Horn","Cables","Vajra","Pandora\u0027s Box","Boot","Bag of Preparation"],"potions_floor_usage":[23],"damage_taken":[{"damage":0.0,"enemies":"2 Louse","floor":1.0,"turns":1.0},{"damage":0.0,"enemies":"Small Slimes","floor":3.0,"turns":1.0},{"damage":0.0,"enemies":"3 Sentries","floor":7.0,"turns":1.0},{"damage":31.0,"enemies":"Gremlin Nob","floor":10.0,"turns":4.0},{"damage":0.0,"enemies":"Cultist","floor":13.0,"turns":3.0},{"damage":10.0,"enemies":"Lagavulin","floor":14.0,"turns":7.0},{"damage":7.0,"enemies":"The Guardian","floor":16.0,"turns":15.0},{"damage":12.0,"enemies":"Shell Parasite","floor":18.0,"turns":6.0},{"damage":1.0,"enemies":"3 Byrds","floor":21.0,"turns":4.0},{"damage":5.0,"enemies":"3 Cultists","floor":22.0,"turns":5.0},{"damage":66,"enemies":"Slavers","floor":23,"turns":4}],"seed_played":"-5172088393268379768","potions_obtained":[{"floor":3.0,"key":"EssenceOfSteel"},{"floor":14.0,"key":"FearPotion"},{"floor":16.0,"key":"Swift Potion"},{"floor":18.0,"key":"SkillPotion"},{"floor":22,"key":"EssenceOfSteel"}],"is_trial":false,"path_per_floor":["M","?","M","?","?","R","E","?","T","E","?","R","M","E","R","B",null,"M","?","$","M","M","E"],"character_chosen":"DEFECT","items_purchased":["Glacier","Self Repair+1","Bag of Preparation"],"campfire_rested":1,"item_purchase_floors":[20,20,20],"current_hp_per_floor":[64,53,53,46,46,46,46,46,46,15,32,53,53,43,43,36,62,50,50,50,49,54,0],"gold":43,"neow_bonus":"THREE_ENEMY_KILL","is_prod":false,"is_daily":false,"chose_seed":false,"campfire_upgraded":2,"win_rate":0,"timestamp":1551046266,"path_taken":["M","?","M","?","?","R","E","?","T","E","?","R","M","E","R","BOSS","M","?","$","?","M","E"],"build_version":"2019-01-23","purchased_purges":1,"victory":false,"max_hp_per_floor":[71,71,71,71,71,71,71,71,71,71,71,71,71,71,71,71,71,71,71,68,68,68,68],"card_choices":[{"not_picked":["Gash","Stack"],"picked":"Sweeping Beam","floor":1.0},{"not_picked":["Melter","Capacitor"],"picked":"Reinforced Body","floor":3.0},{"not_picked":["Aggregate","Rip and Tear"],"picked":"Compile Driver","floor":7.0},{"not_picked":["Sunder","Force Field"],"picked":"Compile Driver","floor":10.0},{"not_picked":["Go for the Eyes","Conserve Battery"],"picked":"Cold Snap","floor":13.0},{"not_picked":["Leap","Steam Power"],"picked":"Buffer+1","floor":14.0},{"not_picked":["Machine Learning+1","Seek"],"picked":"Echo Form+1","floor":16.0},{"not_picked":["Sweeping Beam","Rip and Tear"],"picked":"Storm+1","floor":18.0},{"not_picked":["Rebound","Self Repair+1"],"picked":"Cold Snap","floor":21.0},{"not_picked":["Hologram","Go for the Eyes"],"picked":"Capacitor+1","floor":22}],"player_experience":363110,"relics_obtained":[{"floor":7.0,"key":"Emotion Chip"},{"floor":9.0,"key":"Gremlin Horn"},{"floor":10.0,"key":"Cables"},{"floor":14.0,"key":"Vajra"},{"floor":19.0,"key":"Boot"}],"event_choices":[{"damage_healed":0.0,"max_hp_gain":0.0,"max_hp_loss":0.0,"gold_gain":75.0,"event_name":"World of Goop","player_choice":"Gather Gold","floor":2.0,"gold_loss":0.0,"damage_taken":11.0},{"cards_removed":["Strike_B"],"damage_healed":0.0,"max_hp_gain":0.0,"max_hp_loss":0.0,"gold_gain":0.0,"event_name":"Golden Wing","player_choice":"Card Removal","floor":4.0,"gold_loss":0.0,"damage_taken":7.0},{"damage_healed":0.0,"max_hp_gain":0.0,"max_hp_loss":0.0,"gold_gain":0.0,"event_name":"Liars Game","player_choice":"Ignored","floor":5.0,"gold_loss":0.0,"damage_taken":0.0},{"damage_healed":0.0,"max_hp_gain":0.0,"max_hp_loss":0.0,"gold_gain":0.0,"event_name":"Dead Adventurer","player_choice":"Searched \u00271\u0027 times","floor":8.0,"gold_loss":0.0,"damage_taken":0.0,"relics_obtained":["Frozen Egg 2"]},{"damage_healed":17.0,"max_hp_gain":0.0,"max_hp_loss":0.0,"gold_gain":0.0,"event_name":"Mushrooms","player_choice":"Healed and dodged fight","floor":11.0,"gold_loss":0.0,"damage_taken":0.0,"cards_obtained":["Parasite"]},{"damage_healed":0.0,"max_hp_gain":0.0,"max_hp_loss":0.0,"gold_gain":0.0,"event_name":"Wheel of Change","player_choice":"Relic","floor":19.0,"gold_loss":0.0,"damage_taken":0.0}],"is_beta":false,"boss_relics":[{"not_picked":["Lizard Tail","Runic Dome"],"picked":"Pandora\u0027s Box"}],"items_purged_floors":[20],"is_endless":false,"potions_floor_spawned":[3,14,16,18,22],"killed_by":"Slavers","ascension_level":14}