{"gold_per_floor":[117,130,130,205,223,253,8,26,53,53,5,33,33],"floor_reached":13,"playtime":333,"items_purged":[],"score":121,"play_id":"e2affb30-77f5-48fd-9046-6f5502fe8e5a","local_time":"20190118231931","is_ascension_mode":true,"campfire_choices":[{"floor":10,"key":"REST"}],"neow_cost":"NONE","seed_source_timestamp":108106926087680,"circlet_count":0,"master_deck":["Strike_B","Strike_B","Strike_B","Strike_B","Defend_B","Defend_B","Defend_B","Defend_B","Zap","Dualcast","Turbo","Turbo","Beam Cell","Leap","Tempest","Conserve Battery"],"relics":["Cracked Core","NeowsBlessing","Oddly Smooth Stone","Happy Flower","Mummified Hand","Strawberry","Blood Vial"],"potions_floor_usage":[6,6,12],"damage_taken":[{"damage":0,"enemies":"Cultist","floor":1,"turns":1},{"damage":0,"enemies":"Small Slimes","floor":2,"turns":1},{"damage":0,"enemies":"Jaw Worm","floor":5,"turns":1},{"damage":32,"enemies":"3 Sentries","floor":6,"turns":5},{"damage":14,"enemies":"Blue Slaver","floor":8,"turns":4},{"damage":18,"enemies":"Lagavulin","floor":12,"turns":6},{"damage":26,"enemies":"Gremlin Gang","floor":13,"turns":2}],"seed_played":"-6874351489428956374","potions_obtained":[{"floor":1,"key":"Energy Potion"},{"floor":5,"key":"AttackPotion"}],"is_trial":false,"path_per_floor":["M","M","?","?","M","E","$","M","T","R","$","E","M"],"character_chosen":"DEFECT","items_purchased":["Mummified Hand","Poison Potion"],"campfire_rested":1,"item_purchase_floors":[7,11],"current_hp_per_floor":[68,68,61,50,50,18,18,4,11,35,35,17,0],"gold":33,"neow_bonus":"THREE_ENEMY_KILL","is_prod":false,"is_daily":false,"chose_seed":false,"campfire_upgraded":0,"win_rate":0,"timestamp":1547871571,"path_taken":["M","?","?","?","M","E","$","M","T","R","?","E","M"],"build_version":"2019-01-17v2","purchased_purges":0,"victory":false,"max_hp_per_floor":[75,75,75,75,75,75,75,75,82,82,82,82,82],"card_choices":[{"not_picked":["Scrape","Rebound"],"picked":"Turbo","floor":1},{"not_picked":["Streamline","Go for the Eyes"],"picked":"Turbo","floor":2},{"not_picked":["Redo","Recycle"],"picked":"Beam Cell","floor":5},{"not_picked":["Beam Cell","Steam"],"picked":"Leap","floor":6},{"not_picked":["Gash","Sunder"],"picked":"Tempest","floor":8},{"not_picked":["Recycle","Rebound"],"picked":"Conserve Battery","floor":12}],"player_experience":176207,"relics_obtained":[{"floor":6,"key":"Happy Flower"},{"floor":9,"key":"Strawberry"},{"floor":12,"key":"Blood Vial"}],"event_choices":[{"damage_healed":0,"gold_gain":0,"player_choice":"Success","damage_taken":7,"relics_obtained":["Oddly Smooth Stone"],"max_hp_gain":0,"max_hp_loss":0,"event_name":"Scrap Ooze","floor":3,"gold_loss":0},{"damage_healed":0,"gold_gain":75,"player_choice":"Gather Gold","damage_taken":11,"max_hp_gain":0,"max_hp_loss":0,"event_name":"World of Goop","floor":4,"gold_loss":0}],"is_beta":false,"boss_relics":[],"items_purged_floors":[],"is_endless":false,"potions_floor_spawned":[1,5],"killed_by":"Gremlin Gang","ascension_level":6}