{"gold_per_floor":[117,132,132,152,163,188,203,233,233,68,80,5,33,50,50,153,153,165,180,180,195,213,213],"floor_reached":23,"playtime":1199,"items_purged":["Strike_B"],"score":375,"play_id":"6018e32c-dab7-4545-b9a2-41f991cda79f","local_time":"20190218174213","is_ascension_mode":true,"campfire_choices":[{"data":"Buffer","floor":15,"key":"SMITH"}],"neow_cost":"NONE","seed_source_timestamp":493712589121461,"circlet_count":0,"master_deck":["AscendersBane","Defend_B","Defend_B+1","Defend_B+1","Defend_B","Zap","Dualcast","Compile Driver","Go for the Eyes","Cold Snap","Loop","Buffer+1","Ball Lightning+1","Heatsinks","Self Repair","BootSequence","Go for the Eyes+1","Cold Snap+1","Beam Cell+1","Rainbow","Fission+1","Buffer+1","Chaos+1","Conserve Battery","Turbo","Hologram","Steam"],"relics":["Cracked Core","War Paint","Dead Branch","Molten Egg 2","Strawberry","PreservedInsect","Ornamental Fan","Astrolabe","Matryoshka"],"potions_floor_usage":[6,8,19,22,23],"damage_taken":[{"damage":7,"enemies":"Small Slimes","floor":1,"turns":3},{"damage":0,"enemies":"Cultist","floor":2,"turns":3},{"damage":0,"enemies":"2 Louse","floor":4,"turns":3},{"damage":0,"enemies":"Large Slime","floor":5,"turns":6},{"damage":15,"enemies":"3 Sentries","floor":6,"turns":8},{"damage":0,"enemies":"Looter","floor":7,"turns":3},{"damage":4,"enemies":"Gremlin Nob","floor":8,"turns":4},{"damage":0,"enemies":"2 Fungi Beasts","floor":11,"turns":2},{"damage":0,"enemies":"Lagavulin","floor":13,"turns":7},{"damage":0,"enemies":"Exordium Wildlife","floor":14,"turns":4},{"damage":30,"enemies":"Hexaghost","floor":16,"turns":10},{"damage":0,"enemies":"Shell Parasite","floor":18,"turns":7},{"damage":37,"enemies":"3 Byrds","floor":19,"turns":5},{"damage":6,"enemies":"Snake Plant","floor":21,"turns":4},{"damage":11,"enemies":"Sentry and Sphere","floor":22,"turns":5},{"damage":56,"enemies":"Gremlin Leader","floor":23,"turns":8}],"seed_played":"3062907160477793130","potions_obtained":[{"floor":1,"key":"Fire Potion"},{"floor":5,"key":"SteroidPotion"},{"floor":7,"key":"Regen Potion"},{"floor":8,"key":"SteroidPotion"},{"floor":11,"key":"Block Potion"},{"floor":18,"key":"Fire Potion"},{"floor":22,"key":"GamblersBrew"}],"is_trial":false,"path_per_floor":["M","M","?","M","M","E","M","E","T","$","M","$","E","M","R","B",null,"M","M","?","M","M","E"],"character_chosen":"DEFECT","items_purchased":["Self Repair","BootSequence","Go for the Eyes+1"],"campfire_rested":0,"item_purchase_floors":[10,10,10],"current_hp_per_floor":[61,61,61,61,61,46,46,61,61,61,61,61,68,75,75,52,75,82,52,52,53,49,0],"gold":213,"neow_bonus":"RANDOM_COMMON_RELIC","is_prod":false,"is_daily":false,"chose_seed":false,"campfire_upgraded":1,"win_rate":0,"timestamp":1550529733,"path_taken":["M","M","?","M","M","E","?","E","T","$","?","?","E","M","R","BOSS","M","M","?","M","M","E"],"build_version":"2019-01-23","purchased_purges":1,"victory":false,"max_hp_per_floor":[75,75,75,75,75,75,75,82,82,82,82,82,82,82,82,82,82,82,82,82,82,82,82],"card_choices":[{"not_picked":["Fusion","Blizzard"],"picked":"Compile Driver","floor":1},{"not_picked":["Steam","Turbo"],"picked":"Go for the Eyes","floor":2},{"not_picked":["Redo","Hologram"],"picked":"Cold Snap","floor":4},{"not_picked":["Go for the Eyes","Reinforced Body"],"picked":"Loop","floor":5},{"not_picked":["Darkness","Barrage"],"picked":"Buffer","floor":6},{"not_picked":["Double Energy","Barrage+1"],"picked":"Ball Lightning+1","floor":7},{"not_picked":["Rebound+1","Sweeping Beam+1"],"picked":"Heatsinks","floor":8},{"not_picked":["Chill","Steam Power"],"picked":"Cold Snap+1","floor":11},{"not_picked":["Compile Driver+1","Streamline+1"],"picked":"Beam Cell+1","floor":13},{"not_picked":["Barrage+1","Rip and Tear+1","Redo"],"picked":"SKIP","floor":14},{"not_picked":["Seek","Multi-Cast"],"picked":"Rainbow","floor":16},{"not_picked":["Ball Lightning+1","Beam Cell+1"],"picked":"Conserve Battery","floor":18},{"not_picked":["Leap","Reinforced Body"],"picked":"Turbo","floor":19},{"not_picked":["Streamline+1","Conserve Battery"],"picked":"Hologram","floor":21},{"not_picked":["Fission","Rebound+1"],"picked":"Steam","floor":22}],"player_experience":305576,"relics_obtained":[{"floor":6,"key":"Molten Egg 2"},{"floor":8,"key":"Strawberry"},{"floor":9,"key":"PreservedInsect"},{"floor":13,"key":"Ornamental Fan"}],"event_choices":[{"damage_healed":0,"gold_gain":0,"player_choice":"Gave Potion","damage_taken":0,"relics_obtained":["Dead Branch"],"max_hp_gain":0,"max_hp_loss":0,"event_name":"WeMeetAgain","floor":3,"gold_loss":0},{"damage_healed":0,"gold_gain":0,"player_choice":"Opened","damage_taken":0,"relics_obtained":["Matryoshka"],"max_hp_gain":0,"max_hp_loss":0,"event_name":"The Mausoleum","floor":20,"gold_loss":0}],"is_beta":false,"boss_relics":[{"not_picked":["Orrery","Sozu"],"picked":"Astrolabe"}],"items_purged_floors":[12],"is_endless":false,"potions_floor_spawned":[1,5,7,8,11,18,22],"killed_by":"Gremlin Leader","ascension_level":11}