{"gold_per_floor":[118,35,54,71,71,98,98,27,27,52,52,52,85,100,100,197,197,209,209,84,101,101,101,128,139,212,228,240,240,268,279,279,381,381,393,412,412,412,424,424,424,424,424,424,16,16,33,60,60,60],"floor_reached":50,"playtime":2079,"items_purged":["Normality"],"score":935,"play_id":"afbd2f4a-12fb-44a1-a822-771232c30c70","local_time":"20190302234530","is_ascension_mode":true,"campfire_choices":[{"floor":7,"key":"REST"},{"floor":11,"key":"REST"},{"data":"Caltrops","floor":15,"key":"SMITH"},{"data":"Cloak And Dagger","floor":23,"key":"SMITH"},{"floor":29,"key":"REST"},{"data":"Noxious Fumes","floor":32,"key":"SMITH"},{"floor":40,"key":"REST"},{"data":"Footwork","floor":44,"key":"SMITH"},{"data":"Wraith Form v2","floor":49,"key":"SMITH"}],"neow_cost":"NONE","seed_source_timestamp":148160067598724,"circlet_count":0,"master_deck":["AscendersBane","Defend_G","Defend_G","Defend_G","Defend_G","Defend_G","Strike_G","Strike_G","Strike_G","Strike_G","Strike_G","Survivor","Neutralize+1","Escape Plan","Noxious Fumes+1","PiercingWail","Dagger Spray","Noxious Fumes","Caltrops+1","Sucker Punch","PiercingWail","Venomology","Doubt","Parasite","Quick Slash+1","Cloak And Dagger+1","Poisoned Stab","Dash","Catalyst+1","Backflip","Heel Hook","PiercingWail","Glass Knife","Backflip","Footwork+1","Dark Shackles","Cloak And Dagger+1","Prepared+1","Writhe","Wraith Form v2+1"],"relics":["Sozu","Ornamental Fan","Oddly Smooth Stone","Paper Crane","Tough Bandages","Thread and Needle","Pear","Calling Bell","Regal Pillow","Blue Candle","Incense Burner","Enchiridion","Vajra","Kunai","Mango","Orrery","Potion Belt","Ninja Scroll","Anchor","Bag of Marbles"],"potions_floor_usage":[],"damage_taken":[{"damage":0,"enemies":"Cultist","floor":1,"turns":5},{"damage":0,"enemies":"2 Louse","floor":3,"turns":3},{"damage":7,"enemies":"Jaw Worm","floor":4,"turns":4},{"damage":25,"enemies":"Lagavulin","floor":6,"turns":9},{"damage":34,"enemies":"Gremlin Nob","floor":10,"turns":6},{"damage":17,"enemies":"3 Sentries","floor":13,"turns":7},{"damage":3,"enemies":"Exordium Wildlife","floor":14,"turns":2},{"damage":0,"enemies":"Hexaghost","floor":16,"turns":10},{"damage":1,"enemies":"Shell Parasite","floor":18,"turns":9},{"damage":1,"enemies":"Chosen","floor":21,"turns":6},{"damage":18,"enemies":"Book of Stabbing","floor":24,"turns":7},{"damage":1,"enemies":"Snake Plant","floor":25,"turns":4},{"damage":8,"enemies":"Cultist and Chosen","floor":27,"turns":8},{"damage":0,"enemies":"Centurion and Healer","floor":28,"turns":7},{"damage":0,"enemies":"Slavers","floor":30,"turns":7},{"damage":9,"enemies":"Shelled Parasite and Fungi","floor":31,"turns":5},{"damage":33,"enemies":"Collector","floor":33,"turns":10},{"damage":20,"enemies":"3 Darklings","floor":35,"turns":7},{"damage":24,"enemies":"Orb Walker","floor":36,"turns":5},{"damage":23,"enemies":"Spire Growth","floor":39,"turns":6},{"damage":4,"enemies":"Maw","floor":47,"turns":10},{"damage":82,"enemies":"Time Eater","floor":50,"turns":8}],"seed_played":"1265272174639880383","potions_obtained":[],"is_trial":false,"path_per_floor":["M","?","M","M","?","E","R","$","T","E","R","T","E","M","R","B",null,"M","?","$","M","?","R","E","M","T","M","M","R","E","M","R","B",null,"M","M","?","?","M","R","?","?","T","R","$","?","M","T","R","B"],"character_chosen":"THE_SILENT","items_purchased":["Noxious Fumes","Cloak And Dagger","Ninja Scroll","Anchor"],"campfire_rested":4,"item_purchase_floors":[8,20,45,45],"current_hp_per_floor":[63,63,63,56,56,31,52,52,52,18,39,39,32,29,29,29,67,66,50,50,49,49,49,31,30,30,22,22,61,75,66,66,33,79,59,35,35,35,12,55,79,79,79,79,79,79,75,75,75,0],"gold":60,"neow_bonus":"BOSS_RELIC","is_prod":false,"is_daily":false,"chose_seed":false,"campfire_upgraded":5,"win_rate":0,"timestamp":1551588330,"path_taken":["M","?","?","M","?","E","R","$","T","E","R","?","E","?","R","BOSS","M","?","$","M","?","R","E","M","T","?","M","R","E","M","R","BOSS","M","M","?","?","?","R","?","?","T","R","?","?","M","?","R","BOSS"],"build_version":"2019-01-23","purchased_purges":1,"victory":false,"max_hp_per_floor":[70,70,70,70,70,70,70,70,70,70,70,70,80,80,80,80,80,80,80,80,80,80,80,80,80,80,80,80,80,94,94,94,94,94,94,94,94,94,94,94,94,94,94,94,94,94,94,94,94,94],"card_choices":[{"not_picked":["Reflex","Bane"],"picked":"Escape Plan","floor":1},{"not_picked":["Masterful Stab","Poisoned Stab"],"picked":"Noxious Fumes","floor":3},{"not_picked":["Bane","All Out Attack"],"picked":"PiercingWail","floor":4},{"not_picked":["Blade Dance","Well Laid Plans"],"picked":"Dagger Spray","floor":6},{"not_picked":["Dagger Spray","Outmaneuver"],"picked":"Caltrops","floor":10},{"not_picked":["Venomology","Tactician"],"picked":"Sucker Punch","floor":13},{"not_picked":["Setup","Bane"],"picked":"PiercingWail","floor":14},{"not_picked":["Night Terror","Doppelganger"],"picked":"Venomology","floor":16},{"not_picked":["Acrobatics","Choke+1"],"picked":"Quick Slash+1","floor":18},{"not_picked":["Endless Agony","Reflex"],"picked":"Poisoned Stab","floor":21},{"not_picked":["Bane","Footwork"],"picked":"Dash","floor":24},{"not_picked":["Calculated Gamble+1","All Out Attack"],"picked":"Catalyst+1","floor":25},{"not_picked":["Well Laid Plans","Blade Dance"],"picked":"Backflip","floor":27},{"not_picked":["Blur","A Thousand Cuts"],"picked":"Heel Hook","floor":28},{"not_picked":["Underhanded Strike+1","Setup","Dagger Spray"],"picked":"SKIP","floor":30},{"not_picked":["Slice","Acrobatics"],"picked":"PiercingWail","floor":31},{"not_picked":["Doppelganger","Unload"],"picked":"Glass Knife","floor":33},{"not_picked":["Acrobatics","Outmaneuver"],"picked":"Backflip","floor":34},{"not_picked":["Predator","Slice+1"],"picked":"Footwork","floor":34},{"not_picked":["Flying Knee","Outmaneuver","Predator"],"picked":"SKIP","floor":35},{"not_picked":["Underhanded Strike","Venomology","Heel Hook"],"picked":"SKIP","floor":36},{"not_picked":["Violence","Transmutation"],"picked":"Dark Shackles","floor":37},{"not_picked":["Outmaneuver","Poisoned Stab"],"picked":"Prepared+1","floor":39},{"not_picked":["Finisher+1","Deflect+1"],"picked":"Wraith Form v2","floor":47}],"player_experience":415074,"relics_obtained":[{"floor":6,"key":"Oddly Smooth Stone"},{"floor":9,"key":"Paper Crane"},{"floor":10,"key":"Tough Bandages"},{"floor":12,"key":"Thread and Needle"},{"floor":13,"key":"Pear"},{"floor":17,"key":"Regal Pillow"},{"floor":17,"key":"Blue Candle"},{"floor":17,"key":"Incense Burner"},{"floor":19,"key":"Enchiridion"},{"floor":24,"key":"Vajra"},{"floor":26,"key":"Kunai"},{"floor":30,"key":"Mango"},{"floor":43,"key":"Potion Belt"},{"floor":48,"key":"Bag of Marbles"}],"event_choices":[{"damage_healed":0,"gold_gain":0,"player_choice":"Paid Gold","damage_taken":0,"relics_obtained":["Ornamental Fan"],"max_hp_gain":0,"max_hp_loss":0,"event_name":"WeMeetAgain","floor":2,"gold_loss":83},{"damage_healed":0,"gold_gain":0,"player_choice":"Ignored","damage_taken":0,"max_hp_gain":0,"max_hp_loss":0,"event_name":"Liars Game","floor":5,"gold_loss":0},{"damage_healed":0,"gold_gain":0,"player_choice":"Obtained Book","damage_taken":16,"max_hp_gain":0,"max_hp_loss":0,"event_name":"Cursed Tome","floor":19,"gold_loss":0},{"damage_healed":0,"gold_gain":0,"player_choice":"Forge","damage_taken":0,"max_hp_gain":0,"max_hp_loss":0,"event_name":"Accursed Blacksmith","floor":22,"gold_loss":0,"cards_upgraded":["Neutralize"]},{"damage_healed":0,"gold_gain":0,"player_choice":"Memory 1","damage_taken":0,"max_hp_gain":0,"max_hp_loss":0,"event_name":"SensoryStone","floor":37,"gold_loss":0},{"damage_healed":0,"gold_gain":0,"player_choice":"Copied","damage_taken":0,"max_hp_gain":0,"max_hp_loss":0,"event_name":"Duplicator","floor":38,"gold_loss":0,"cards_obtained":["Cloak And Dagger"]},{"damage_healed":24,"gold_gain":0,"player_choice":"Writhe","damage_taken":0,"max_hp_gain":0,"max_hp_loss":0,"event_name":"Winding Halls","floor":41,"gold_loss":0,"cards_obtained":["Writhe"]},{"damage_healed":0,"gold_gain":0,"player_choice":"Ignored","damage_taken":0,"max_hp_gain":0,"max_hp_loss":0,"event_name":"Tomb of Lord Red Mask","floor":42,"gold_loss":0},{"damage_healed":0,"gold_gain":0,"player_choice":"Ignored","damage_taken":0,"max_hp_gain":0,"max_hp_loss":0,"event_name":"Mysterious Sphere","floor":46,"gold_loss":0}],"is_beta":false,"boss_relics":[{"not_picked":["HoveringKite","White Beast Statue"],"picked":"Calling Bell"},{"not_picked":["Busted Crown","Tiny House"],"picked":"Orrery"}],"items_purged_floors":[20],"is_endless":false,"potions_floor_spawned":[1,14,16,21,24,31,33,35,39],"killed_by":"Time Eater","ascension_level":10}