{"gold_per_floor":[359,66,76,24,42,42,77,77,101,101,101,136,156,172,172,244,244,261,275,60,60,60,60,89,89,112,128,139,49,62,90,102,193,205,232,244,256,268,280,292,320,343,380,411,423,451,463,0,12,24],"floor_reached":51,"playtime":2571,"items_purged":["Strike_G","Strike_G"],"score":1407,"play_id":"7cb5c0b5-1635-4fb3-8bef-bee093287ad2","local_time":"20181021234433","is_ascension_mode":true,"campfire_choices":[{"data":"Riddle With Holes","floor":6,"key":"SMITH"},{"data":"Sucker Punch","floor":8,"key":"SMITH"},{"data":"Blur","floor":11,"key":"SMITH"},{"data":"Cloak And Dagger","floor":15,"key":"SMITH"},{"data":"Footwork","floor":23,"key":"SMITH"},{"data":"Footwork","floor":32,"key":"SMITH"},{"data":"Envenom","floor":40,"key":"SMITH"},{"data":"Catalyst","floor":47,"key":"SMITH"},{"data":"Malaise","floor":49,"key":"SMITH"}],"neow_cost":"TEN_PERCENT_HP_LOSS","seed_source_timestamp":1047212394259956,"circlet_count":0,"master_deck":["Defend_G","Defend_G","Defend_G","Defend_G","Survivor","Neutralize+1","AscendersBane","Riddle With Holes+1","Flying Knee","Sucker Punch+1","Blur+1","Dash","Infinite Blades","Cloak And Dagger+1","Envenom+1","Escape Plan","Backflip","Footwork+1","Backstab+1","Footwork+1","Bite","Bite","Bite","Bite+1","Bite","Backstab","Corpse Explosion","Escape Plan","After Image","Deflect","Malaise+1","Blur","Good Instincts","Catalyst+1"],"relics":["Ring of the Serpent","Anchor","Snake Skull","Kunai","Sozu","Omamori","Whetstone","MawBank","Molten Egg 2","StoneCalendar","Art of War","WarpedTongs","Red Mask"],"potions_floor_usage":[7,12,12,31],"damage_taken":[{"damage":8,"enemies":"Cultist","floor":1,"turns":5},{"damage":10,"enemies":"Small Slimes","floor":3,"turns":4},{"damage":1,"enemies":"Jaw Worm","floor":5,"turns":3},{"damage":3,"enemies":"Gremlin Nob","floor":7,"turns":3},{"damage":10,"enemies":"3 Sentries","floor":12,"turns":7},{"damage":2,"enemies":"Exordium Thugs","floor":13,"turns":6},{"damage":1,"enemies":"3 Louse","floor":14,"turns":5},{"damage":10,"enemies":"Slime Boss","floor":16,"turns":16},{"damage":0,"enemies":"Shell Parasite","floor":18,"turns":5},{"damage":0,"enemies":"Chosen","floor":19,"turns":5},{"damage":27,"enemies":"Book of Stabbing","floor":24,"turns":6},{"damage":22,"enemies":"Snecko","floor":27,"turns":7},{"damage":8,"enemies":"Snake Plant","floor":28,"turns":4},{"damage":10,"enemies":"Shelled Parasite and Fungi","floor":30,"turns":9},{"damage":3,"enemies":"Gremlin Leader","floor":31,"turns":5},{"damage":6,"enemies":"Champ","floor":33,"turns":18},{"damage":0,"enemies":"3 Darklings","floor":35,"turns":3},{"damage":0,"enemies":"Mind Bloom Boss Battle","floor":38,"turns":8},{"damage":4,"enemies":"Orb Walker","floor":41,"turns":5},{"damage":0,"enemies":"Maw","floor":42,"turns":9},{"damage":16,"enemies":"Writhing Mass","floor":44,"turns":7},{"damage":0,"enemies":"4 Shapes","floor":46,"turns":6},{"damage":30,"enemies":"Awakened One","floor":50,"turns":18}],"seed_played":"6804442761732312157","potions_obtained":[{"floor":3,"key":"Explosive Potion"},{"floor":7,"key":"AttackPotion"},{"floor":16,"key":"SneckoOil"}],"is_trial":false,"path_per_floor":["M","$","M","$","M","R","E","R","T","?","R","E","M","M","R","B",null,"M","M","$","?","?","R","E","?","T","M","M","$","M","E","R","B",null,"M","?","T","?","?","R","M","M","T","M","?","M","R","?","R","B"],"character_chosen":"THE_SILENT","items_purchased":["SteroidPotion","Blood Vial","Sucker Punch","Footwork","Backstab","Corpse Explosion"],"campfire_rested":0,"item_purchase_floors":[2,2,4,20,20,29],"current_hp_per_floor":[51,51,43,43,44,44,43,43,43,43,43,35,35,36,36,28,52,54,56,56,56,56,56,37,37,37,31,27,27,39,45,45,60,60,60,60,60,60,60,60,59,60,60,60,60,60,60,60,60,60],"gold":36,"neow_bonus":"TWO_FIFTY_GOLD","is_prod":false,"is_daily":false,"chose_seed":false,"campfire_upgraded":9,"win_rate":0,"timestamp":1540179873,"path_taken":["M","$","?","$","M","R","E","R","T","?","R","E","M","?","R","BOSS","M","M","$","?","?","R","E","?","T","M","M","$","M","E","R","BOSS","M","?","?","?","?","R","M","M","T","?","?","M","R","?","R","BOSS"],"build_version":"2018-10-18","purchased_purges":2,"victory":true,"max_hp_per_floor":[60,60,60,60,60,60,60,60,60,60,60,60,60,60,60,60,60,60,60,60,60,60,60,60,60,60,60,60,60,60,60,60,60,60,60,60,60,60,60,60,60,60,60,60,60,60,60,60,60,60],"card_choices":[{"not_picked":["Deadly Poison","Calculated Gamble"],"picked":"Riddle With Holes","floor":1},{"not_picked":["Bane","PiercingWail"],"picked":"Flying Knee","floor":3},{"not_picked":["Slice","Outmaneuver"],"picked":"Blur","floor":5},{"not_picked":["Endless Agony","Unload","Flying Knee"],"picked":"SKIP","floor":7},{"not_picked":["Sucker Punch","Accuracy"],"picked":"Dash","floor":12},{"not_picked":["Bane","Quick Slash"],"picked":"Infinite Blades","floor":13},{"not_picked":["Blur","Flying Knee"],"picked":"Cloak And Dagger","floor":14},{"not_picked":["Wraith Form v2","After Image"],"picked":"Envenom","floor":16},{"not_picked":["Acrobatics","Outmaneuver"],"picked":"Escape Plan","floor":18},{"not_picked":["Quick Slash","Dodge and Roll+1"],"picked":"Backflip","floor":19},{"not_picked":["Reflex","Underhanded Strike","Bane"],"picked":"SKIP","floor":24},{"not_picked":["Sucker Punch","Flying Knee","Underhanded Strike"],"picked":"SKIP","floor":27},{"not_picked":["Bane","Footwork"],"picked":"Backstab","floor":28},{"not_picked":["Slice","Doppelganger"],"picked":"Escape Plan","floor":30},{"not_picked":["Finisher","Flying Knee","Sucker Punch"],"picked":"SKIP","floor":31},{"not_picked":["Glass Knife","Wraith Form v2"],"picked":"After Image","floor":33},{"not_picked":["Quick Slash","Slice"],"picked":"Deflect","floor":35},{"not_picked":["Endless Agony+1","Acrobatics"],"picked":"Blur","floor":38},{"not_picked":["Panacea","Mind Blast+1"],"picked":"Good Instincts","floor":39},{"not_picked":["Eviscerate+1","Blade Dance","Backflip"],"picked":"SKIP","floor":41},{"not_picked":["Sucker Punch+1","Deflect","Acrobatics+1"],"picked":"SKIP","floor":42},{"not_picked":["Reflex","Cloak And Dagger"],"picked":"Catalyst","floor":44},{"not_picked":["Outmaneuver","Distraction+1","Crippling Poison"],"picked":"SKIP","floor":46}],"player_experience":794975,"relics_obtained":[{"floor":7,"key":"Anchor"},{"floor":9,"key":"Snake Skull"},{"floor":12,"key":"Kunai"},{"floor":24,"key":"Omamori"},{"floor":26,"key":"Whetstone"},{"floor":31,"key":"MawBank"},{"floor":37,"key":"Molten Egg 2"},{"floor":38,"key":"StoneCalendar"},{"floor":43,"key":"Art of War"}],"event_choices":[{"damage_healed":0,"gold_gain":0,"player_choice":"Upgraded","damage_taken":0,"max_hp_gain":0,"max_hp_loss":0,"event_name":"Upgrade Shrine","floor":10,"gold_loss":0,"cards_upgraded":["Neutralize"]},{"damage_healed":0,"gold_gain":0,"player_choice":"Read","damage_taken":0,"max_hp_gain":0,"max_hp_loss":0,"event_name":"The Library","floor":21,"gold_loss":0,"cards_obtained":["Footwork"]},{"damage_healed":0,"gold_gain":0,"player_choice":"Became a vampire (Vial)","damage_taken":0,"max_hp_gain":0,"max_hp_loss":0,"event_name":"Vampires","floor":22,"relics_lost":["Blood Vial"],"gold_loss":0,"cards_obtained":["Bite","Bite","Bite","Bite","Bite"]},{"damage_healed":0,"gold_gain":0,"player_choice":"Got Potions","damage_taken":0,"max_hp_gain":0,"max_hp_loss":0,"event_name":"The Lab","floor":25,"gold_loss":0},{"damage_healed":0,"gold_gain":0,"cards_transformed":["Defend_G"],"player_choice":"Transformed","damage_taken":0,"max_hp_gain":0,"max_hp_loss":0,"event_name":"Transmorgrifier","floor":36,"gold_loss":0,"cards_obtained":["Malaise"]},{"damage_healed":0,"gold_gain":0,"player_choice":"Fight","damage_taken":0,"max_hp_gain":0,"max_hp_loss":0,"event_name":"MindBloom","floor":38,"gold_loss":0},{"damage_healed":0,"gold_gain":0,"player_choice":"Memory 1","damage_taken":0,"max_hp_gain":0,"max_hp_loss":0,"event_name":"SensoryStone","floor":39,"gold_loss":0},{"damage_healed":0,"gold_gain":0,"player_choice":"Rummage","damage_taken":0,"relics_obtained":["WarpedTongs"],"max_hp_gain":0,"max_hp_loss":0,"event_name":"Accursed Blacksmith","floor":45,"gold_loss":0,"cards_obtained":["Pain"]},{"damage_healed":0,"gold_gain":0,"player_choice":"Paid","damage_taken":0,"relics_obtained":["Red Mask"],"max_hp_gain":0,"max_hp_loss":0,"event_name":"Tomb of Lord Red Mask","floor":48,"gold_loss":475}],"is_beta":false,"boss_relics":[{"not_picked":["Busted Crown","HoveringKite"],"picked":"Sozu"},{"not_picked":["Black Star","WristBlade"],"picked":"Ring of the Serpent"}],"items_purged_floors":[2,20],"is_endless":false,"potions_floor_spawned":[3,5,7,16,19,28,30,33,38,41,42],"ascension_level":19}