{"gold_per_floor":[113,34,34,84,102,132,132,162,162,175,189,75,89,100,100,176,176,188,188,203,218,234,234,268,283,283,283,293,328,347,365,365,365],"floor_reached":33,"playtime":2172,"items_purged":["Defend_B"],"score":561,"play_id":"984c19f4-3644-4bd3-af94-d15b1b040f8a","local_time":"20180923000223","is_ascension_mode":true,"campfire_choices":[{"data":"Zap","floor":7.0,"key":"SMITH"},{"data":"Glacier","floor":15.0,"key":"SMITH"},{"data":"Recycle","floor":23.0,"key":"SMITH"},{"floor":27.0,"key":"REST"},{"data":"Seek","floor":32,"key":"SMITH"}],"neow_cost":"NONE","seed_source_timestamp":631612008292832,"circlet_count":0,"master_deck":["Strike_B+1","Strike_B+1","Strike_B+1","Strike_B+1","Defend_B+1","Defend_B+1","Defend_B+1","Zap+1","Dualcast","AscendersBane","Sweeping Beam","Lockon","Decay","Beam Cell","Conserve Battery","Genetic Algorithm","Conserve Battery","Fusion","Glacier+1","Consume","Meteor Strike","Rebound+1","White Noise","Recycle+1","Seek+1","Turbo","Sweeping Beam+1","Hologram"],"special_seed":0,"relics":["FrozenCore","Centennial Puzzle","Letter Opener","Anchor","Pantograph","Kunai","The Courier","Dead Branch"],"potions_floor_usage":[29],"damage_taken":[{"damage":6.0,"enemies":"Cultist","floor":1.0,"turns":3.0},{"damage":1.0,"enemies":"2 Louse","floor":5.0,"turns":2.0},{"damage":17.0,"enemies":"Lagavulin","floor":6.0,"turns":6.0},{"damage":16.0,"enemies":"Gremlin Nob","floor":8.0,"turns":3.0},{"damage":0.0,"enemies":"Small Slimes","floor":10.0,"turns":3.0},{"damage":0.0,"enemies":"Blue Slaver","floor":11.0,"turns":3.0},{"damage":14.0,"enemies":"3 Louse","floor":13.0,"turns":3.0},{"damage":0.0,"enemies":"Looter","floor":14.0,"turns":4.0},{"damage":33.0,"enemies":"Hexaghost","floor":16.0,"turns":13.0},{"damage":1.0,"enemies":"Spheric Guardian","floor":18.0,"turns":6.0},{"damage":0.0,"enemies":"Shell Parasite","floor":20.0,"turns":9.0},{"damage":0.0,"enemies":"Snecko","floor":21.0,"turns":5.0},{"damage":8.0,"enemies":"Shelled Parasite and Fungi","floor":22.0,"turns":7.0},{"damage":33.0,"enemies":"Gremlin Leader","floor":24.0,"turns":7.0},{"damage":3.0,"enemies":"Centurion and Healer","floor":25.0,"turns":10.0},{"damage":0.0,"enemies":"Snecko","floor":28.0,"turns":6.0},{"damage":12,"enemies":"Book of Stabbing","floor":29,"turns":7},{"damage":11,"enemies":"Cultist and Chosen","floor":30,"turns":7},{"damage":5,"enemies":"Sentry and Sphere","floor":31,"turns":6},{"damage":29,"enemies":"Automaton","floor":33,"turns":4}],"seed_played":"-226492689311015835","potions_obtained":[{"floor":1.0,"key":"EntropicBrew"},{"floor":8.0,"key":"SpeedPotion"},{"floor":13.0,"key":"FocusPotion"},{"floor":14.0,"key":"FearPotion"},{"floor":16.0,"key":"GamblersBrew"},{"floor":20.0,"key":"PowerPotion"},{"floor":22.0,"key":"Energy Potion"},{"floor":24.0,"key":"SteroidPotion"},{"floor":28.0,"key":"SpeedPotion"}],"is_trial":false,"path_per_floor":["M","$","?","?","M","E","R","E","T","M","M","$","M","M","R","B",null,"M","?","M","M","M","R","E","M","T","R","M","E","M","M","R"],"character_chosen":"DEFECT","items_purchased":["Lockon","Glacier"],"campfire_rested":1,"item_purchase_floors":[2,12],"current_hp_per_floor":[58,58,58,58,57,40,40,24,24,24,24,24,10,10,10,2,54,53,53,53,53,45,45,12,9,9,30,30,18,7,2,2,0],"gold":365,"neow_bonus":"RANDOM_COMMON_RELIC","is_prod":false,"is_daily":false,"chose_seed":false,"campfire_upgraded":4,"win_rate":0,"timestamp":1537675343,"path_taken":["M","$","?","?","M","E","R","E","T","M","M","$","M","M","R","BOSS","M","?","M","M","M","R","E","M","T","R","M","E","M","M","R","BOSS"],"build_version":"2018-09-20","purchased_purges":1,"victory":false,"max_hp_per_floor":[71,71,71,71,71,71,71,71,71,71,71,71,71,71,71,71,71,71,71,71,71,71,71,71,71,71,71,71,71,71,71,71,71],"card_choices":[{"not_picked":["Aggregate","Turbo"],"picked":"Sweeping Beam","floor":1.0},{"not_picked":["Steam Power","Chill"],"picked":"Beam Cell","floor":5.0},{"not_picked":["Coolheaded","Steam Power"],"picked":"Conserve Battery","floor":6.0},{"not_picked":["Steam","Gash"],"picked":"Genetic Algorithm","floor":8.0},{"not_picked":["Storm","Redo"],"picked":"Conserve Battery","floor":10.0},{"not_picked":["Buffer","Coolheaded"],"picked":"Fusion","floor":11.0},{"not_picked":["Streamline","Force Field"],"picked":"Consume","floor":13.0},{"not_picked":["Cold Snap","Redo","Conserve Battery"],"picked":"SKIP","floor":14.0},{"not_picked":["Hyperbeam","All For One"],"picked":"Meteor Strike","floor":16.0},{"not_picked":["Steam Power+1","Barrage"],"picked":"Rebound+1","floor":18.0},{"not_picked":["Turbo","Redo","Coolheaded"],"picked":"SKIP","floor":20.0},{"not_picked":["Cold Snap","Turbo"],"picked":"White Noise","floor":21.0},{"not_picked":["Rebound+1","Hello World"],"picked":"Recycle","floor":22.0},{"not_picked":["Steam","Barrage"],"picked":"Seek","floor":24.0},{"not_picked":["Melter","Force Field"],"picked":"Turbo","floor":25.0},{"not_picked":["Redo","Sweeping Beam","Storm"],"picked":"SKIP","floor":28.0},{"not_picked":["Stack","Auto Shields"],"picked":"Sweeping Beam+1","floor":29},{"not_picked":["Compile Driver","Lockon","Turbo"],"picked":"SKIP","floor":30},{"not_picked":["Skim","Barrage"],"picked":"Hologram","floor":31}],"player_experience":692012,"relics_obtained":[{"floor":6.0,"key":"Letter Opener"},{"floor":8.0,"key":"Anchor"},{"floor":9.0,"key":"Pantograph"},{"floor":24.0,"key":"Kunai"},{"floor":26.0,"key":"The Courier"},{"floor":29,"key":"Dead Branch"}],"event_choices":[{"event_name":"Wheel of Change","player_choice":"Curse","floor":3.0,"damage_taken":0.0},{"event_name":"Golden Shrine","player_choice":"Pray","floor":4.0,"damage_taken":0.0},{"event_name":"Back to Basics","player_choice":"Simplicity","floor":19.0,"damage_taken":0.0}],"is_beta":false,"boss_relics":[{"not_picked":["Black Star","Philosopher\u0027s Stone"],"picked":"FrozenCore"}],"items_purged_floors":[12],"is_endless":false,"potions_floor_spawned":[1,8,13,14,16,20,22,24,28],"killed_by":"Automaton","ascension_level":17}