{"path_per_floor":["M","?","$","M","M","E","M","R","T","M","M","?","R","$","R","B",null,"M","?","M","M","$","R","E","R","T","E","T","M","M","M","R"],"character_chosen":"IRONCLAD","items_purchased":["Inflame","Regen Potion","Block Potion"],"gold_per_floor":[111,164,12,22,42,73,91,91,91,102,118,193,193,93,93,197,197,197,147,117,117,15,15,15,15,15,15,15,15,15,15,15],"floor_reached":33,"campfire_rested":2,"playtime":1452,"current_hp_per_floor":[78,78,78,80,80,53,32,32,32,34,37,26,50,50,50,52,73,79,79,75,61,61,61,51,51,51,56,56,49,43,43,67],"items_purged":["Strike_R","Strike_R"],"gold":15,"score":376,"play_id":"fd4638f0-6995-4fc9-80ab-89112b0a0e4c","is_prod":false,"is_daily":false,"is_ascension_mode":true,"campfire_upgraded":4,"path_taken":["M","?","$","?","M","E","M","R","T","M","M","?","R","?","R","BOSS","M","?","M","?","$","R","E","R","T","E","?","?","M","?","R","BOSS"],"build_version":"2018-02-15-PROD1","purchased_purges":2,"victory":false,"master_deck":["Strike_R","Strike_R","Strike_R","Defend_R","Defend_R","Defend_R","Defend_R","Bash","Searing Blow+4","Inflame","Shrug It Off","Whirlwind+1","True Grit","Offering","Double Tap","Armaments+1","Flex","True Grit+1","Ghostly Armor+1"],"max_hp_per_floor":[80,80,80,80,80,80,80,80,80,80,80,80,80,80,80,80,80,80,80,80,80,80,80,80,80,80,80,80,80,80,80,80],"relics":["Burning Blood","NeowsBlessing","Molten Egg 2","Lantern","Ectoplasm","Oddly Smooth Stone","Tiny Chest","Prayer Wheel","Old Coin"],"card_choices":[{"not_picked":["Sentinel","Ghostly Armor"],"picked":"Searing Blow"},{"not_picked":["Twin Strike","Pommel Strike"],"picked":"Shrug It Off"},{"not_picked":["Rage","Clash"],"picked":"Whirlwind"},{"not_picked":["Rage","Perfected Strike"],"picked":"True Grit"},{"not_picked":["Heavy Blade","Sword Boomerang"],"picked":"Offering"},{"not_picked":["Limit Break","Berserk"],"picked":"Double Tap"},{"not_picked":["Pommel Strike","Reckless Charge"],"picked":"Armaments"},{"not_picked":["Limit Break","Feel No Pain"],"picked":"Flex"},{"not_picked":["Body Slam","Seeing Red"],"picked":"True Grit"},{"not_picked":["Flame Barrier","Pommel Strike"],"picked":"Ghostly Armor"}],"player_experience":198534,"potions_floor_usage":[6,6,20,21,27,27,27,30],"damage_taken":[{"damage":0,"enemies":"Small Slimes","floor":1,"turns":1},{"damage":0,"enemies":"Jaw Worm","floor":4,"turns":1},{"damage":0,"enemies":"Cultist","floor":5,"turns":1},{"damage":33,"enemies":"3 Sentries","floor":6,"turns":8},{"damage":27,"enemies":"Large Slime","floor":7,"turns":6},{"damage":4,"enemies":"2 Fungi Beasts","floor":10,"turns":3},{"damage":3,"enemies":"Red Slaver","floor":11,"turns":6},{"damage":4,"enemies":"Slime Boss","floor":16,"turns":7},{"damage":0,"enemies":"Spheric Guardian","floor":18,"turns":1},{"damage":10,"enemies":"2 Thieves","floor":20,"turns":3},{"damage":20,"enemies":"Snecko","floor":21,"turns":4},{"damage":16,"enemies":"Slavers","floor":24,"turns":3},{"damage":7,"enemies":"Book of Stabbing","floor":27,"turns":3},{"damage":13,"enemies":"Centurion and Healer","floor":29,"turns":4},{"damage":12,"enemies":"Snake Plant","floor":30,"turns":2},{"damage":6,"enemies":"Chosen and Byrds","floor":31,"turns":5},{"damage":83,"enemies":"Champ","floor":33,"turns":9}],"event_choices":[{"event_name":"Golden Wing","player_choice":"Gained Gold","floor":2,"damage_taken":0},{"event_name":"World of Goop","player_choice":"Gather Gold","floor":12,"damage_taken":0},{"event_name":"The Joust","player_choice":"Bet on Murderer","floor":19,"damage_taken":0}],"boss_relics":[{"not_picked":["Runic Pyramid","Orrery"],"picked":"Ectoplasm"}],"potions_floor_spawned":[1,5,11,18,21,29,30,31],"seed_played":"-2101752643686286600","killed_by":"Champ","ascension_level":6,"is_trial":false}