{"path_per_floor":["M","M","?","?","$","E","R","$","T","R","?","M","M","M","R"],"character_chosen":"THE_SILENT","items_purchased":["Escape Plan","Well Laid Plans","Prepared"],"gold_per_floor":[215,225,225,225,36,64,64,38,38,38,38,55,74,89,89,89],"floor_reached":16,"campfire_rested":2,"playtime":1977,"item_purchase_floors":[5,5,8],"current_hp_per_floor":[70,70,70,70,70,30,30,30,30,51,37,37,28,28,49,0],"items_purged":["Strike_G"],"gold":89,"score":100,"play_id":"cc48a607-b201-465d-98bb-d44dedfe974c","local_time":"20180528152714","is_prod":false,"is_daily":false,"chose_seed":false,"is_ascension_mode":false,"campfire_upgraded":1,"win_rate":0.0,"timestamp":1527517634,"campfire_choices":[{"data":"Neutralize","floor":7,"key":"SMITH"},{"floor":10,"key":"REST"},{"floor":15,"key":"REST"}],"path_taken":["M","M","?","?","$","E","R","$","T","R","?","M","?","?","R","BOSS"],"build_version":"2018-05-24","seed_source_timestamp":473844839136165,"purchased_purges":1,"victory":false,"master_deck":["Defend_G+1","Defend_G","Defend_G+1","Defend_G","Defend_G","Strike_G","Strike_G","Strike_G","Survivor","Neutralize+1","Acrobatics","Predator","Escape Plan","Well Laid Plans","Backflip","Prepared","Reflex","Deflect","Quick Slash"],"max_hp_per_floor":[70,70,70,70,70,70,70,70,70,70,70,70,70,70,70,70],"relics":["Ring of the Snake","Bottled Flame","Girya"],"card_choices":[{"not_picked":["Sucker Punch","Crippling Poison","PiercingWail"],"picked":"SKIP","floor":1},{"not_picked":["Backflip","PiercingWail"],"picked":"Acrobatics","floor":2},{"not_picked":["Crippling Poison","Skewer"],"picked":"Backflip","floor":6},{"not_picked":["Quick Slash","Prepared"],"picked":"Reflex","floor":12},{"not_picked":["Corpse Explosion","Blade Dance"],"picked":"Deflect","floor":13},{"not_picked":["Reflex","Underhanded Strike"],"picked":"Quick Slash","floor":14}],"player_experience":161387,"potions_floor_usage":[16,16,16],"damage_taken":[{"damage":0,"enemies":"Cultist","floor":1,"turns":4},{"damage":0,"enemies":"2 Louse","floor":2,"turns":3},{"damage":40,"enemies":"Gremlin Nob","floor":6,"turns":5},{"damage":0,"enemies":"Small Slimes","floor":12,"turns":3},{"damage":9,"enemies":"Exordium Thugs","floor":13,"turns":7},{"damage":0,"enemies":"3 Louse","floor":14,"turns":6},{"damage":50,"enemies":"Hexaghost","floor":16,"turns":16}],"relics_obtained":[{"floor":6,"key":"Bottled Flame"},{"floor":9,"key":"Girya"}],"event_choices":[{"event_name":"The Lab","player_choice":"Got Potions","floor":3,"damage_taken":0},{"event_name":"Transmorgrifier","player_choice":"Transform","floor":4,"damage_taken":0},{"event_name":"Shining Light","player_choice":"Entered Light","floor":11,"damage_taken":0}],"boss_relics":[],"items_purged_floors":[5],"potions_floor_spawned":[2,6,14],"seed_played":"-6006768545370790118","killed_by":"Hexaghost","ascension_level":0,"potions_obtained":[{"floor":2,"key":"Dexterity Potion"},{"floor":3,"key":"GamblersBrew"},{"floor":3,"key":"Weak Potion"},{"floor":14,"key":"SteroidPotion"}],"is_trial":false}