{"gold_per_floor":[110,130,142,8,21,54,54,81,107,107,142,153,171,171,171,249,249,268,285,210,229,229,229,78,78,78,78,97,114,125,138,138,138],"floor_reached":33,"playtime":1313,"items_purged":["Strike_B"],"score":488,"play_id":"4eda7a64-d40d-433b-848f-34c5cc94c14e","local_time":"20180914175705","is_ascension_mode":true,"campfire_choices":[{"floor":7.0,"key":"REST"},{"floor":10.0,"key":"REST"},{"data":"Defragment","floor":15,"key":"SMITH"},{"floor":23,"key":"REST"},{"data":"Hologram","floor":25,"key":"SMITH"},{"floor":32,"key":"REST"}],"neow_cost":"NONE","seed_source_timestamp":165368771687507,"circlet_count":0,"master_deck":["Strike_B+1","Strike_B+1","Strike_B+1","Defend_B+1","Defend_B+1","Defend_B+1","Defend_B+1","Zap","Dualcast","AscendersBane","Streamline","Hologram+1","Beam Cell","Defragment+1","Biased Cognition","Reinforced Body","Cold Snap","Leap","Defragment","Electrodynamics","Sweeping Beam","Capacitor","Decay","Genetic Algorithm+1","Coolheaded+1","Barrage"],"special_seed":0,"relics":["Cracked Core","Ancient Tea Set","Art of War","Anchor","Boot","Pen Nib","Cursed Key","PreservedInsect"],"potions_floor_usage":[16,18,28,29,29,33],"damage_taken":[{"damage":1.0,"enemies":"Cultist","floor":1.0,"turns":4.0},{"damage":2.0,"enemies":"Jaw Worm","floor":2.0,"turns":3.0},{"damage":0.0,"enemies":"2 Louse","floor":3.0,"turns":3.0},{"damage":22.0,"enemies":"Large Slime","floor":5.0,"turns":4.0},{"damage":18.0,"enemies":"Gremlin Nob","floor":6.0,"turns":3.0},{"damage":35.0,"enemies":"3 Sentries","floor":8.0,"turns":6.0},{"damage":7.0,"enemies":"Gremlin Nob","floor":11.0,"turns":3.0},{"damage":0.0,"enemies":"Exordium Thugs","floor":12.0,"turns":3.0},{"damage":2.0,"enemies":"Exordium Wildlife","floor":13.0,"turns":4.0},{"damage":11,"enemies":"The Guardian","floor":16,"turns":11},{"damage":1,"enemies":"Shell Parasite","floor":18,"turns":5},{"damage":44,"enemies":"2 Thieves","floor":19,"turns":4},{"damage":5,"enemies":"Snecko","floor":21,"turns":4},{"damage":16,"enemies":"Snake Plant","floor":28,"turns":4},{"damage":0,"enemies":"3 Cultists","floor":29,"turns":3},{"damage":4,"enemies":"Centurion and Healer","floor":30,"turns":6},{"damage":0,"enemies":"Snake Plant","floor":31,"turns":3},{"damage":42,"enemies":"Automaton","floor":33,"turns":8}],"seed_played":"8926371023543139799","potions_obtained":[{"floor":1.0,"key":"GamblersBrew"},{"floor":2.0,"key":"Explosive Potion"},{"floor":8.0,"key":"AttackPotion"},{"floor":11.0,"key":"Weak Potion"},{"floor":16,"key":"SkillPotion"},{"floor":21,"key":"FocusPotion"},{"floor":28,"key":"Regen Potion"},{"floor":29,"key":"Block Potion"},{"floor":30,"key":"Poison Potion"}],"is_trial":false,"path_per_floor":["M","M","M","$","M","E","R","E","T","R","E","M","M","?","R","B",null,"M","M","$","M","T","R","$","R","T","?","M","M","M","M","R"],"character_chosen":"DEFECT","items_purchased":["Defragment","PowerPotion","Capacitor","PowerPotion"],"campfire_rested":4,"item_purchase_floors":[4,4,24,24],"current_hp_per_floor":[63,61,61,61,39,21,42,7,7,28,21,21,19,19,19,8,55,54,10,10,5,5,26,26,26,26,26,10,19,15,15,36,0],"gold":138,"neow_bonus":"RANDOM_COMMON_RELIC","is_prod":false,"is_daily":false,"chose_seed":false,"campfire_upgraded":2,"win_rate":0,"timestamp":1536962225,"path_taken":["M","M","M","$","M","E","R","E","T","R","E","M","M","?","R","BOSS","M","M","$","?","?","R","?","R","T","?","?","M","M","M","R","BOSS"],"build_version":"2018-09-06","purchased_purges":1,"victory":false,"max_hp_per_floor":[71,71,71,71,71,71,71,71,71,71,71,71,71,71,71,71,71,71,71,71,71,71,71,71,71,71,71,71,71,71,71,71,71],"card_choices":[{"not_picked":["Chaos","Hologram"],"picked":"Streamline","floor":1.0},{"not_picked":["Gash","Streamline"],"picked":"Hologram","floor":2.0},{"not_picked":["Stack","Turbo"],"picked":"Beam Cell","floor":3.0},{"not_picked":["Turbo","Gash","Rip and Tear"],"picked":"SKIP","floor":5.0},{"not_picked":["Melter","Reprogram"],"picked":"Biased Cognition","floor":6.0},{"not_picked":["Consume","Rebound"],"picked":"Reinforced Body","floor":8.0},{"not_picked":["Steam","Skim"],"picked":"Cold Snap","floor":11.0},{"not_picked":["Beam Cell","Streamline"],"picked":"Leap","floor":12.0},{"not_picked":["Steam Power","Turbo"],"picked":"Defragment","floor":13.0},{"not_picked":["Core Surge","Biased Cognition"],"picked":"Electrodynamics","floor":16},{"not_picked":["Steam","Stack"],"picked":"Sweeping Beam","floor":18},{"not_picked":["Streamline","Sweeping Beam","Stack"],"picked":"SKIP","floor":19},{"not_picked":["Rebound","Beam Cell","Sweeping Beam"],"picked":"SKIP","floor":21},{"not_picked":["Steam","Rip and Tear+1"],"picked":"Genetic Algorithm+1","floor":28},{"not_picked":["Buffer","Steam"],"picked":"Coolheaded+1","floor":29},{"not_picked":["Leap","Static Discharge"],"picked":"Barrage","floor":30},{"not_picked":["Steam","Compile Driver","Stack"],"picked":"SKIP","floor":31}],"player_experience":651699,"relics_obtained":[{"floor":6.0,"key":"Art of War"},{"floor":8.0,"key":"Anchor"},{"floor":9.0,"key":"Boot"},{"floor":11.0,"key":"Pen Nib"},{"floor":26,"key":"PreservedInsect"}],"event_choices":[{"event_name":"Dead Adventurer","player_choice":"Searched \u00270\u0027 times","floor":14,"damage_taken":0},{"event_name":"Back to Basics","player_choice":"Simplicity","floor":27,"damage_taken":0}],"is_beta":false,"boss_relics":[{"not_picked":["Orrery","Calling Bell"],"picked":"Cursed Key"}],"items_purged_floors":[20],"is_endless":false,"potions_floor_spawned":[1,2,8,11,16,21,28,29,30],"killed_by":"Automaton","ascension_level":16}