{"gold_per_floor":[109,124,134,147,161,191,204,234,234,250,250,250,250,283,283,283],"floor_reached":16,"playtime":616,"items_purged":[],"score":261,"play_id":"df5ae452-ef82-4bf4-81f3-63030e741b51","local_time":"20181121201902","is_ascension_mode":true,"campfire_choices":[{"floor":11,"key":"REST"},{"data":"Uppercut","floor":15,"key":"SMITH"}],"neow_cost":"NONE","seed_source_timestamp":81012824921392,"circlet_count":0,"master_deck":["AscendersBane","Strike_R","Strike_R","Strike_R","Strike_R+1","Defend_R","Defend_R","Defend_R","Defend_R","Bash","Headbutt+1","Havoc","Flex","Clothesline","Cleave","Uppercut+1","Immolate","Rupture","Burning Pact","Pummel"],"relics":["Burning Blood","Blood Vial","Regal Pillow","Pen Nib","Whetstone","Bottled Tornado"],"potions_floor_usage":[6,6,16],"damage_taken":[{"damage":19,"enemies":"Jaw Worm","floor":1,"turns":6},{"damage":3,"enemies":"2 Louse","floor":2,"turns":3},{"damage":6,"enemies":"Cultist","floor":3,"turns":5},{"damage":31,"enemies":"Large Slime","floor":4,"turns":7},{"damage":6,"enemies":"Looter","floor":5,"turns":3},{"damage":0,"enemies":"Gremlin Nob","floor":6,"turns":2},{"damage":20,"enemies":"Exordium Thugs","floor":7,"turns":5},{"damage":30,"enemies":"Lagavulin","floor":8,"turns":7},{"damage":9,"enemies":"Blue Slaver","floor":10,"turns":2},{"damage":20,"enemies":"Gremlin Nob","floor":14,"turns":3},{"damage":62,"enemies":"Hexaghost","floor":16,"turns":11}],"seed_played":"-6720239431787556843","potions_obtained":[{"floor":3,"key":"Energy Potion"},{"floor":4,"key":"Fire Potion"},{"floor":6,"key":"FairyPotion"},{"floor":8,"key":"Poison Potion"},{"floor":10,"key":"PowerPotion"}],"is_trial":false,"path_per_floor":["M","M","M","M","M","E","M","E","T","M","R","?","?","E","R","B"],"character_chosen":"IRONCLAD","items_purchased":[],"campfire_rested":1,"item_purchase_floors":[],"current_hp_per_floor":[57,62,64,41,43,51,39,17,17,16,53,58,58,46,46,0],"gold":283,"neow_bonus":"RANDOM_COMMON_RELIC","is_prod":false,"is_daily":false,"chose_seed":false,"campfire_upgraded":1,"win_rate":0,"timestamp":1542849542,"path_taken":["M","M","M","M","M","E","M","E","T","M","R","?","?","E","R","BOSS"],"build_version":"2018-11-15","purchased_purges":0,"victory":false,"max_hp_per_floor":[75,75,75,75,75,75,75,75,75,75,75,80,80,80,80,80],"card_choices":[{"not_picked":["Twin Strike","Power Through"],"picked":"Headbutt","floor":1},{"not_picked":["Body Slam","Warcry"],"picked":"Havoc","floor":2},{"not_picked":["Second Wind","Rage"],"picked":"Flex","floor":3},{"not_picked":["Rupture","Twin Strike"],"picked":"Clothesline","floor":4},{"not_picked":["True Grit","Pommel Strike"],"picked":"Cleave","floor":5},{"not_picked":["Seeing Red","Warcry"],"picked":"Uppercut","floor":6},{"not_picked":["Pommel Strike","Heavy Blade"],"picked":"Immolate","floor":7},{"not_picked":["Burning Pact","Clash"],"picked":"Rupture","floor":8},{"not_picked":["Clash","Rupture","Sword Boomerang"],"picked":"SKIP","floor":10},{"not_picked":["Power Through","Inflame"],"picked":"Pummel","floor":14}],"player_experience":930023,"relics_obtained":[{"floor":6,"key":"Regal Pillow"},{"floor":8,"key":"Pen Nib"},{"floor":9,"key":"Whetstone"},{"floor":14,"key":"Bottled Tornado"}],"event_choices":[{"damage_healed":0,"gold_gain":0,"player_choice":"Donut","damage_taken":0,"max_hp_gain":5,"max_hp_loss":0,"event_name":"Big Fish","floor":12,"gold_loss":0},{"damage_healed":0,"gold_gain":0,"cards_transformed":["Strike_R"],"player_choice":"Transformed","damage_taken":0,"max_hp_gain":0,"max_hp_loss":0,"event_name":"Transmorgrifier","floor":13,"gold_loss":0,"cards_obtained":["Burning Pact"]}],"is_beta":false,"boss_relics":[],"items_purged_floors":[],"is_endless":false,"potions_floor_spawned":[3,4,6,8,10],"killed_by":"Hexaghost","ascension_level":15}