{"path_per_floor":["M","M","?","?","M","R","E","R","T","R","M","T","E","M","R","B",null,"M","$","?","M","M","R","$","R","T","M","R","E","?","M","R","B",null,"M","?","M","?","?","R","M","M","T","$","R","T","R","M","R","B"],"character_chosen":"IRONCLAD","items_purchased":["Cleave","Metallicize","Gremlin Horn"],"gold_per_floor":[115,131,131,131,151,151,191,191,491,491,514,514,545,561,561,686,686,686,566,566,536,536,536,100,100,100,100,100,100,0,0,0,0,0,0,0,0,0,0,0,0,0,0,0,0,0,0,0,0,0],"floor_reached":51,"campfire_rested":1,"playtime":2501,"current_hp_per_floor":[78,80,80,60,66,66,52,52,52,52,52,52,47,24,63,38,70,46,46,30,44,54,54,54,54,54,65,65,77,77,76,76,65,74,77,77,59,77,77,77,47,77,77,77,77,77,77,77,77,58],"items_purged":["Parasite","Strike_R"],"gold":0,"score":810,"play_id":"dd7ebb2e-7fb7-4915-9a30-63edf548e5e0","local_time":"20180301232052","is_prod":false,"is_daily":false,"is_ascension_mode":true,"campfire_upgraded":11,"timestamp":1519964452,"path_taken":["M","?","?","?","M","R","E","R","T","R","M","?","E","M","R","BOSS","M","$","?","M","?","R","$","R","T","?","R","E","?","M","R","BOSS","M","?","M","?","?","R","M","M","T","?","R","?","R","?","R","BOSS"],"build_version":"2018-03-01-PROD1","purchased_purges":2,"victory":true,"master_deck":["Bash+1","Iron Wave","Headbutt","Shrug It Off+1","Inflame+1","Inflame","Reaper","True Grit+1","Cleave","Necronomicurse","Entrench","Armaments+1","Metallicize+1","Battle Trance","J.A.X.+1","Whirlwind+1","Bludgeon+1","Perfected Strike","Headbutt","Searing Blow","Anger","Feel No Pain+1","Iron Wave","Headbutt","Infernal Blade","Shockwave+1","Burning Pact+1"],"max_hp_per_floor":[80,80,80,80,80,80,80,80,80,80,80,80,80,80,80,80,80,80,77,77,77,77,77,77,77,77,77,77,77,77,77,77,77,77,77,77,77,77,77,77,77,77,77,77,77,77,77,77,77,77],"relics":["Burning Blood","NeowsBlessing","Golden Idol","Pen Nib","Old Coin","Bottled Flame","Regal Pillow","Ectoplasm","Necronomicon","Gremlin Horn","Dream Catcher","Tiny Chest","Pandora\u0027s Box","Red Mask","Frozen Eye","Omamori","Magic Flower"],"card_choices":[{"not_picked":["Wild Strike","Warcry"],"picked":"Iron Wave"},{"not_picked":["Sentinel","Wild Strike"],"picked":"Headbutt"},{"not_picked":["Anger","Clash"],"picked":"Shrug It Off"},{"not_picked":["Wild Strike","Ghostly Armor"],"picked":"Inflame"},{"not_picked":["Second Wind","Thunderclap"],"picked":"Inflame"},{"not_picked":["Berserk","Juggernaut"],"picked":"Reaper"},{"not_picked":["Rage","Flex"],"picked":"True Grit"},{"not_picked":["Sentinel","Flex"],"picked":"Entrench"},{"not_picked":["Anger","Headbutt"],"picked":"Armaments"},{"not_picked":["Warcry","Armaments"],"picked":"Battle Trance"},{"not_picked":["Bloodletting","Armaments"],"picked":"Whirlwind"},{"not_picked":["Fiend Fire","Impervious"],"picked":"Bludgeon"},{"not_picked":["Inflame","Flex"],"picked":"Shockwave"},{"not_picked":["Anger","Headbutt"],"picked":"Burning Pact"}],"player_experience":298906,"potions_floor_usage":[7,16,21,29,29,33,50,50,50],"damage_taken":[{"damage":0,"enemies":"Cultist","floor":1,"turns":1},{"damage":0,"enemies":"2 Louse","floor":2,"turns":1},{"damage":0,"enemies":"Small Slimes","floor":5,"turns":1},{"damage":20,"enemies":"3 Sentries","floor":7,"turns":10},{"damage":6,"enemies":"3 Louse","floor":11,"turns":5},{"damage":11,"enemies":"Gremlin Nob","floor":13,"turns":3},{"damage":29,"enemies":"Gremlin Gang","floor":14,"turns":5},{"damage":31,"enemies":"The Guardian","floor":16,"turns":14},{"damage":30,"enemies":"Shell Parasite","floor":18,"turns":5},{"damage":5,"enemies":"2 Thieves","floor":21,"turns":3},{"damage":24,"enemies":"Snake Plant","floor":22,"turns":2},{"damage":25,"enemies":"Centurion and Healer","floor":27,"turns":5},{"damage":1,"enemies":"Gremlin Leader","floor":29,"turns":11},{"damage":20,"enemies":"Snecko","floor":31,"turns":4},{"damage":55,"enemies":"Automaton","floor":33,"turns":9},{"damage":6,"enemies":"Orb Walker","floor":35,"turns":3},{"damage":24,"enemies":"3 Shapes","floor":37,"turns":1},{"damage":25,"enemies":"Mysterious Sphere","floor":38,"turns":6},{"damage":36,"enemies":"Sphere and 2 Shapes","floor":41,"turns":1},{"damage":8,"enemies":"3 Darklings","floor":42,"turns":4},{"damage":3,"enemies":"Maw","floor":48,"turns":4},{"damage":84,"enemies":"Time Eater","floor":50,"turns":10}],"event_choices":[{"event_name":"Liars Game","player_choice":"disagreed","floor":3,"damage_taken":0},{"event_name":"Golden Idol","player_choice":"Take Damage","floor":4,"damage_taken":0},{"event_name":"Cursed Tome","player_choice":"Obtained Book","floor":20,"damage_taken":0},{"event_name":"Drug Dealer","player_choice":"Got JAXXED","floor":30,"damage_taken":0},{"event_name":"Tomb of Lord Red Mask","player_choice":"Paid","floor":36,"damage_taken":0},{"event_name":"Mysterious Sphere","player_choice":"Fight","floor":38,"damage_taken":0},{"event_name":"Match and Keep!","player_choice":"0 cards matched","floor":39,"damage_taken":0}],"boss_relics":[{"not_picked":["Black Star","Runic Pyramid"],"picked":"Ectoplasm"},{"not_picked":["Lizard Tail","Calling Bell"],"picked":"Pandora\u0027s Box"}],"potions_floor_spawned":[5,7,11,18,21,27,31,35,41,42],"seed_played":"-5482781095322499984","ascension_level":12,"is_trial":false}