{"gold_per_floor":[110,121,136,154,166,166,181,181,207,233,255,273,285,285,285,285],"floor_reached":16,"playtime":854,"items_purged":[],"score":207,"play_id":"06b7cf31-caa5-4a3c-be50-19953963d931","local_time":"20181021152121","is_ascension_mode":true,"campfire_choices":[{"data":"Backflip","floor":6,"key":"SMITH"},{"data":"Cloak And Dagger","floor":8,"key":"SMITH"},{"data":"Noxious Fumes","floor":15,"key":"SMITH"}],"neow_cost":"NONE","seed_source_timestamp":1018744585555968,"circlet_count":0,"master_deck":["Defend_G","Defend_G","Defend_G","Defend_G","Strike_G","Strike_G","Strike_G","Strike_G","Strike_G","Survivor","Neutralize","AscendersBane","Cloak And Dagger+1","Infinite Blades","Backflip+1","Noxious Fumes+1","Predator","Slice","Escape Plan","Dash","Skewer"],"relics":["Ring of the Snake","Happy Flower","Unceasing Top","Odd Mushroom"],"potions_floor_usage":[5,10,16],"damage_taken":[{"damage":7,"enemies":"Cultist","floor":1,"turns":4},{"damage":6,"enemies":"Jaw Worm","floor":2,"turns":6},{"damage":0,"enemies":"2 Louse","floor":3,"turns":4},{"damage":17,"enemies":"Lots of Slimes","floor":4,"turns":8},{"damage":6,"enemies":"Looter","floor":5,"turns":3},{"damage":0,"enemies":"2 Fungi Beasts","floor":7,"turns":4},{"damage":9,"enemies":"3 Sentries","floor":10,"turns":7},{"damage":7,"enemies":"The Mushroom Lair","floor":11,"turns":4},{"damage":0,"enemies":"3 Louse","floor":12,"turns":3},{"damage":0,"enemies":"Red Slaver","floor":13,"turns":4},{"damage":7,"enemies":"Hexaghost","floor":16,"turns":8}],"seed_played":"-8941704499891824228","potions_obtained":[{"floor":2,"key":"Dexterity Potion"},{"floor":4,"key":"AttackPotion"},{"floor":5,"key":"LiquidBronze"},{"floor":12,"key":"Energy Potion"}],"is_trial":false,"path_per_floor":["M","M","M","M","M","R","M","R","T","E","?","M","M","?","R"],"character_chosen":"THE_SILENT","items_purchased":[],"campfire_rested":0,"item_purchase_floors":[],"current_hp_per_floor":[52,46,46,29,23,23,23,23,23,14,7,7,7,7,7,0],"gold":285,"neow_bonus":"REMOVE_CARD","is_prod":false,"is_daily":false,"chose_seed":false,"campfire_upgraded":3,"win_rate":0,"timestamp":1540149681,"path_taken":["M","M","?","M","M","R","M","R","T","E","?","M","M","?","R","BOSS"],"build_version":"2018-10-18","purchased_purges":0,"victory":false,"max_hp_per_floor":[66,66,66,66,66,66,66,66,66,66,66,66,66,66,66,66],"card_choices":[{"not_picked":["Blade Dance","Terror"],"picked":"Cloak And Dagger","floor":1},{"not_picked":["Riddle With Holes","Outmaneuver"],"picked":"Infinite Blades","floor":2},{"not_picked":["Setup","Terror"],"picked":"Backflip","floor":3},{"not_picked":["Endless Agony","Deflect"],"picked":"Noxious Fumes","floor":4},{"not_picked":["Blade Dance","Setup"],"picked":"Predator","floor":5},{"not_picked":["Distraction","Acrobatics"],"picked":"Slice","floor":7},{"not_picked":["Backflip","Slice"],"picked":"Escape Plan","floor":10},{"not_picked":["Flying Knee","Dodge and Roll"],"picked":"Dash","floor":11},{"not_picked":["Burst","Outmaneuver","Catalyst"],"picked":"SKIP","floor":12},{"not_picked":["Slice","PiercingWail"],"picked":"Skewer","floor":13}],"player_experience":785427,"relics_obtained":[{"floor":9,"key":"Happy Flower"},{"floor":10,"key":"Unceasing Top"},{"floor":11,"key":"Odd Mushroom"}],"event_choices":[{"damage_healed":0,"gold_gain":0,"player_choice":"Fought Mushrooms","damage_taken":0,"max_hp_gain":0,"max_hp_loss":0,"event_name":"Mushrooms","floor":11,"gold_loss":0},{"damage_healed":0,"gold_gain":0,"player_choice":"Ignored","damage_taken":0,"max_hp_gain":0,"max_hp_loss":0,"event_name":"Liars Game","floor":14,"gold_loss":0}],"is_beta":false,"boss_relics":[],"items_purged_floors":[],"is_endless":false,"potions_floor_spawned":[2,4,5,12],"killed_by":"Hexaghost","ascension_level":19}