{"gold_per_floor":[117,117,117,132,147,147,163,204,204,223,238,238,259,300,300,300],"floor_reached":16,"playtime":518,"items_purged":[],"score":200,"play_id":"c104c070-8dd8-4dbc-8a0c-8ba611e98968","local_time":"20190116213650","is_ascension_mode":true,"campfire_choices":[{"data":"Whirlwind","floor":6,"key":"SMITH"},{"floor":12,"key":"REST"},{"data":"Uppercut","floor":15,"key":"SMITH"}],"neow_cost":"NONE","seed_source_timestamp":17146005761942,"circlet_count":0,"master_deck":["AscendersBane","Strike_R","Strike_R","Strike_R","Strike_R","Strike_R","Defend_R","Defend_R","Defend_R","Defend_R","Bash+1","Ghostly Armor","Whirlwind+1","Pommel Strike","Battle Trance","Uppercut+1","Thunderclap","Flex","Shrug It Off"],"relics":["Burning Blood","Golden Idol","Turnip","Darkstone Periapt","Ornamental Fan"],"potions_floor_usage":[8,10,14],"damage_taken":[{"damage":0,"enemies":"Small Slimes","floor":1,"turns":3},{"damage":8,"enemies":"2 Louse","floor":4,"turns":3},{"damage":1,"enemies":"Cultist","floor":5,"turns":3},{"damage":2,"enemies":"Looter","floor":7,"turns":4},{"damage":16,"enemies":"Gremlin Nob","floor":8,"turns":3},{"damage":11,"enemies":"Exordium Thugs","floor":10,"turns":4},{"damage":21,"enemies":"Gremlin Gang","floor":11,"turns":3},{"damage":7,"enemies":"Blue Slaver","floor":13,"turns":4},{"damage":12,"enemies":"3 Sentries","floor":14,"turns":6},{"damage":37,"enemies":"Hexaghost","floor":16,"turns":11}],"seed_played":"-4223858560003096509","potions_obtained":[{"floor":1,"key":"SteroidPotion"},{"floor":3,"key":"SpeedPotion"},{"floor":7,"key":"Explosive Potion"},{"floor":10,"key":"Dexterity Potion"},{"floor":13,"key":"FearPotion"}],"is_trial":false,"path_per_floor":["M","?","?","M","M","R","M","E","T","M","M","R","M","E","R","B"],"character_chosen":"IRONCLAD","items_purchased":[],"campfire_rested":1,"item_purchase_floors":[],"current_hp_per_floor":[74,48,48,46,51,51,55,45,45,40,25,47,46,40,40,3],"gold":300,"neow_bonus":"UPGRADE_CARD","is_prod":false,"is_daily":false,"chose_seed":false,"campfire_upgraded":2,"win_rate":0,"timestamp":1547692610,"path_taken":["M","?","?","M","M","R","M","E","T","M","M","R","?","E","R","BOSS"],"build_version":"2019-01-10","purchased_purges":0,"victory":false,"max_hp_per_floor":[75,75,75,75,75,75,75,75,75,75,75,75,75,75,75,75],"card_choices":[{"not_picked":["Sentinel","Sever Soul"],"picked":"Ghostly Armor","floor":1},{"not_picked":["Battle Trance","Rage"],"picked":"Whirlwind","floor":4},{"not_picked":["Rage","Body Slam"],"picked":"Pommel Strike","floor":5},{"not_picked":["Headbutt","Shrug It Off"],"picked":"Battle Trance","floor":7},{"not_picked":["True Grit","Perfected Strike"],"picked":"Uppercut","floor":8},{"not_picked":["Sentinel","Ghostly Armor"],"picked":"Thunderclap","floor":10},{"not_picked":["Bloodletting","Armaments","Clothesline"],"picked":"SKIP","floor":11},{"not_picked":["Heavy Blade","Clothesline"],"picked":"Flex","floor":13},{"not_picked":["Rampage","Warcry"],"picked":"Shrug It Off","floor":14}],"player_experience":1027703,"relics_obtained":[{"floor":8,"key":"Turnip"},{"floor":9,"key":"Darkstone Periapt"},{"floor":14,"key":"Ornamental Fan"}],"event_choices":[{"damage_healed":0,"gold_gain":0,"player_choice":"Take Damage","damage_taken":26,"relics_obtained":["Golden Idol"],"max_hp_gain":0,"max_hp_loss":0,"event_name":"Golden Idol","floor":2,"gold_loss":0},{"damage_healed":0,"gold_gain":0,"player_choice":"Got Potions","damage_taken":0,"max_hp_gain":0,"max_hp_loss":0,"event_name":"Lab","floor":3,"gold_loss":0}],"is_beta":false,"boss_relics":[],"items_purged_floors":[],"is_endless":false,"potions_floor_spawned":[1,7,10,13],"killed_by":"Hexaghost","ascension_level":15}