{"gold_per_floor":[19,37,53,53,71,71,106,106,106,132,143,159,194,212,212,317,317,334,346,363,380,73,73,107,30,77,77,87,0,0,0],"floor_reached":31,"playtime":1484,"items_purged":["Strike_R"],"score":456,"play_id":"0e39560a-1a1b-4516-b71e-dc03f229c265","local_time":"20180705213454","is_ascension_mode":true,"campfire_choices":[{"data":"Bash","floor":6,"key":"SMITH"},{"floor":8,"key":"REST"},{"floor":15,"key":"REST"},{"data":"True Grit","floor":23,"key":"SMITH"},{"data":"Body Slam","floor":27,"key":"SMITH"}],"neow_cost":"NO_GOLD","seed_source_timestamp":482280919228951,"circlet_count":0,"master_deck":["Strike_R","Strike_R","Strike_R","Strike_R","Defend_R","Defend_R","Defend_R","Defend_R","Bash+1","AscendersBane","Juggernaut","Headbutt","Metallicize+1","Clothesline","Cleave","Body Slam+1","Battle Trance","Thunderclap","Iron Wave","Offering","Flame Barrier","Shrug It Off","True Grit+1","Apotheosis","J.A.X.","Reaper"],"relics":["Burning Blood","Kunai","Self Forming Clay","Letter Opener","Omamori","Runic Dome","Bag of Preparation"],"potions_floor_usage":[5,13,16,16,24,24,24],"damage_taken":[{"damage":11,"enemies":"Jaw Worm","floor":1,"turns":5},{"damage":6,"enemies":"2 Louse","floor":2,"turns":3},{"damage":18,"enemies":"Small Slimes","floor":3,"turns":4},{"damage":7,"enemies":"Looter","floor":5,"turns":4},{"damage":33,"enemies":"Lagavulin","floor":7,"turns":8},{"damage":30,"enemies":"Gremlin Nob","floor":10,"turns":5},{"damage":14,"enemies":"Exordium Wildlife","floor":11,"turns":4},{"damage":8,"enemies":"Large Slime","floor":12,"turns":6},{"damage":19,"enemies":"Lagavulin","floor":13,"turns":7},{"damage":19,"enemies":"Red Slaver","floor":14,"turns":5},{"damage":32,"enemies":"The Guardian","floor":16,"turns":13},{"damage":16,"enemies":"Chosen","floor":18,"turns":5},{"damage":18,"enemies":"Spheric Guardian","floor":19,"turns":4},{"damage":21,"enemies":"Chosen and Byrds","floor":20,"turns":6},{"damage":18,"enemies":"Snake Plant","floor":21,"turns":4},{"damage":4,"enemies":"Book of Stabbing","floor":24,"turns":4},{"damage":7,"enemies":"Centurion and Healer","floor":28,"turns":5},{"damage":39,"enemies":"Cultist and Chosen","floor":31,"turns":4}],"seed_played":"-2203154202824451553","potions_obtained":[{"floor":3,"key":"Regen Potion"},{"floor":10,"key":"Poison Potion"},{"floor":11,"key":"BloodPotion"},{"floor":13,"key":"Explosive Potion"},{"floor":16,"key":"LiquidBronze"},{"floor":18,"key":"Dexterity Potion"},{"floor":28,"key":"LiquidBronze"}],"is_trial":false,"path_per_floor":["M","M","M","?","M","R","E","R","T","E","M","M","E","M","R","B",null,"M","M","M","M","$","R","E","?","T","R","M","?","$"],"character_chosen":"IRONCLAD","items_purchased":["Apotheosis","PowerPotion"],"campfire_rested":2,"item_purchase_floors":[22,22],"current_hp_per_floor":[67,67,55,55,68,68,41,65,65,41,33,31,26,13,37,11,63,53,41,26,14,14,14,16,16,16,16,15,15,15,0],"gold":0,"neow_bonus":"THREE_RARE_CARDS","is_prod":false,"is_daily":false,"chose_seed":false,"campfire_upgraded":3,"win_rate":0,"timestamp":1530840894,"path_taken":["M","M","M","?","M","R","E","R","T","E","M","M","E","M","R","BOSS","M","M","M","M","$","R","E","?","T","R","?","?","$","M"],"build_version":"2018-06-28","purchased_purges":1,"victory":false,"max_hp_per_floor":[80,80,80,80,80,80,80,80,80,80,80,80,80,80,80,80,80,80,80,80,80,80,80,80,80,80,80,80,80,80,80],"card_choices":[{"not_picked":["Demon Form","Impervious"],"picked":"Juggernaut","floor":0},{"not_picked":["Corruption","Rupture"],"picked":"Headbutt","floor":1},{"not_picked":["Hemokinesis","Sever Soul"],"picked":"Metallicize","floor":2},{"not_picked":["Infernal Blade","Hemokinesis","Heavy Blade"],"picked":"SKIP","floor":3},{"not_picked":["Evolve","Thunderclap"],"picked":"Clothesline","floor":5},{"not_picked":["Iron Wave","Armaments"],"picked":"Cleave","floor":7},{"not_picked":["Spot Weakness","Iron Wave"],"picked":"Body Slam","floor":10},{"not_picked":["Anger","Limit Break"],"picked":"Battle Trance","floor":11},{"not_picked":["Shockwave","Perfected Strike","Havoc"],"picked":"SKIP","floor":12},{"not_picked":["Reaper","Body Slam"],"picked":"Thunderclap","floor":13},{"not_picked":["Twin Strike","Heavy Blade"],"picked":"Iron Wave","floor":14},{"not_picked":["Immolate","Exhume"],"picked":"Offering","floor":16},{"not_picked":["Cleave+1","Second Wind","Heavy Blade"],"picked":"SKIP","floor":18},{"not_picked":["Hemokinesis+1","Rupture"],"picked":"Flame Barrier","floor":19},{"not_picked":["Perfected Strike","Body Slam"],"picked":"Shrug It Off","floor":20},{"not_picked":["Pommel Strike+1","Sword Boomerang+1"],"picked":"True Grit","floor":21},{"not_picked":["Clash","Perfected Strike","Clothesline"],"picked":"SKIP","floor":24},{"not_picked":["Sword Boomerang","Shrug It Off"],"picked":"Reaper","floor":28}],"player_experience":381785,"relics_obtained":[{"floor":7,"key":"Kunai"},{"floor":9,"key":"Self Forming Clay"},{"floor":10,"key":"Letter Opener"},{"floor":13,"key":"Omamori"},{"floor":26,"key":"Bag of Preparation"}],"event_choices":[{"event_name":"Living Wall","player_choice":"Grow","floor":4,"damage_taken":0},{"event_name":"Drug Dealer","player_choice":"Got JAXXED","floor":25,"damage_taken":0},{"event_name":"Masked Bandits","player_choice":"Paid Bandits 87 gold","floor":29,"damage_taken":0}],"boss_relics":[{"not_picked":["Empty Cage","Pandora\u0027s Box"],"picked":"Runic Dome"}],"items_purged_floors":[22],"is_endless":false,"potions_floor_spawned":[3,10,11,13,16,18,28],"killed_by":"Cultist and Chosen","ascension_level":10}