{"gold_per_floor":[114,114,132,132,19,19,60,79,79,120,141,160,160,181,181,304,304,320,339,34,34,34,34,70,70,96,96,19,40,71,87,87,208,208,233,233,233,233,233,233,233,258,258,298,8,48,73,142,142,142],"floor_reached":50,"playtime":3750,"items_purged":["Injury"],"score":646,"play_id":"441430a4-29d4-4d15-ab33-937d925a29ad","local_time":"20180627230540","is_ascension_mode":false,"campfire_choices":[{"data":"Noxious Fumes","floor":6.0,"key":"SMITH"},{"floor":13.0,"key":"REST"},{"floor":15.0,"key":"REST"},{"data":"Terror","floor":23.0,"key":"SMITH"},{"data":"All Out Attack","floor":25.0,"key":"SMITH"},{"data":"Adrenaline","floor":27.0,"key":"SMITH"},{"floor":32.0,"key":"REST"},{"data":"Deadly Poison","floor":40,"key":"SMITH"},{"floor":49,"key":"REST"}],"neow_cost":"","seed_source_timestamp":0,"circlet_count":0,"master_deck":["Survivor","Neutralize","Wraith Form v2","Backstab","Slice","Infinite Blades","Noxious Fumes+1","Deadly Poison+1","Cloak And Dagger","Poisoned Stab","Adrenaline+1","Terror+1","PiercingWail","All Out Attack+1","Underhanded Strike","Dodge and Roll","Escape Plan","Quick Slash","Skewer","Concentrate+1","J.A.X.","Choke+1","Corpse Explosion","Panacea","Adrenaline","Bouncing Flask","Deadly Poison+1","Caltrops"],"special_seed":0,"relics":["Ring of the Snake","Golden Idol","Dodecahedron","Bag of Preparation","Singing Bowl","Pandora\u0027s Box","Turnip","Meat on the Bone","Bottled Flame","Strawberry","Vajra","Lizard Tail","Mercury Hourglass","Incense Burner","Matryoshka","Bird Faced Urn","Letter Opener","Thread and Needle","Ginger"],"potions_floor_usage":[33,46,46,50,50,50],"damage_taken":[{"damage":0.0,"enemies":"Small Slimes","floor":1.0,"turns":5.0},{"damage":1.0,"enemies":"Jaw Worm","floor":3.0,"turns":5.0},{"damage":27.0,"enemies":"Lagavulin","floor":7.0,"turns":7.0},{"damage":0.0,"enemies":"2 Louse","floor":8.0,"turns":4.0},{"damage":12.0,"enemies":"Gremlin Nob","floor":10.0,"turns":5.0},{"damage":0.0,"enemies":"2 Fungi Beasts","floor":11.0,"turns":3.0},{"damage":7.0,"enemies":"Looter","floor":12.0,"turns":3.0},{"damage":8.0,"enemies":"Gremlin Gang","floor":14.0,"turns":5.0},{"damage":20.0,"enemies":"The Guardian","floor":16.0,"turns":9.0},{"damage":14.0,"enemies":"2 Thieves","floor":18.0,"turns":4.0},{"damage":6.0,"enemies":"3 Byrds","floor":19.0,"turns":4.0},{"damage":22.0,"enemies":"Slavers","floor":24.0,"turns":5.0},{"damage":0.0,"enemies":"3 Cultists","floor":29.0,"turns":3.0},{"damage":16.0,"enemies":"Gremlin Leader","floor":30.0,"turns":4.0},{"damage":15.0,"enemies":"Snecko","floor":31.0,"turns":3.0},{"damage":7,"enemies":"Collector","floor":33,"turns":5},{"damage":11,"enemies":"3 Shapes","floor":35,"turns":5},{"damage":26,"enemies":"Orb Walker","floor":42,"turns":4},{"damage":7,"enemies":"2 Orb Walkers","floor":44,"turns":4},{"damage":20,"enemies":"Nemesis","floor":46,"turns":5},{"damage":1,"enemies":"Maw","floor":47,"turns":5},{"damage":10,"floor":48,"turns":4},{"damage":178,"enemies":"Awakened One","floor":50,"turns":14}],"seed_played":"5598896556157985560","potions_obtained":[{"floor":3.0,"key":"Poison Potion"},{"floor":8.0,"key":"PowerPotion"},{"floor":19.0,"key":"AttackPotion"},{"floor":30.0,"key":"Ancient Potion"},{"floor":37,"key":"FearPotion"},{"floor":37,"key":"PowerPotion"},{"floor":37,"key":"Poison Potion"},{"floor":46,"key":"AttackPotion"},{"floor":47,"key":"Regen Potion"}],"is_trial":false,"path_per_floor":["M","?","M","?","$","R","E","M","T","E","M","M","R","M","R","B",null,"M","M","$","?","T","R","E","R","T","R","?","M","E","M","R","B",null,"M","?","?","T","?","R","T","M","T","E","$","E","M","?","R"],"character_chosen":"THE_SILENT","items_purchased":["Noxious Fumes","Turnip","Letter Opener","Caltrops"],"campfire_rested":4,"item_purchase_floors":[],"current_hp_per_floor":[70,70,69,69,69,69,42,42,42,30,32,27,49,43,65,45,76,64,58,58,78,78,78,58,58,65,65,65,67,51,50,77,70,91,82,76,76,76,76,76,76,50,50,55,55,55,62,58,88,0],"gold":142,"neow_bonus":"","is_prod":false,"is_daily":false,"chose_seed":false,"campfire_upgraded":5,"win_rate":0.0,"timestamp":1530169540,"path_taken":["M","?","M","?","?","R","E","M","T","E","M","?","R","M","R","BOSS","M","M","$","?","?","R","E","R","T","R","?","?","E","M","R","BOSS","M","?","?","?","?","R","?","M","T","E","$","E","?","?","R","BOSS"],"build_version":"2018-06-21v2","purchased_purges":1,"victory":false,"max_hp_per_floor":[70,70,70,70,70,70,70,70,70,70,72,74,74,76,76,76,76,78,78,78,78,78,78,80,80,87,87,87,89,89,91,91,91,91,93,97,97,97,97,97,97,97,97,97,97,99,101,103,103,103],"card_choices":[{"not_picked":["Quick Slash","PiercingWail"],"picked":"Backstab","floor":1.0},{"not_picked":["Dagger Spray","Bane"],"picked":"Infinite Blades","floor":3.0},{"not_picked":["Acrobatics","Backflip"],"picked":"Deadly Poison","floor":7.0},{"not_picked":["PiercingWail","Backflip"],"picked":"Cloak And Dagger","floor":8.0},{"not_picked":["Predator","Acrobatics"],"picked":"Poisoned Stab","floor":10.0},{"not_picked":["Dodge and Roll","Glass Knife","Cloak And Dagger"],"picked":"Singing Bowl","floor":11.0},{"not_picked":["Slice","Flying Knee","Quick Slash"],"picked":"Singing Bowl","floor":12.0},{"not_picked":["Quick Slash","Acrobatics","Backflip"],"picked":"Singing Bowl","floor":14.0},{"not_picked":["Bullet Time","Wraith Form v2"],"picked":"Adrenaline","floor":16.0},{"not_picked":["Prepared+1","Deflect","Terror"],"picked":"Singing Bowl","floor":18.0},{"not_picked":["Deflect","Skewer"],"picked":"Concentrate+1","floor":19.0},{"not_picked":["Quick Slash+1","Concentrate","Dodge and Roll"],"picked":"Singing Bowl","floor":24.0},{"not_picked":["Reflex","Sucker Punch","Dodge and Roll"],"picked":"Singing Bowl","floor":29.0},{"not_picked":["Acrobatics","Dodge and Roll"],"picked":"Choke+1","floor":30.0},{"not_picked":["Prepared","Malaise","Escape Plan"],"picked":"Singing Bowl","floor":31.0},{"not_picked":["Wraith Form v2","After Image"],"picked":"Corpse Explosion","floor":33},{"not_picked":["Dodge and Roll+1","Deflect","Flying Knee"],"picked":"Singing Bowl","floor":35},{"not_picked":["Madness","Deep Breath","Sadistic Nature"],"picked":"Singing Bowl","floor":36},{"not_picked":["Secret Technique","Deep Breath","Trip"],"picked":"Singing Bowl","floor":36},{"not_picked":["Good Instincts","Swift Strike"],"picked":"Panacea","floor":36},{"not_picked":["Eviscerate+1","All Out Attack+1"],"picked":"Bouncing Flask","floor":42},{"not_picked":["Poisoned Stab","Outmaneuver+1"],"picked":"Deadly Poison+1","floor":44},{"not_picked":["Poisoned Stab","Predator","Dagger Throw"],"picked":"Singing Bowl","floor":46},{"not_picked":["PiercingWail+1","Bane","Terror+1"],"picked":"Singing Bowl","floor":47},{"not_picked":["Deflect+1","Quick Slash+1","Acrobatics+1"],"picked":"Singing Bowl","floor":48}],"player_experience":280885,"relics_obtained":[{"floor":7.0,"key":"Dodecahedron"},{"floor":9.0,"key":"Bag of Preparation"},{"floor":10.0,"key":"Singing Bowl"},{"floor":22.0,"key":"Meat on the Bone"},{"floor":24.0,"key":"Bottled Flame"},{"floor":26.0,"key":"Strawberry"},{"floor":30.0,"key":"Vajra"},{"floor":38,"key":"Mercury Hourglass"},{"floor":41,"key":"Incense Burner"},{"floor":43,"key":"Matryoshka"},{"floor":44,"key":"Bird Faced Urn"},{"floor":46,"key":"Thread and Needle"},{"floor":48,"key":"Ginger"}],"event_choices":[{"event_name":"Living Wall","player_choice":"Change","floor":2.0,"damage_taken":0.0},{"event_name":"Golden Idol","player_choice":"Take Wound","floor":4.0,"damage_taken":0.0},{"event_name":"The Library","player_choice":"Heal","floor":21.0,"damage_taken":0.0},{"event_name":"Drug Dealer","player_choice":"Got JAXXED","floor":28.0,"damage_taken":0.0},{"event_name":"SensoryStone","player_choice":"Memory 3","floor":36,"damage_taken":0},{"event_name":"The Lab","player_choice":"Got Potions","floor":37,"damage_taken":0},{"event_name":"Match and Keep!","player_choice":"1 cards matched","floor":39,"damage_taken":0},{"event_name":"Mysterious Sphere","player_choice":"Fight","floor":48,"damage_taken":0}],"boss_relics":[{"not_picked":["Philosopher\u0027s Stone","Eternal Feather"],"picked":"Pandora\u0027s Box"},{"not_picked":["Calling Bell","Fusion Hammer"],"picked":"Lizard Tail"}],"items_purged_floors":[],"is_endless":false,"potions_floor_spawned":[3,8,19,30,46,47],"killed_by":"Awakened One","ascension_level":0}