{"gold_per_floor":[111,131,150,75,75,410,410,445,514,530,467,478,497,517,517,592,592,592,67,67,67,67,67,67,67,67,67,67,67,67,67,67,67,67,67,67,67,67,67,67,0,0,0,0,0,0,0,0,0,0],"floor_reached":50,"playtime":3148,"items_purged":["Defend_B","Strike_B"],"score":1084,"play_id":"3830b5a1-8a83-46f5-b7a9-54d3748c7ce3","local_time":"20190105183118","is_ascension_mode":true,"campfire_choices":[{"data":"Chill","floor":7,"key":"SMITH"},{"floor":15,"key":"REST"},{"data":"Meteor Strike","floor":23,"key":"SMITH"},{"floor":29,"key":"REST"},{"floor":32,"key":"REST"},{"floor":42,"key":"REST"},{"floor":49,"key":"REST"}],"neow_cost":"NONE","seed_source_timestamp":37924034479978,"circlet_count":0,"master_deck":["AscendersBane","Strike_B","Strike_B","Strike_B","Defend_B","Defend_B+1","Defend_B","Zap","Dualcast+1","Loop","Sunder+1","Genetic Algorithm+1","Chill+1","Conserve Battery","Conserve Battery","Compile Driver","Meteor Strike+1","Glacier","Go for the Eyes","Seek","White Noise","Creative AI","Turbo+1"],"relics":["Cracked Core","NeowsBlessing","Old Coin","Regal Pillow","Bottled Lightning","Boot","Ectoplasm","Cables","War Paint","Ice Cream","Snecko Eye","Oddly Smooth Stone","Red Mask","Bird Faced Urn"],"potions_floor_usage":[6,6,18,22,27,28,33,40,40,47],"damage_taken":[{"damage":0,"enemies":"Cultist","floor":1,"turns":1},{"damage":0,"enemies":"2 Louse","floor":2,"turns":1},{"damage":0,"enemies":"Small Slimes","floor":3,"turns":1},{"damage":44,"enemies":"3 Sentries","floor":6,"turns":8},{"damage":23,"enemies":"Lagavulin","floor":8,"turns":8},{"damage":7,"enemies":"2 Fungi Beasts","floor":10,"turns":3},{"damage":0,"enemies":"Lots of Slimes","floor":12,"turns":5},{"damage":0,"enemies":"Exordium Wildlife","floor":13,"turns":2},{"damage":0,"enemies":"2 Fungi Beasts","floor":14,"turns":3},{"damage":16,"enemies":"The Guardian","floor":16,"turns":13},{"damage":17,"enemies":"Shell Parasite","floor":18,"turns":5},{"damage":12,"enemies":"Chosen","floor":21,"turns":5},{"damage":0,"enemies":"Centurion and Healer","floor":22,"turns":7},{"damage":29,"enemies":"Cultist and Chosen","floor":24,"turns":8},{"damage":0,"enemies":"Snake Plant","floor":27,"turns":5},{"damage":0,"enemies":"Centurion and Healer","floor":28,"turns":6},{"damage":1,"enemies":"Slavers","floor":30,"turns":6},{"damage":12,"enemies":"Cultist and Chosen","floor":31,"turns":7},{"damage":29,"enemies":"Champ","floor":33,"turns":12},{"damage":0,"enemies":"Orb Walker","floor":35,"turns":3},{"damage":16,"enemies":"3 Darklings","floor":36,"turns":7},{"damage":0,"enemies":"Spire Growth","floor":38,"turns":5},{"damage":0,"enemies":"Maw","floor":39,"turns":8},{"damage":25,"enemies":"Reptomancer","floor":40,"turns":6},{"damage":32,"enemies":"Nemesis","floor":44,"turns":6},{"damage":0,"enemies":"Jaw Worm Horde","floor":45,"turns":7},{"damage":17,"enemies":"3 Darklings","floor":46,"turns":5},{"damage":39,"enemies":"Writhing Mass","floor":47,"turns":11},{"damage":85,"enemies":"Awakened One","floor":50,"turns":9}],"seed_played":"-6935737656778587551","potions_obtained":[{"floor":1,"key":"Strength Potion"},{"floor":2,"key":"Regen Potion"},{"floor":14,"key":"Energy Potion"},{"floor":16,"key":"FearPotion"},{"floor":24,"key":"EssenceOfSteel"},{"floor":27,"key":"SkillPotion"},{"floor":31,"key":"FocusPotion"},{"floor":33,"key":"LiquidBronze"},{"floor":38,"key":"Fire Potion"},{"floor":44,"key":"Ancient Potion"},{"floor":46,"key":"GamblersBrew"},{"floor":47,"key":"SteroidPotion"}],"is_trial":false,"path_per_floor":["M","M","M","$","?","E","R","E","T","M","?","M","M","M","R","B",null,"M","$","?","M","M","R","M","?","T","M","M","R","E","M","R","B",null,"M","M","?","M","M","E","?","R","T","E","M","M","M","$","R","B"],"character_chosen":"DEFECT","items_purchased":["Cables","War Paint"],"campfire_rested":5,"item_purchase_floors":[19,19],"current_hp_per_floor":[64,64,64,64,64,35,35,12,12,5,5,5,5,5,41,25,60,43,43,43,31,31,31,2,2,2,2,2,38,37,25,61,32,61,61,45,45,45,45,20,20,56,56,24,42,43,44,44,71,0],"gold":0,"neow_bonus":"THREE_ENEMY_KILL","is_prod":false,"is_daily":false,"chose_seed":false,"campfire_upgraded":2,"win_rate":0,"timestamp":1546731078,"path_taken":["M","?","M","$","?","E","R","E","T","M","?","M","M","?","R","BOSS","M","$","?","?","M","R","M","?","T","?","M","R","E","M","R","BOSS","M","?","?","M","M","E","?","R","T","E","M","M","M","?","R","BOSS"],"build_version":"2019-01-03v4","purchased_purges":2,"victory":false,"max_hp_per_floor":[71,71,71,71,71,71,71,71,71,71,71,71,71,71,71,71,71,71,71,71,71,71,71,71,71,71,71,71,71,71,71,71,71,71,71,71,71,71,71,71,71,71,71,71,71,71,71,71,71,71],"card_choices":[{"not_picked":["Double Energy","Barrage"],"picked":"Loop","floor":1},{"not_picked":["Tempest","FTL"],"picked":"Sunder","floor":2},{"not_picked":["Sweeping Beam","Rebound"],"picked":"Genetic Algorithm","floor":3},{"not_picked":["Turbo","Sweeping Beam"],"picked":"Chill","floor":6},{"not_picked":["Redo","Ball Lightning"],"picked":"Conserve Battery","floor":8},{"not_picked":["Rip and Tear","Rebound"],"picked":"Conserve Battery","floor":10},{"not_picked":["Conserve Battery","Beam Cell","Redo"],"picked":"SKIP","floor":12},{"not_picked":["Streamline","Cold Snap","Rebound"],"picked":"SKIP","floor":13},{"not_picked":["Capacitor","Storm"],"picked":"Compile Driver","floor":14},{"not_picked":["Biased Cognition","Reboot"],"picked":"Meteor Strike","floor":16},{"not_picked":["Lockon","Conserve Battery"],"picked":"Glacier","floor":18},{"not_picked":["Stack","Streamline"],"picked":"Go for the Eyes","floor":21},{"not_picked":["Go for the Eyes","Rebound","Redo"],"picked":"SKIP","floor":22},{"not_picked":["Ball Lightning+1","Barrage","Static Discharge"],"picked":"SKIP","floor":24},{"not_picked":["Recycle","Chaos"],"picked":"White Noise","floor":27},{"not_picked":["Recycle","Aggregate","Gash"],"picked":"SKIP","floor":28},{"not_picked":["Consume","Force Field","Buffer"],"picked":"SKIP","floor":30},{"not_picked":["Consume+1","Chaos","White Noise"],"picked":"SKIP","floor":31},{"not_picked":["All For One","Meteor Strike"],"picked":"Creative AI","floor":33},{"not_picked":["Coolheaded","Auto Shields+1","Rebound"],"picked":"SKIP","floor":35},{"not_picked":["Reprogram","Lockon","Rebound"],"picked":"SKIP","floor":36},{"not_picked":["Ball Lightning","Coolheaded","Sweeping Beam"],"picked":"SKIP","floor":38},{"not_picked":["Melter","Ball Lightning","Cold Snap"],"picked":"SKIP","floor":39},{"not_picked":["Rainbow","Leap+1"],"picked":"Turbo+1","floor":40},{"not_picked":["Redo","Sweeping Beam","Storm"],"picked":"SKIP","floor":44},{"not_picked":["Conserve Battery+1","Rebound+1","Coolheaded"],"picked":"SKIP","floor":45},{"not_picked":["Conserve Battery","Coolheaded","Genetic Algorithm"],"picked":"SKIP","floor":46},{"not_picked":["Skim","Beam Cell+1","Scrape"],"picked":"SKIP","floor":47}],"player_experience":997626,"relics_obtained":[{"floor":6,"key":"Old Coin"},{"floor":8,"key":"Regal Pillow"},{"floor":9,"key":"Bottled Lightning"},{"floor":26,"key":"Ice Cream"},{"floor":40,"key":"Oddly Smooth Stone"},{"floor":44,"key":"Bird Faced Urn"}],"event_choices":[{"damage_healed":0,"gold_gain":0,"player_choice":"Grow","damage_taken":0,"max_hp_gain":0,"max_hp_loss":0,"event_name":"Living Wall","floor":5,"gold_loss":0,"cards_upgraded":["Sunder"]},{"damage_healed":0,"gold_gain":0,"player_choice":"Paid Gold","damage_taken":0,"relics_obtained":["Boot"],"max_hp_gain":0,"max_hp_loss":0,"event_name":"WeMeetAgain","floor":11,"gold_loss":63},{"damage_healed":0,"gold_gain":0,"player_choice":"Forge","damage_taken":0,"max_hp_gain":0,"max_hp_loss":0,"event_name":"Accursed Blacksmith","floor":20,"gold_loss":0,"cards_upgraded":["Genetic Algorithm"]},{"damage_healed":0,"gold_gain":0,"player_choice":"1 cards matched","damage_taken":0,"max_hp_gain":0,"max_hp_loss":0,"event_name":"Match and Keep!","floor":25,"gold_loss":0,"cards_obtained":["Seek"]},{"damage_healed":0,"gold_gain":0,"player_choice":"Ignored","damage_taken":0,"max_hp_gain":0,"max_hp_loss":0,"event_name":"Mysterious Sphere","floor":37,"gold_loss":0},{"damage_healed":0,"gold_gain":0,"player_choice":"Paid","damage_taken":0,"relics_obtained":["Red Mask"],"max_hp_gain":0,"max_hp_loss":0,"event_name":"Tomb of Lord Red Mask","floor":41,"gold_loss":67}],"is_beta":false,"boss_relics":[{"not_picked":["Black Star","White Beast Statue"],"picked":"Ectoplasm"},{"not_picked":["FrozenCore","Cursed Key"],"picked":"Snecko Eye"}],"items_purged_floors":[4,19],"is_endless":false,"potions_floor_spawned":[1,2,3,14,16,24,27,31,33,38,39,44,46,47],"killed_by":"Awakened One","ascension_level":20}