{"gold_per_floor":[112,13,32,50,67,92,92,92,139,139,158,183,183,183,183,183],"floor_reached":16,"playtime":1555,"items_purged":["Strike_B"],"score":116,"play_id":"d15d967a-54a8-40a9-9869-5fa9e56453cf","local_time":"20180816234846","is_ascension_mode":true,"campfire_choices":[{"floor":8,"key":"REST"},{"data":"Genetic Algorithm","floor":13,"key":"SMITH"},{"floor":15,"key":"REST"}],"neow_cost":"NONE","seed_source_timestamp":33246152827550,"circlet_count":0,"master_deck":["Strike_B","Strike_B","Defend_B","Defend_B","Defend_B","Zap","Dualcast","Seek","Gash","Beam Cell","Rebound","Hologram","Genetic Algorithm+1"],"relics":["Cracked Core","Question Card","Pen Nib","Centennial Puzzle"],"potions_floor_usage":[6,16,16,16],"damage_taken":[{"damage":1,"enemies":"Cultist","floor":1,"turns":3},{"damage":1,"enemies":"Jaw Worm","floor":3,"turns":3},{"damage":2,"enemies":"Small Slimes","floor":4,"turns":3},{"damage":17,"enemies":"Exordium Wildlife","floor":5,"turns":5},{"damage":21,"enemies":"Gremlin Nob","floor":6,"turns":4},{"damage":4,"enemies":"Blue Slaver","floor":11,"turns":4},{"damage":17,"enemies":"3 Sentries","floor":12,"turns":7},{"damage":50,"enemies":"Hexaghost","floor":16,"turns":9}],"seed_played":"407953521693932840","potions_obtained":[{"floor":3,"key":"Swift Potion"},{"floor":4,"key":"Block Potion"},{"floor":5,"key":"FearPotion"},{"floor":12,"key":"Dexterity Potion"}],"is_trial":false,"path_per_floor":["M","$","M","M","M","E","$","R","T","?","M","E","R","?","R"],"character_chosen":"DEFECT","items_purchased":["Gash"],"campfire_rested":2,"item_purchase_floors":[2],"current_hp_per_floor":[74,74,73,71,54,33,33,55,55,55,51,34,34,27,49,0],"gold":183,"neow_bonus":"ONE_RANDOM_RARE_CARD","is_prod":false,"is_daily":false,"chose_seed":false,"campfire_upgraded":1,"win_rate":0,"timestamp":1534459726,"path_taken":["M","?","M","M","M","E","$","R","T","?","M","E","R","?","R","BOSS"],"build_version":"2018-08-09","purchased_purges":1,"victory":false,"max_hp_per_floor":[75,75,75,75,75,75,75,75,75,75,75,75,75,75,75,75],"card_choices":[{"not_picked":["Sweeping Beam","Cold Snap","Undo"],"picked":"SKIP","floor":1},{"not_picked":["Hologram","Fusion"],"picked":"Beam Cell","floor":3},{"not_picked":["Steam Power","Barrage","Doom and Gloom"],"picked":"SKIP","floor":4},{"not_picked":["Heatsinks","Cold Snap"],"picked":"Rebound","floor":5},{"not_picked":["Static Discharge","Leap"],"picked":"Hologram","floor":6},{"not_picked":["Fission","Hello World","Beam Cell","Cold Snap"],"picked":"SKIP","floor":11},{"not_picked":["Fusion","Reprogram","Hologram"],"picked":"Genetic Algorithm","floor":12}],"player_experience":416573,"relics_obtained":[{"floor":6,"key":"Question Card"},{"floor":9,"key":"Pen Nib"},{"floor":12,"key":"Centennial Puzzle"}],"event_choices":[{"event_name":"Living Wall","player_choice":"Forget","floor":10,"damage_taken":0},{"event_name":"Golden Wing","player_choice":"Card Removal","floor":14,"damage_taken":0}],"is_beta":false,"boss_relics":[],"items_purged_floors":[2],"is_endless":false,"potions_floor_spawned":[3,4,5,12],"killed_by":"Hexaghost","ascension_level":1}