{"gold_per_floor":[114,38,58,58,69,69,97,108,131,131,96,110,71,15,15,91,91,108,127,138,149,22,22,35,35,35,35,0,10,10,10],"floor_reached":31,"playtime":1118,"items_purged":["Normality"],"score":462,"play_id":"e5e19035-27ef-440e-a183-28451df3778f","local_time":"20181021134306","is_ascension_mode":true,"campfire_choices":[{"data":"Footwork","floor":6,"key":"SMITH"},{"floor":10,"key":"REST"},{"data":"Malaise","floor":15,"key":"SMITH"},{"data":"After Image","floor":23,"key":"SMITH"},{"data":"Catalyst","floor":25,"key":"SMITH"}],"neow_cost":"CURSE","seed_source_timestamp":1012586834806254,"circlet_count":0,"master_deck":["Defend_G","Defend_G","Defend_G","Defend_G","Defend_G","Strike_G","Strike_G","Strike_G","Strike_G","Survivor","Neutralize","AscendersBane","Thinking Ahead","The Bomb","Leg Sweep","Footwork+1","Slice","Bouncing Flask","Acrobatics","Setup","Malaise+1","Noxious Fumes","After Image+1","Catalyst+1","Crippling Poison","Accuracy","Backflip"],"relics":["Ring of the Snake","Bag of Preparation","Vajra","Smiling Mask","Velvet Choker","Ornamental Fan"],"potions_floor_usage":[5,5,12,16,20,21],"damage_taken":[{"damage":12,"enemies":"Cultist","floor":1,"turns":5},{"damage":6,"enemies":"Jaw Worm","floor":3,"turns":4},{"damage":2,"enemies":"2 Louse","floor":5,"turns":3},{"damage":29,"enemies":"Gremlin Nob","floor":7,"turns":4},{"damage":7,"enemies":"Red Slaver","floor":8,"turns":5},{"damage":0,"enemies":"Blue Slaver","floor":12,"turns":4},{"damage":15,"enemies":"Slime Boss","floor":16,"turns":7},{"damage":8,"enemies":"Chosen","floor":18,"turns":6},{"damage":10,"enemies":"Spheric Guardian","floor":19,"turns":6},{"damage":0,"enemies":"Cultist and Chosen","floor":20,"turns":7},{"damage":7,"enemies":"Snake Plant","floor":21,"turns":6},{"damage":17,"enemies":"Centurion and Healer","floor":24,"turns":6},{"damage":21,"enemies":"Cultist and Chosen","floor":29,"turns":5},{"damage":3,"enemies":"Snecko","floor":31,"turns":2}],"seed_played":"-7937905147751707725","potions_obtained":[{"floor":3,"key":"SneckoOil"},{"floor":4,"key":"Weak Potion"},{"floor":4,"key":"Fruit Juice"},{"floor":5,"key":"Ancient Potion"},{"floor":7,"key":"Poison Potion"},{"floor":12,"key":"Dexterity Potion"},{"floor":16,"key":"LiquidBronze"},{"floor":20,"key":"Fruit Juice"},{"floor":21,"key":"Weak Potion"}],"is_trial":false,"path_per_floor":["M","$","M","?","M","R","E","M","T","R","?","M","$","?","R","B",null,"M","M","M","M","$","R","M","R","T","?","?","M","?"],"character_chosen":"THE_SILENT","items_purchased":["Footwork","Noxious Fumes","Crippling Poison"],"campfire_rested":1,"item_purchase_floors":[2,13,22],"current_hp_per_floor":[47,47,41,41,44,44,15,8,8,29,46,46,46,46,46,31,61,53,43,43,41,41,41,24,24,24,24,24,3,3,0],"gold":10,"neow_bonus":"RANDOM_COLORLESS_2","is_prod":false,"is_daily":false,"chose_seed":false,"campfire_upgraded":4,"win_rate":0,"timestamp":1540143786,"path_taken":["M","$","?","?","?","R","E","M","T","R","?","M","$","?","R","BOSS","M","M","M","M","$","R","M","R","T","?","?","M","?","M"],"build_version":"2018-10-18","purchased_purges":1,"victory":false,"max_hp_per_floor":[66,66,66,66,71,71,71,71,71,71,71,71,71,71,71,71,71,71,71,71,76,76,76,76,76,76,76,76,76,76,76],"card_choices":[{"not_picked":["Calculated Gamble","Underhanded Strike"],"picked":"Leg Sweep","floor":1},{"not_picked":["Blade Dance","Endless Agony"],"picked":"Slice","floor":3},{"not_picked":["Blur","Catalyst"],"picked":"Bouncing Flask","floor":5},{"not_picked":["Sucker Punch","Flying Knee"],"picked":"Acrobatics","floor":7},{"not_picked":["Sucker Punch","Blade Dance"],"picked":"Setup","floor":8},{"not_picked":["Deadly Poison","Quick Slash"],"picked":"Malaise","floor":12},{"not_picked":["Burst","Malaise"],"picked":"After Image","floor":16},{"not_picked":["Bane","Sucker Punch","Heel Hook"],"picked":"SKIP","floor":18},{"not_picked":["Deadly Poison","Underhanded Strike","Outmaneuver"],"picked":"SKIP","floor":19},{"not_picked":["Distraction","Dagger Throw"],"picked":"Catalyst","floor":20},{"not_picked":["Acrobatics","Setup","Riddle With Holes+1"],"picked":"SKIP","floor":21},{"not_picked":["Dagger Spray","Riddle With Holes","Dagger Throw"],"picked":"SKIP","floor":24},{"not_picked":["Bane","PiercingWail"],"picked":"Backflip","floor":29}],"player_experience":784309,"relics_obtained":[{"floor":7,"key":"Bag of Preparation"},{"floor":9,"key":"Vajra"},{"floor":26,"key":"Ornamental Fan"}],"event_choices":[{"damage_healed":0,"gold_gain":0,"player_choice":"Got Potions","damage_taken":0,"max_hp_gain":0,"max_hp_loss":0,"event_name":"The Lab","floor":4,"gold_loss":0},{"damage_healed":17,"gold_gain":0,"player_choice":"Healed","damage_taken":0,"max_hp_gain":0,"max_hp_loss":0,"event_name":"The Cleric","floor":11,"gold_loss":35},{"damage_healed":0,"gold_gain":0,"player_choice":"Paid Gold","damage_taken":0,"relics_obtained":["Smiling Mask"],"max_hp_gain":0,"max_hp_loss":0,"event_name":"WeMeetAgain","floor":14,"gold_loss":56},{"damage_healed":0,"gold_gain":0,"cards_transformed":["Strike_G"],"player_choice":"Transformed","damage_taken":0,"max_hp_gain":0,"max_hp_loss":0,"event_name":"Transmorgrifier","floor":27,"gold_loss":0,"cards_obtained":["Accuracy"]},{"damage_healed":0,"gold_gain":0,"player_choice":"Paid Fearfully","damage_taken":0,"max_hp_gain":0,"max_hp_loss":0,"event_name":"Masked Bandits","floor":28,"gold_loss":35},{"damage_healed":0,"gold_gain":0,"player_choice":"Ignored","damage_taken":0,"max_hp_gain":0,"max_hp_loss":0,"event_name":"Cursed Tome","floor":30,"gold_loss":0}],"is_beta":false,"boss_relics":[{"not_picked":["Black Star","WristBlade"],"picked":"Velvet Choker"}],"items_purged_floors":[22],"is_endless":false,"potions_floor_spawned":[3,5,7,12,16,20,21,24],"killed_by":"Snecko","ascension_level":19}