{"path_per_floor":["M","?","?","?","$","R","E","M","T","E","M","R","M","M","R","B",null,"M","M","?","$","?","R"],"character_chosen":"IRONCLAD","items_purchased":["Rampage","Armaments","Seeing Red","Madness"],"gold_per_floor":[116,116,116,116,17,17,47,60,60,92,108,108,126,139,139,242,242,261,276,276,20,20,20,20],"floor_reached":24,"campfire_rested":0,"playtime":2347,"current_hp_per_floor":[80,80,73,73,73,73,51,52,52,51,52,52,58,60,60,9,87,81,76,76,76,60,60,0],"items_purged":["Strike_R"],"gold":20,"score":229,"play_id":"75eba222-b41a-4dc5-8362-a6cb3fec5368","local_time":"20180514142212","is_prod":false,"is_daily":false,"chose_seed":false,"is_ascension_mode":false,"campfire_upgraded":4,"timestamp":1526304132,"path_taken":["M","?","?","?","?","R","E","M","T","E","?","R","M","M","R","BOSS","M","M","?","$","?","R","E"],"build_version":"2018-05-10","seed_source_timestamp":186446216626497,"purchased_purges":1,"victory":false,"master_deck":["Defend_R","Defend_R","Defend_R","Defend_R","Bash+1","Entrench","Rampage+1","Armaments","Clash","Clash","Armaments+1","Rage","Searing Blow+1","Reaper","Dual Wield+1","Seeing Red","Madness","Bite","Bite","Bite","Bite","Bite"],"max_hp_per_floor":[80,80,80,80,80,80,80,80,80,87,87,87,87,87,87,87,87,87,87,87,87,60,60,60],"relics":["Burning Blood","Prayer Wheel","Oddly Smooth Stone","Cursed Key","Nloth\u0027s Gift"],"card_choices":[{"not_picked":["Feel No Pain","Clash"],"picked":"Entrench","floor":1},{"not_picked":["Clothesline","Twin Strike"],"picked":"Clash","floor":8},{"not_picked":["Juggernaut","Disarm"],"picked":"Clash","floor":10},{"not_picked":["Fire Breathing","Wild Strike"],"picked":"Armaments","floor":11},{"not_picked":["Second Wind","Dual Wield"],"picked":"Rage","floor":13},{"not_picked":["Inflame","Clothesline"],"picked":"Searing Blow","floor":14},{"not_picked":["Offering","Dark Embrace"],"picked":"Reaper","floor":16},{"not_picked":["Clothesline","Armaments"],"picked":"Dual Wield","floor":18}],"player_experience":35248,"potions_floor_usage":[7,7,7],"damage_taken":[{"damage":1,"enemies":"2 Louse","floor":1,"turns":3},{"damage":28,"enemies":"Lagavulin","floor":7,"turns":7},{"damage":5,"enemies":"Cultist","floor":8,"turns":5},{"damage":14,"enemies":"Gremlin Nob","floor":10,"turns":3},{"damage":5,"enemies":"Jaw Worm","floor":11,"turns":3},{"damage":0,"enemies":"2 Fungi Beasts","floor":13,"turns":3},{"damage":4,"enemies":"Looter","floor":14,"turns":3},{"damage":57,"enemies":"Hexaghost","floor":16,"turns":13},{"damage":14,"enemies":"Shell Parasite","floor":18,"turns":6},{"damage":16,"enemies":"2 Thieves","floor":19,"turns":4},{"damage":69,"enemies":"Book of Stabbing","floor":24,"turns":5}],"event_choices":[{"event_name":"Wheel of Change","player_choice":"Card Removal","floor":2,"damage_taken":0},{"event_name":"Golden Wing","player_choice":"Card Removal","floor":3,"damage_taken":0},{"event_name":"The Lab","player_choice":"Got Potions","floor":4,"damage_taken":0},{"event_name":"N\u0027loth","player_choice":"Traded a Strawberry","floor":20,"damage_taken":0},{"event_name":"Vampires","player_choice":"Became a vampire","floor":22,"damage_taken":0}],"boss_relics":[{"not_picked":["Black Blood","Ectoplasm"],"picked":"Cursed Key"}],"potions_floor_spawned":[1,8,10,13],"seed_played":"-821854266589836389","killed_by":"Book of Stabbing","ascension_level":0,"is_trial":false}