{"gold_per_floor":[10,10,23,39,39,67,87,87,87,33,67,67,32,57,57,57],"floor_reached":16,"playtime":687,"items_purged":[],"score":171,"play_id":"d8da2590-f122-466b-85fb-f7fde4913a4a","local_time":"20190214085927","is_ascension_mode":true,"campfire_choices":[{"floor":8,"key":"REST"},{"floor":15,"key":"REST"}],"neow_cost":"NO_GOLD","seed_source_timestamp":117258167229794,"circlet_count":0,"master_deck":["Strike_B","Strike_B","Defend_B","Defend_B","Defend_B","Defend_B","Zap","Dualcast","Buffer","Coolheaded","Compile Driver","Hologram","Hyperbeam","Steam Power","Cold Snap","Blizzard","Ball Lightning"],"relics":["Cracked Core","Juzu Bracelet","Bottled Lightning","Omamori","Girya","Oddly Smooth Stone"],"potions_floor_usage":[6,14],"damage_taken":[{"damage":5,"enemies":"Small Slimes","floor":1,"turns":3},{"damage":2,"enemies":"Jaw Worm","floor":3,"turns":5},{"damage":0,"enemies":"2 Louse","floor":4,"turns":3},{"damage":26,"enemies":"3 Sentries","floor":6,"turns":12},{"damage":0,"enemies":"Exordium Wildlife","floor":7,"turns":2},{"damage":24,"enemies":"Gremlin Nob","floor":11,"turns":5},{"damage":22,"enemies":"3 Sentries","floor":14,"turns":8},{"damage":44,"enemies":"Hexaghost","floor":16,"turns":11}],"seed_played":"5414387240567027232","potions_obtained":[{"floor":1,"key":"EssenceOfSteel"},{"floor":11,"key":"AttackPotion"},{"floor":14,"key":"Fire Potion"}],"is_trial":false,"path_per_floor":["M","?","M","M","?","E","M","R","T","$","E","?","?","E","R","B"],"character_chosen":"DEFECT","items_purchased":["Cold Snap"],"campfire_rested":2,"item_purchase_floors":[10],"current_hp_per_floor":[63,56,54,54,47,21,21,43,43,43,19,19,37,15,37,0],"gold":57,"neow_bonus":"THREE_RARE_CARDS","is_prod":false,"is_daily":false,"chose_seed":false,"campfire_upgraded":0,"win_rate":0,"timestamp":1550152767,"path_taken":["M","?","M","M","?","E","M","R","T","$","E","?","?","E","R","BOSS"],"build_version":"2019-01-23","purchased_purges":0,"victory":false,"max_hp_per_floor":[75,75,75,75,75,75,75,75,75,75,75,75,75,75,75,75],"card_choices":[{"not_picked":["Core Surge","Machine Learning"],"picked":"Buffer","floor":0},{"not_picked":["Rip and Tear","Streamline"],"picked":"Coolheaded","floor":1},{"not_picked":["Streamline","Chaos"],"picked":"Compile Driver","floor":3},{"not_picked":["Leap","Sunder"],"picked":"Hologram","floor":4},{"not_picked":["Leap","Coolheaded"],"picked":"Hyperbeam","floor":6},{"not_picked":["Leap","Aggregate"],"picked":"Steam Power","floor":7},{"not_picked":["Barrage","Melter","Storm"],"picked":"SKIP","floor":11},{"not_picked":["Consume","Turbo"],"picked":"Ball Lightning","floor":14}],"player_experience":276482,"relics_obtained":[{"floor":6,"key":"Bottled Lightning"},{"floor":9,"key":"Omamori"},{"floor":11,"key":"Girya"},{"floor":14,"key":"Oddly Smooth Stone"}],"event_choices":[{"cards_removed":["Strike_B"],"damage_healed":0,"gold_gain":0,"player_choice":"Card Removal","damage_taken":7,"max_hp_gain":0,"max_hp_loss":0,"event_name":"Golden Wing","floor":2,"gold_loss":0},{"damage_healed":0,"gold_gain":0,"player_choice":"Success","damage_taken":7,"relics_obtained":["Juzu Bracelet"],"max_hp_gain":0,"max_hp_loss":0,"event_name":"Scrap Ooze","floor":5,"gold_loss":0},{"damage_healed":0,"gold_gain":0,"cards_transformed":["Strike_B"],"player_choice":"Change","damage_taken":0,"max_hp_gain":0,"max_hp_loss":0,"event_name":"Living Wall","floor":12,"gold_loss":0,"cards_obtained":["Blizzard"]},{"damage_healed":18,"gold_gain":0,"player_choice":"Healed","damage_taken":0,"max_hp_gain":0,"max_hp_loss":0,"event_name":"The Cleric","floor":13,"gold_loss":35}],"is_beta":false,"boss_relics":[],"items_purged_floors":[],"is_endless":false,"potions_floor_spawned":[1,11,14],"killed_by":"Hexaghost","ascension_level":9}