{"gold_per_floor":[112,125,125,137,137,171,171,201,201,201,217,217,16,31,31,106,106,123,123,123,123,139,139,139],"floor_reached":24,"playtime":749,"items_purged":[],"score":357,"play_id":"f9ab4ea9-b307-43d1-8b81-183004b052f4","local_time":"20181201221700","is_ascension_mode":true,"campfire_choices":[{"data":"Spot Weakness","floor":7,"key":"SMITH"},{"data":"Armaments","floor":10,"key":"SMITH"},{"floor":12,"key":"REST"},{"data":"True Grit","floor":15,"key":"SMITH"},{"floor":23,"key":"REST"}],"neow_cost":"NONE","seed_source_timestamp":951973813212433,"circlet_count":0,"master_deck":["AscendersBane","Strike_R+1","Strike_R+1","Strike_R+1","Strike_R+1","Defend_R+1","Defend_R+1","Defend_R+1","Defend_R+1","Bash","Clothesline","True Grit+1","Spot Weakness+1","Sever Soul","Pommel Strike","Armaments+1","Iron Wave","Sword Boomerang","Double Tap","Flame Barrier","Metallicize","Thunderclap"],"relics":["Black Blood","Darkstone Periapt","Shuriken","OrangePellets"],"potions_floor_usage":[6,8,16,24],"damage_taken":[{"damage":5,"enemies":"Small Slimes","floor":1,"turns":5},{"damage":1,"enemies":"2 Louse","floor":2,"turns":4},{"damage":5,"enemies":"Cultist","floor":4,"turns":4},{"damage":43,"enemies":"3 Sentries","floor":6,"turns":7},{"damage":23,"enemies":"Gremlin Nob","floor":8,"turns":4},{"damage":5,"enemies":"Blue Slaver","floor":11,"turns":4},{"damage":10,"enemies":"Looter","floor":14,"turns":4},{"damage":35,"enemies":"Hexaghost","floor":16,"turns":10},{"damage":24,"enemies":"3 Byrds","floor":18,"turns":7},{"damage":30,"enemies":"2 Thieves","floor":22,"turns":5},{"damage":34,"enemies":"Slavers","floor":24,"turns":4}],"seed_played":"-531310745250929589","potions_obtained":[{"floor":1,"key":"SpeedPotion"},{"floor":4,"key":"Strength Potion"},{"floor":14,"key":"Dexterity Potion"},{"floor":16,"key":"EssenceOfSteel"}],"is_trial":false,"path_per_floor":["M","M","?","M","?","E","R","E","T","R","M","R","$","M","R","B",null,"M","?","?","?","M","R","E"],"character_chosen":"IRONCLAD","items_purchased":["OrangePellets"],"campfire_rested":2,"item_purchase_floors":[13],"current_hp_per_floor":[69,74,74,75,75,38,38,21,21,21,22,44,44,40,40,11,59,45,45,45,45,25,47,13],"gold":139,"neow_bonus":"THREE_CARDS","is_prod":false,"is_daily":false,"chose_seed":false,"campfire_upgraded":3,"win_rate":0,"timestamp":1543720620,"path_taken":["M","M","?","M","?","E","R","E","T","R","?","R","$","M","R","BOSS","M","?","?","?","M","R","E"],"build_version":"2018-11-15","purchased_purges":0,"victory":false,"max_hp_per_floor":[75,75,75,75,75,75,75,75,75,75,75,75,75,75,75,75,75,75,75,75,75,75,75,75],"card_choices":[{"not_picked":["Heavy Blade","Cleave"],"picked":"Clothesline","floor":0},{"not_picked":["Anger","Bloodletting"],"picked":"True Grit","floor":1},{"not_picked":["Heavy Blade","True Grit","Fire Breathing"],"picked":"SKIP","floor":2},{"not_picked":["True Grit","Pommel Strike"],"picked":"Spot Weakness","floor":4},{"not_picked":["Brutality","Headbutt"],"picked":"Pommel Strike","floor":6},{"not_picked":["Wild Strike","Body Slam"],"picked":"Armaments","floor":8},{"not_picked":["True Grit","Flame Barrier"],"picked":"Iron Wave","floor":11},{"not_picked":["Wild Strike","Blood for Blood"],"picked":"Sword Boomerang","floor":14},{"not_picked":["Offering","Exhume"],"picked":"Double Tap","floor":16},{"not_picked":["Iron Wave","Heavy Blade"],"picked":"Flame Barrier","floor":18},{"not_picked":["Flame Barrier","Ghostly Armor+1"],"picked":"Thunderclap","floor":22}],"player_experience":953312,"relics_obtained":[{"floor":6,"key":"Darkstone Periapt"},{"floor":8,"key":"Shuriken"}],"event_choices":[{"damage_healed":0,"gold_gain":0,"player_choice":"Ignored","damage_taken":0,"max_hp_gain":0,"max_hp_loss":0,"event_name":"Liars Game","floor":3,"gold_loss":0},{"damage_healed":0,"gold_gain":0,"cards_transformed":["Strike_R"],"player_choice":"Transformed","damage_taken":0,"max_hp_gain":0,"max_hp_loss":0,"event_name":"Transmorgrifier","floor":5,"gold_loss":0,"cards_obtained":["Sever Soul"]},{"damage_healed":0,"gold_gain":0,"player_choice":"Simplicity","damage_taken":0,"max_hp_gain":0,"max_hp_loss":0,"event_name":"Back to Basics","floor":19,"gold_loss":0,"cards_upgraded":["Strike_R","Strike_R","Strike_R","Strike_R","Defend_R","Defend_R","Defend_R","Defend_R"]},{"damage_healed":0,"gold_gain":0,"player_choice":"Read","damage_taken":0,"max_hp_gain":0,"max_hp_loss":0,"event_name":"The Library","floor":20,"gold_loss":0,"cards_obtained":["Metallicize"]},{"damage_healed":0,"gold_gain":0,"player_choice":"Ignored","damage_taken":0,"max_hp_gain":0,"max_hp_loss":0,"event_name":"Ghosts","floor":21,"gold_loss":0}],"is_beta":false,"boss_relics":[{"not_picked":["Runic Dome","Calling Bell"],"picked":"Black Blood"}],"items_purged_floors":[],"is_endless":false,"potions_floor_spawned":[1,4,14,16],"killed_by":"Slavers","ascension_level":15}