{"gold_per_floor":[114,130,141,141,151,151,169,169,169,204,204,221,89,61,61,138,138,58,58,68,68],"floor_reached":21,"playtime":774,"items_purged":["Strike_B"],"score":358,"play_id":"b19a5a9f-d8a0-4eb5-8bac-f929df36bc27","local_time":"20181106191113","is_ascension_mode":true,"campfire_choices":[{"data":"Zap","floor":6,"key":"SMITH"},{"floor":8,"key":"REST"},{"data":"Ball Lightning","floor":11,"key":"SMITH"},{"floor":15,"key":"REST"}],"neow_cost":"NONE","seed_source_timestamp":2418654156892596,"circlet_count":0,"master_deck":["AscendersBane","Strike_B","Strike_B","Defend_B","Defend_B","Defend_B","Defend_B","Zap+1","Dualcast","Thunder Strike","Ball Lightning+1","Loop","Cold Snap","Auto Shields","Rip and Tear","Leap","Coolheaded","Core Surge","Reinforced Body","Echo Form","Turbo","Hologram"],"relics":["Cracked Core","Anchor","DataDisk","Orrery"],"potions_floor_usage":[5,7,16,16,18],"damage_taken":[{"damage":10,"enemies":"Small Slimes","floor":1,"turns":4},{"damage":1,"enemies":"Cultist","floor":2,"turns":3},{"damage":13,"enemies":"2 Louse","floor":3,"turns":3},{"damage":38,"enemies":"Exordium Thugs","floor":5,"turns":6},{"damage":3,"enemies":"Blue Slaver","floor":7,"turns":3},{"damage":20,"enemies":"3 Sentries","floor":10,"turns":6},{"damage":3,"enemies":"3 Louse","floor":12,"turns":3},{"damage":11,"enemies":"The Guardian","floor":16,"turns":10},{"damage":8,"enemies":"2 Thieves","floor":18,"turns":4},{"damage":15,"enemies":"3 Byrds","floor":20,"turns":4},{"damage":35,"enemies":"Cultist and Chosen","floor":21,"turns":4}],"seed_played":"3427810220168702842","potions_obtained":[{"floor":2,"key":"Regen Potion"},{"floor":5,"key":"Block Potion"},{"floor":7,"key":"Fire Potion"},{"floor":16,"key":"AttackPotion"}],"is_trial":false,"path_per_floor":["M","M","M","?","M","R","M","R","T","E","R","M","$","$","R","B",null,"M","?","M","M"],"character_chosen":"DEFECT","items_purchased":["SkillPotion","Coolheaded"],"campfire_rested":2,"item_purchase_floors":[13,14],"current_hp_per_floor":[54,53,40,40,16,16,13,34,34,14,14,11,11,11,32,21,59,51,51,36,1],"gold":68,"neow_bonus":"ONE_RANDOM_RARE_CARD","is_prod":false,"is_daily":false,"chose_seed":false,"campfire_upgraded":2,"win_rate":0,"timestamp":1541549473,"path_taken":["M","M","M","?","M","R","M","R","T","E","R","M","?","$","R","BOSS","M","?","M","M"],"build_version":"2018-11-01","purchased_purges":1,"victory":false,"max_hp_per_floor":[71,71,71,71,71,71,71,71,71,71,71,71,71,71,71,71,71,71,71,71,71],"card_choices":[{"not_picked":["Rebound","Cold Snap"],"picked":"Ball Lightning","floor":1},{"not_picked":["Go for the Eyes","Barrage"],"picked":"Loop","floor":2},{"not_picked":["Meteor Strike","Lockon"],"picked":"Cold Snap","floor":3},{"not_picked":["Scrape","Double Energy","Redo"],"picked":"SKIP","floor":5},{"not_picked":["Conserve Battery","Genetic Algorithm"],"picked":"Auto Shields","floor":7},{"not_picked":["Gash","Streamline"],"picked":"Rip and Tear","floor":10},{"not_picked":["Turbo","Barrage"],"picked":"Leap","floor":12},{"not_picked":["Seek","Machine Learning"],"picked":"Core Surge","floor":16},{"not_picked":["Redo","Cold Snap"],"picked":"Reinforced Body","floor":17},{"not_picked":["Hello World","Streamline"],"picked":"Echo Form","floor":17},{"not_picked":["Chaos","Stack"],"picked":"Turbo","floor":17},{"not_picked":["Rebound","Storm+1"],"picked":"Hologram","floor":18},{"not_picked":["Gash","Streamline","Stack"],"picked":"SKIP","floor":20}],"player_experience":891566,"relics_obtained":[{"floor":9,"key":"Anchor"},{"floor":10,"key":"DataDisk"}],"event_choices":[{"cards_removed":["Strike_B"],"damage_healed":0,"gold_gain":0,"player_choice":"Purged","damage_taken":0,"max_hp_gain":0,"max_hp_loss":0,"event_name":"Purifier","floor":4,"gold_loss":0},{"damage_healed":0,"gold_gain":0,"player_choice":"Ignored","damage_taken":0,"max_hp_gain":0,"max_hp_loss":0,"event_name":"Beggar","floor":19,"gold_loss":0}],"is_beta":false,"boss_relics":[{"not_picked":["Runic Dome","Snecko Eye"],"picked":"Orrery"}],"items_purged_floors":[13],"is_endless":false,"potions_floor_spawned":[2,5,7,16],"killed_by":"Cultist and Chosen","ascension_level":20}