{"gold_per_floor":[111,36,36,111,126,126,154,171,171,151,151,51,51,51,51,147,147,157,157,175,193,193,111,111,59,59,71,71,101,101,115,115,115],"floor_reached":33,"playtime":2824,"items_purged":["Strike_G","Defend_G"],"score":386,"play_id":"3944737f-f6b4-42bb-8e60-7e785c7f0d7f","local_time":"20180725171333","is_ascension_mode":false,"campfire_choices":[{"data":"Neutralize","floor":6,"key":"SMITH"},{"data":"Blur","floor":11,"key":"SMITH"},{"floor":15,"key":"REST"},{"data":"Footwork","floor":24,"key":"SMITH"},{"floor":30,"key":"REST"},{"data":"Expertise","floor":32,"key":"SMITH"}],"neow_cost":"","seed_source_timestamp":0,"circlet_count":0,"master_deck":["Defend_G","Defend_G","Defend_G","Survivor","Neutralize+1","Deadly Poison","Poisoned Stab","Blur+1","Acrobatics","Tools of the Trade","Deadly Poison+1","Well Laid Plans+1","Bite","Bite","Bite","Bite","Bite","Footwork+1","Deadly Poison","Expertise+1"],"relics":["Ring of the Snake","Ornamental Fan","Ninja Scroll","HoveringKite","Nunchaku","Potion Belt"],"potions_floor_usage":[8,29],"damage_taken":[{"damage":0,"enemies":"2 Louse","floor":1,"turns":4},{"damage":0,"enemies":"Jaw Worm","floor":5,"turns":3},{"damage":27,"enemies":"Gremlin Nob","floor":7,"turns":5},{"damage":0,"enemies":"Small Slimes","floor":8,"turns":3},{"damage":23,"enemies":"Hexaghost","floor":16,"turns":10},{"damage":2,"enemies":"Shell Parasite","floor":18,"turns":6},{"damage":2,"enemies":"Chosen","floor":20,"turns":4},{"damage":13,"enemies":"Snecko","floor":21,"turns":6},{"damage":7,"enemies":"Cultist and Chosen","floor":27,"turns":8},{"damage":52,"enemies":"Slavers","floor":29,"turns":9},{"damage":3,"enemies":"Snake Plant","floor":31,"turns":4},{"damage":55,"enemies":"Champ","floor":33,"turns":12}],"seed_played":"2457996428796602969","potions_obtained":[{"floor":5,"key":"Fruit Juice"},{"floor":18,"key":"Poison Potion"},{"floor":29,"key":"Explosive Potion"},{"floor":31,"key":"SteroidPotion"}],"is_trial":true,"path_per_floor":["M","$","?","?","M","R","E","M","T","?","R","$","$","?","R","B",null,"M","?","M","M","?","$","R","$","T","M","?","E","R","M","R"],"character_chosen":"THE_SILENT","items_purchased":["Footwork","Deadly Poison"],"campfire_rested":2,"item_purchase_floors":[23,25],"current_hp_per_floor":[70,70,63,52,52,52,25,30,30,30,30,30,30,30,52,29,75,73,73,71,58,52,52,52,52,52,52,52,12,27,34,34,0],"gold":115,"neow_bonus":"","is_prod":false,"is_daily":false,"chose_seed":false,"campfire_upgraded":4,"win_rate":0,"timestamp":1532535213,"path_taken":["M","$","?","?","?","R","E","M","T","?","R","?","$","?","R","BOSS","M","?","?","M","?","$","R","$","T","?","?","E","R","M","R","BOSS"],"build_version":"2018-07-19v2","purchased_purges":2,"victory":false,"max_hp_per_floor":[70,70,70,70,70,70,70,75,75,75,75,75,75,75,75,75,75,75,75,75,75,52,52,52,52,52,52,52,52,52,52,52,52],"card_choices":[{"not_picked":["Dodge and Roll","Dagger Throw"],"picked":"Deadly Poison","floor":1},{"not_picked":["Dagger Throw","Eviscerate"],"picked":"Poisoned Stab","floor":5},{"not_picked":["Unload","Terror"],"picked":"Blur","floor":7},{"not_picked":["PiercingWail","Calculated Gamble"],"picked":"Acrobatics","floor":8},{"not_picked":["Burst","Night Terror"],"picked":"Tools of the Trade","floor":16},{"not_picked":["Riddle With Holes+1","Skewer+1"],"picked":"Deadly Poison+1","floor":18},{"not_picked":["Blur","Flying Knee+1","Deflect"],"picked":"SKIP","floor":20},{"not_picked":["Underhanded Strike","Slice"],"picked":"Well Laid Plans+1","floor":21},{"not_picked":["Accuracy","Cloak And Dagger","Underhanded Strike"],"picked":"SKIP","floor":27},{"not_picked":["Deadly Poison+1","Cloak And Dagger+1","Phantasmal Killer"],"picked":"SKIP","floor":29},{"not_picked":["Underhanded Strike","Predator+1"],"picked":"Expertise","floor":31}],"player_experience":326612,"relics_obtained":[{"floor":7,"key":"Ornamental Fan"},{"floor":9,"key":"Ninja Scroll"},{"floor":26,"key":"Nunchaku"},{"floor":29,"key":"Potion Belt"}],"event_choices":[{"event_name":"Golden Wing","player_choice":"Card Removal","floor":3,"damage_taken":0},{"event_name":"World of Goop","player_choice":"Gather Gold","floor":4,"damage_taken":0},{"event_name":"The Woman in Blue","player_choice":"Bought 1 Potion","floor":10,"damage_taken":0},{"event_name":"Liars Game","player_choice":"disagreed","floor":14,"damage_taken":0},{"event_name":"Drug Dealer","player_choice":"Ignored","floor":19,"damage_taken":0},{"event_name":"Vampires","player_choice":"Became a vampire","floor":22,"damage_taken":0},{"event_name":"Addict","player_choice":"Ignored","floor":28,"damage_taken":0}],"is_beta":false,"boss_relics":[{"not_picked":["Coffee Dripper","Calling Bell"],"picked":"HoveringKite"}],"items_purged_floors":[2,12],"is_endless":true,"potions_floor_spawned":[5,18,29,31],"killed_by":"Champ","ascension_level":0}