{"path_per_floor":["M","$","M","M","?","R","M","R","T","E","R","$","E","M","R","B",null,"M","?","T","$","?","E","R","M","T","$","R","?","M","E","R","B",null,"M","M","?"],"character_chosen":"THE_SILENT","items_purchased":["Noxious Fumes","Oddly Smooth Stone","Catalyst"],"gold_per_floor":[116,41,54,68,68,68,80,80,80,110,110,35,67,86,86,189,189,208,208,262,10,10,43,43,63,88,7,7,7,22,51,51,152,152,167,178,178],"floor_reached":38,"campfire_rested":2,"playtime":1629,"current_hp_per_floor":[63,63,63,60,65,65,62,62,62,60,60,60,70,70,70,47,66,60,60,60,60,60,29,50,39,39,39,39,39,39,23,44,43,65,25,19,19],"items_purged":["Parasite","Strike_G"],"gold":178,"score":612,"play_id":"97d79f40-24f3-4f61-9a86-cf03180caecc","is_prod":false,"is_daily":false,"is_ascension_mode":true,"campfire_upgraded":5,"path_taken":["M","$","M","M","?","R","M","R","T","E","R","$","E","M","R","BOSS","M","?","?","$","?","E","R","M","T","$","R","?","M","E","R","BOSS","M","M","?","M"],"build_version":"2018-02-22-PROD2","purchased_purges":2,"victory":false,"master_deck":["Defend_G","Defend_G","Defend_G","Defend_G","Defend_G","Strike_G","Strike_G","Strike_G","Strike_G","Survivor","Neutralize+1","Leg Sweep+1","Noxious Fumes+1","Bouncing Flask+1","Infinite Blades","Tools of the Trade","Reflex","Tactician","Catalyst+1","Bane","Footwork","Burst"],"max_hp_per_floor":[70,70,70,70,75,75,75,75,75,75,75,72,72,72,72,72,72,72,72,72,72,72,72,72,72,72,72,72,72,72,72,72,72,72,72,72,72],"relics":["Ring of the Snake","Dead Branch","Snake Skull","Frozen Eye","Sozu","Tiny Chest","Oddly Smooth Stone","Ornamental Fan","Omamori","Dream Catcher","Bag of Marbles","Cursed Key"],"card_choices":[{"not_picked":["Underhanded Strike","Expertise"],"picked":"Leg Sweep"},{"not_picked":["Dagger Throw","Night Terror"],"picked":"Bouncing Flask"},{"not_picked":["Caltrops","Sucker Punch"],"picked":"Infinite Blades"},{"not_picked":["After Image","Storm of Steel"],"picked":"Tools of the Trade"},{"not_picked":["Poisoned Stab","Endless Agony"],"picked":"Reflex"},{"not_picked":["Deadly Poison","Backflip"],"picked":"Tactician"},{"not_picked":["Concentrate","Skewer"],"picked":"Bane"},{"not_picked":["Well Laid Plans","Catalyst"],"picked":"Footwork"},{"not_picked":["After Image","Bullet Time"],"picked":"Burst"}],"player_experience":280823,"potions_floor_usage":[4,7,13,13,16],"damage_taken":[{"damage":0,"enemies":"2 Louse","floor":1,"turns":3},{"damage":0,"enemies":"Cultist","floor":3,"turns":4},{"damage":3,"enemies":"Small Slimes","floor":4,"turns":5},{"damage":3,"enemies":"Exordium Wildlife","floor":7,"turns":5},{"damage":2,"enemies":"3 Sentries","floor":10,"turns":7},{"damage":2,"enemies":"Lagavulin","floor":13,"turns":5},{"damage":0,"enemies":"3 Louse","floor":14,"turns":3},{"damage":23,"enemies":"Hexaghost","floor":16,"turns":6},{"damage":6,"enemies":"Shell Parasite","floor":18,"turns":4},{"damage":31,"enemies":"Gremlin Leader","floor":23,"turns":7},{"damage":11,"enemies":"3 Byrds","floor":25,"turns":5},{"damage":0,"enemies":"Centurion and Healer","floor":30,"turns":5},{"damage":16,"enemies":"Book of Stabbing","floor":31,"turns":5},{"damage":1,"enemies":"Champ","floor":33,"turns":12},{"damage":40,"enemies":"3 Shapes","floor":35,"turns":6},{"damage":6,"enemies":"Orb Walker","floor":36,"turns":3},{"damage":24,"enemies":"3 Darklings","floor":38,"turns":2}],"event_choices":[{"event_name":"Big Fish","player_choice":"Donut","floor":5,"damage_taken":0},{"event_name":"Drug Dealer","player_choice":"Ignored","floor":19,"damage_taken":0},{"event_name":"Beggar","player_choice":"Ignored","floor":22,"damage_taken":0},{"event_name":"The Mausoleum","player_choice":"Yes","floor":29,"damage_taken":0},{"event_name":"Mysterious Sphere","player_choice":"Ignore","floor":37,"damage_taken":0}],"boss_relics":[{"not_picked":["Pandora\u0027s Box","Lizard Tail"],"picked":"Sozu"},{"not_picked":["Calling Bell","Runic Pyramid"],"picked":"Cursed Key"}],"potions_floor_spawned":[3,10,14,16,18,25,30,35,36],"seed_played":"3982535756678974893","killed_by":"3 Darklings","ascension_level":11,"is_trial":false}