{"gold_per_floor":[109,121,121,173,173,173,206,224,247,11,11,21,46,104,104,182,212,230,230,246,246,246,246,264,264,264,282,307,93,93,107,107,107],"floor_reached":33,"playtime":1068,"items_purged":["Strike_G"],"score":576,"play_id":"07dcecac-3fde-4572-bed3-99b63b54ab23","local_time":"20190421154557","is_ascension_mode":true,"campfire_choices":[{"data":"Crippling Poison","floor":6.0,"key":"SMITH"},{"data":"Bane","floor":11,"key":"SMITH"},{"data":"Neutralize","floor":15,"key":"SMITH"},{"data":"Well Laid Plans","floor":23,"key":"SMITH"},{"floor":25,"key":"REST"},{"floor":32,"key":"REST"}],"neow_cost":"NONE","seed_source_timestamp":533029205101644,"circlet_count":0,"master_deck":["AscendersBane","Defend_G","Defend_G","Defend_G","Defend_G","Defend_G","Strike_G","Strike_G","Strike_G","Survivor","Neutralize+1","Deadly Poison","Crippling Poison+1","Bane+1","Poisoned Stab","Deflect","Dagger Spray","Unload","Crippling Poison+1","Well Laid Plans+1","Catalyst","Backflip"],"special_seed":0,"relics":["Ring of the Snake","NeowsBlessing","PreservedInsect","Bottled Flame","Centennial Puzzle","Happy Flower","Regal Pillow","Art of War","Calling Bell","Tiny Chest","Shuriken","Shovel","Torii","Snake Skull","Anchor"],"potions_floor_usage":[8,13,14,16,31,33],"damage_taken":[{"damage":0.0,"enemies":"Jaw Worm","floor":1.0,"turns":1.0},{"damage":0.0,"enemies":"2 Louse","floor":2.0,"turns":1.0},{"damage":0.0,"enemies":"3 Sentries","floor":7.0,"turns":2.0},{"damage":8,"enemies":"Cultist","floor":8,"turns":4},{"damage":1,"enemies":"Large Slime","floor":12,"turns":4},{"damage":0,"enemies":"Gremlin Nob","floor":13,"turns":2},{"damage":5,"enemies":"3 Sentries","floor":14,"turns":6},{"damage":5,"enemies":"The Guardian","floor":16,"turns":9},{"damage":0,"enemies":"3 Byrds","floor":18,"turns":3},{"damage":18,"enemies":"Spheric Guardian","floor":20,"turns":4},{"damage":24,"enemies":"Snecko","floor":24,"turns":6},{"damage":19,"enemies":"Snake Plant","floor":27,"turns":4},{"damage":0,"enemies":"3 Cultists","floor":31,"turns":4},{"damage":85,"enemies":"Champ","floor":33,"turns":11}],"seed_played":"3822358480189379216","potions_obtained":[{"floor":5.0,"key":"Fruit Juice"},{"floor":5.0,"key":"Explosive Potion"},{"floor":8,"key":"SteroidPotion"},{"floor":12,"key":"Poison Potion"},{"floor":14,"key":"Swift Potion"},{"floor":16,"key":"Energy Potion"},{"floor":24,"key":"Dexterity Potion"}],"is_trial":false,"path_per_floor":["M","M","?","T","?","R","E","M","T","$","R","M","E","?","R","B",null,"M","?","M","?","?","R","M","R","T","M","T","$","?","M","R","B"],"character_chosen":"THE_SILENT","items_purchased":["Happy Flower","Anchor","Backflip"],"campfire_rested":2,"item_purchase_floors":[10,29,29],"current_hp_per_floor":[59,59,52,52,52,52,52,49,49,49,49,48,48,43,43,38,63,63,63,45,45,45,45,21,57,57,38,38,38,18,18,55,0],"gold":107,"neow_bonus":"THREE_ENEMY_KILL","is_prod":false,"is_daily":false,"chose_seed":false,"campfire_upgraded":4,"win_rate":0,"timestamp":1555875957,"path_taken":["M","M","?","?","?","R","E","M","T","$","R","?","E","?","R","BOSS","M","?","?","?","?","R","?","R","T","M","?","$","?","M","R","BOSS"],"build_version":"2019-01-23","purchased_purges":1,"victory":false,"max_hp_per_floor":[66,66,66,66,66,66,66,71,71,71,71,71,71,71,71,71,71,71,71,71,71,71,71,71,71,71,71,71,71,76,76,76,76],"card_choices":[{"not_picked":["Sucker Punch","Quick Slash"],"picked":"Deadly Poison","floor":1.0},{"not_picked":["Caltrops","Sucker Punch"],"picked":"Crippling Poison","floor":2.0},{"not_picked":["Concentrate","Heel Hook"],"picked":"Bane","floor":7},{"not_picked":["Escape Plan","Dagger Spray"],"picked":"Poisoned Stab","floor":8},{"not_picked":["Reflex","Acrobatics","Masterful Stab"],"picked":"SKIP","floor":12},{"not_picked":["Slice","Calculated Gamble"],"picked":"Deflect","floor":13},{"not_picked":["Underhanded Strike","Dagger Throw"],"picked":"Dagger Spray","floor":14},{"not_picked":["Grand Finale","Phantasmal Killer"],"picked":"Unload","floor":16},{"not_picked":["Riddle With Holes+1","Tactician","Quick Slash"],"picked":"SKIP","floor":18},{"not_picked":["Bouncing Flask","Outmaneuver","Cloak And Dagger"],"picked":"SKIP","floor":20},{"not_picked":["Prepared","Crippling Poison","Flying Knee+1"],"picked":"SKIP","floor":24},{"not_picked":["Die Die Die","Distraction"],"picked":"Catalyst","floor":27},{"not_picked":["Cloak And Dagger","Bouncing Flask+1","Flechettes"],"picked":"SKIP","floor":31}],"player_experience":502425,"relics_obtained":[{"floor":4.0,"key":"PreservedInsect"},{"floor":7,"key":"Bottled Flame"},{"floor":9,"key":"Centennial Puzzle"},{"floor":13,"key":"Regal Pillow"},{"floor":14,"key":"Art of War"},{"floor":17,"key":"Tiny Chest"},{"floor":17,"key":"Shuriken"},{"floor":17,"key":"Shovel"},{"floor":26,"key":"Torii"},{"floor":28,"key":"Snake Skull"}],"event_choices":[{"cards_removed":["Strike_G"],"damage_healed":0.0,"max_hp_gain":0.0,"max_hp_loss":0.0,"gold_gain":0.0,"event_name":"Golden Wing","player_choice":"Card Removal","floor":3.0,"gold_loss":0.0,"damage_taken":7.0},{"damage_healed":0.0,"max_hp_gain":0.0,"max_hp_loss":0.0,"gold_gain":0.0,"event_name":"Lab","player_choice":"Got Potions","floor":5.0,"gold_loss":0.0,"damage_taken":0.0},{"damage_healed":0,"gold_gain":0,"player_choice":"Searched \u00272\u0027 times","damage_taken":0,"max_hp_gain":0,"max_hp_loss":0,"event_name":"Dead Adventurer","floor":14,"gold_loss":0},{"damage_healed":0,"gold_gain":0,"player_choice":"Copied","damage_taken":0,"max_hp_gain":0,"max_hp_loss":0,"event_name":"Duplicator","floor":19,"gold_loss":0,"cards_obtained":["Crippling Poison"]},{"damage_healed":0,"gold_gain":0,"player_choice":"Read","damage_taken":0,"max_hp_gain":0,"max_hp_loss":0,"event_name":"The Library","floor":21,"gold_loss":0,"cards_obtained":["Well Laid Plans"]},{"cards_removed":["Writhe","Shame","Injury"],"damage_healed":0,"gold_gain":0,"player_choice":"Removed Curses","damage_taken":0,"max_hp_gain":0,"max_hp_loss":0,"event_name":"Fountain of Cleansing","floor":22,"gold_loss":0},{"damage_healed":0,"gold_gain":0,"player_choice":"Shed Blood","damage_taken":25,"max_hp_gain":5,"max_hp_loss":0,"event_name":"Forgotten Altar","floor":30,"gold_loss":0}],"is_beta":false,"boss_relics":[{"not_picked":["Ring of the Serpent","Astrolabe"],"picked":"Calling Bell"}],"items_purged_floors":[10],"is_endless":false,"potions_floor_spawned":[8,12,14,16,24],"killed_by":"Champ","ascension_level":18}