{"gold_per_floor":[110,110,123,123,139,164,164,194,194,204,174,205,215,227,227,325,325,339,356,367,38,38,38],"floor_reached":23,"playtime":1700,"items_purged":["Strike_B"],"score":341,"play_id":"f5ac7925-9554-4bca-b108-5eead716d6fc","local_time":"20190222205632","is_ascension_mode":true,"campfire_choices":[{"data":"Zap","floor":7,"key":"SMITH"},{"floor":15,"key":"REST"}],"neow_cost":"NONE","seed_source_timestamp":850473607989574,"circlet_count":0,"master_deck":["AscendersBane","Strike_B","Strike_B","Defend_B","Defend_B","Defend_B","Defend_B","Zap+1","Dualcast","Conserve Battery","Steam","Cold Snap","Lockon","Buffer","Buffer","Compile Driver","Leap+1","Hologram+1","Rainbow+1","Steam+1","Conserve Battery+1","Hologram+1","Metamorphosis+1","Loop"],"relics":["Cracked Core","Ancient Tea Set","Bottled Lightning","Singing Bowl","Potion Belt","Toxic Egg 2","Inserter","Meat on the Bone"],"potions_floor_usage":[3,6,18,19,23],"damage_taken":[{"damage":7,"enemies":"Jaw Worm","floor":1,"turns":3},{"damage":0,"enemies":"2 Louse","floor":3,"turns":2},{"damage":0,"enemies":"Cultist","floor":5,"turns":4},{"damage":6,"enemies":"3 Sentries","floor":6,"turns":15},{"damage":14,"enemies":"Gremlin Nob","floor":8,"turns":5},{"damage":7,"enemies":"2 Fungi Beasts","floor":10,"turns":4},{"damage":18,"enemies":"3 Sentries","floor":12,"turns":8},{"damage":0,"enemies":"Large Slime","floor":13,"turns":4},{"damage":1,"enemies":"Looter","floor":14,"turns":3},{"damage":21,"enemies":"The Guardian","floor":16,"turns":16},{"damage":0,"enemies":"Shell Parasite","floor":18,"turns":7},{"damage":0,"enemies":"Spheric Guardian","floor":19,"turns":5},{"damage":9,"enemies":"Snake Plant","floor":20,"turns":3},{"damage":56,"enemies":"Gremlin Leader","floor":23,"turns":7}],"seed_played":"2563579048425059775","potions_obtained":[{"floor":0,"key":"EssenceOfSteel"},{"floor":0,"key":"Explosive Potion"},{"floor":12,"key":"GamblersBrew"},{"floor":13,"key":"Fire Potion"},{"floor":20,"key":"SteroidPotion"}],"is_trial":false,"path_per_floor":["M","?","M","?","M","E","R","E","T","M","?","E","M","M","R","B",null,"M","M","M","$","?","E"],"character_chosen":"DEFECT","items_purchased":["Metamorphosis+1","Loop"],"campfire_rested":1,"item_purchase_floors":[21,21],"current_hp_per_floor":[61,58,58,58,58,52,52,38,38,31,31,13,15,14,37,16,62,62,62,53,53,53,0],"gold":38,"neow_bonus":"THREE_SMALL_POTIONS","is_prod":false,"is_daily":false,"chose_seed":false,"campfire_upgraded":1,"win_rate":0,"timestamp":1550886992,"path_taken":["M","?","M","?","M","E","R","E","T","M","?","E","M","M","R","BOSS","M","M","M","$","?","E"],"build_version":"2019-01-23","purchased_purges":1,"victory":false,"max_hp_per_floor":[75,75,75,75,75,75,75,75,75,75,75,75,77,77,77,77,77,77,77,77,77,77,77],"card_choices":[{"not_picked":["Redo","Undo"],"picked":"Conserve Battery","floor":1},{"not_picked":["Barrage","Sweeping Beam"],"picked":"Steam","floor":3},{"not_picked":["Stack","Steam"],"picked":"Lockon","floor":5},{"not_picked":["Doom and Gloom","Buffer","Turbo"],"picked":"SKIP","floor":6},{"not_picked":["Doom and Gloom","Turbo"],"picked":"Buffer","floor":6},{"not_picked":["Aggregate","Storm"],"picked":"Buffer","floor":8},{"not_picked":["Blizzard","Turbo"],"picked":"Compile Driver","floor":10},{"not_picked":["Amplify","Reprogram"],"picked":"Leap","floor":12},{"not_picked":["Melter","Sweeping Beam","Hello World"],"picked":"Singing Bowl","floor":13},{"not_picked":["Rebound","Multi-Cast+1"],"picked":"Hologram+1","floor":14},{"not_picked":["Core Surge","Echo Form"],"picked":"Rainbow+1","floor":16},{"not_picked":["Melter","Reprogram+1"],"picked":"Steam+1","floor":18},{"not_picked":["Rebound","Steam+1"],"picked":"Conserve Battery+1","floor":19},{"not_picked":["Capacitor","Redo+1"],"picked":"Hologram+1","floor":20}],"player_experience":340816,"relics_obtained":[{"floor":6,"key":"Bottled Lightning"},{"floor":8,"key":"Singing Bowl"},{"floor":9,"key":"Potion Belt"},{"floor":12,"key":"Toxic Egg 2"},{"floor":22,"key":"Meat on the Bone"}],"event_choices":[{"damage_healed":0,"gold_gain":0,"player_choice":"Success","damage_taken":3,"relics_obtained":["Ancient Tea Set"],"max_hp_gain":0,"max_hp_loss":0,"event_name":"Scrap Ooze","floor":2,"gold_loss":0},{"damage_healed":0,"gold_gain":0,"cards_transformed":["Strike_B"],"player_choice":"Change","damage_taken":0,"max_hp_gain":0,"max_hp_loss":0,"event_name":"Living Wall","floor":4,"gold_loss":0,"cards_obtained":["Cold Snap"]},{"damage_healed":0,"gold_gain":0,"player_choice":"Left Gold","damage_taken":0,"max_hp_gain":0,"max_hp_loss":0,"event_name":"World of Goop","floor":11,"gold_loss":30},{"damage_healed":0,"gold_gain":0,"player_choice":"Relic","damage_taken":0,"max_hp_gain":0,"max_hp_loss":0,"event_name":"Wheel of Change","floor":22,"gold_loss":0}],"is_beta":false,"boss_relics":[{"not_picked":["Pandora\u0027s Box","White Beast Statue"],"picked":"Inserter"}],"items_purged_floors":[21],"is_endless":false,"potions_floor_spawned":[1,12,13,20],"killed_by":"Gremlin Leader","ascension_level":12}