{"gold_per_floor":[117,128,203,203,153,188,188,188,213,59,59,92,103,132,132,227,227,227],"floor_reached":18,"playtime":694,"items_purged":["Strike_B"],"score":261,"play_id":"a18d3ae2-f3f8-4532-8f91-743178f26dd1","local_time":"20190118231011","is_ascension_mode":true,"campfire_choices":[{"data":"Zap","floor":8,"key":"SMITH"},{"data":"Lockon","floor":11,"key":"SMITH"},{"data":"Chaos","floor":15,"key":"SMITH"}],"neow_cost":"NONE","seed_source_timestamp":0,"circlet_count":0,"master_deck":["Defend_B","Defend_B","Defend_B","Defend_B","Zap+1","Dualcast","Lockon+1","Tempest","Beam Cell","Seek","Hologram","Leap","Chaos+1","Coolheaded","Turbo","Echo Form"],"special_seed":0,"relics":["Cracked Core","NeowsBlessing","Potion Belt","Blood Vial","Bottled Flame","Singing Bowl","Runic Dome"],"potions_floor_usage":[12,12,14],"damage_taken":[{"damage":0,"enemies":"Cultist","floor":1,"turns":1},{"damage":0,"enemies":"Small Slimes","floor":2,"turns":1},{"damage":0,"enemies":"3 Sentries","floor":6,"turns":1},{"damage":8,"enemies":"Lagavulin","floor":12,"turns":4},{"damage":0,"enemies":"2 Louse","floor":13,"turns":2},{"damage":17,"enemies":"Gremlin Nob","floor":14,"turns":4},{"damage":26,"enemies":"Slime Boss","floor":16,"turns":8},{"damage":10,"enemies":"Shell Parasite","floor":18,"turns":3}],"seed_played":"-6576322150907570138","potions_obtained":[{"floor":1,"key":"AttackPotion"},{"floor":2,"key":"Poison Potion"},{"floor":12,"key":"EssenceOfSteel"}],"is_trial":false,"path_per_floor":["M","M","?","?","?","E","?","R","T","$","R","E","M","E","R","B",null,"M"],"character_chosen":"DEFECT","items_purchased":["Hologram","Leap"],"campfire_rested":0,"item_purchase_floors":[10,10],"current_hp_per_floor":[68,68,57,50,50,50,50,50,50,50,50,44,46,31,31,7,58,50],"gold":227,"neow_bonus":"THREE_ENEMY_KILL","is_prod":false,"is_daily":false,"chose_seed":false,"campfire_upgraded":3,"win_rate":0,"timestamp":1547871011,"path_taken":["M","?","?","?","?","E","?","R","T","$","R","E","M","E","R","BOSS","M"],"build_version":"2019-01-17v2","purchased_purges":1,"victory":false,"max_hp_per_floor":[75,75,75,75,75,75,75,75,75,75,75,75,75,75,75,75,75,75],"card_choices":[{"not_picked":["Force Field","Compile Driver"],"picked":"Lockon","floor":1},{"not_picked":["Double Energy","Coolheaded"],"picked":"Tempest","floor":2},{"not_picked":["Rebound","Undo"],"picked":"Beam Cell","floor":6},{"not_picked":["Cold Snap","Compile Driver"],"picked":"Chaos","floor":12},{"not_picked":["Lockon","Cold Snap"],"picked":"Coolheaded","floor":13},{"not_picked":["Redo","Static Discharge"],"picked":"Turbo","floor":14},{"not_picked":["Core Surge","Seek"],"picked":"Echo Form","floor":16}],"player_experience":175305,"relics_obtained":[{"floor":6,"key":"Potion Belt"},{"floor":9,"key":"Blood Vial"},{"floor":12,"key":"Bottled Flame"},{"floor":14,"key":"Singing Bowl"}],"event_choices":[{"damage_healed":0,"gold_gain":75,"player_choice":"Gather Gold","damage_taken":11,"max_hp_gain":0,"max_hp_loss":0,"event_name":"World of Goop","floor":3,"gold_loss":0},{"cards_removed":["Strike_B"],"damage_healed":0,"gold_gain":0,"player_choice":"Card Removal","damage_taken":7,"max_hp_gain":0,"max_hp_loss":0,"event_name":"Golden Wing","floor":4,"gold_loss":0},{"cards_removed":["Strike_B"],"damage_healed":0,"gold_gain":0,"player_choice":"Card Removal","damage_taken":0,"max_hp_gain":0,"max_hp_loss":0,"event_name":"The Cleric","floor":5,"gold_loss":50},{"damage_healed":0,"gold_gain":0,"cards_transformed":["Strike_B"],"player_choice":"Change","damage_taken":0,"max_hp_gain":0,"max_hp_loss":0,"event_name":"Living Wall","floor":7,"gold_loss":0,"cards_obtained":["Seek"]}],"is_beta":false,"boss_relics":[{"not_picked":["Empty Cage","Sozu"],"picked":"Runic Dome"}],"items_purged_floors":[10],"is_endless":false,"potions_floor_spawned":[1,2,12],"killed_by":"Shell Parasite","ascension_level":6}