{"gold_per_floor":[116,128,30,30,30,64,77,77,77,103,115,115,149,149,149,254,254,267,118,98,21,120,120,120],"floor_reached":24,"playtime":906,"items_purged":["Strike_G"],"score":356,"play_id":"fb8ea761-b881-4a36-b93e-160b29334cf9","local_time":"20190223142554","is_ascension_mode":true,"campfire_choices":[{"data":"Catalyst","floor":8,"key":"SMITH"},{"data":"Noxious Fumes","floor":12,"key":"SMITH"},{"data":"Neutralize","floor":15,"key":"SMITH"},{"data":"Adrenaline","floor":23,"key":"SMITH"}],"neow_cost":"NONE","seed_source_timestamp":914229562619257,"circlet_count":0,"master_deck":["AscendersBane","Defend_G","Defend_G","Defend_G","Defend_G","Defend_G","Strike_G","Strike_G","Strike_G","Survivor","Neutralize+1","Catalyst+1","Dodge and Roll","Noxious Fumes+1","Deadly Poison","Tactician","Deadly Poison","Bane","Well Laid Plans+1","Burst","Dash","Deflect","Backflip","Crippling Poison","Slice+1","Adrenaline+1","A Thousand Cuts","Catalyst"],"relics":["Ring of the Snake","NeowsBlessing","The Specimen","Ginger","Bag of Marbles","Ornamental Fan","Orrery"],"potions_floor_usage":[10,16,18,18],"damage_taken":[{"damage":0,"enemies":"Small Slimes","floor":1,"turns":1},{"damage":0,"enemies":"Jaw Worm","floor":2,"turns":1},{"damage":0,"enemies":"Lagavulin","floor":6,"turns":1},{"damage":0,"enemies":"Cultist","floor":7,"turns":3},{"damage":12,"enemies":"Gremlin Nob","floor":10,"turns":3},{"damage":0,"enemies":"Exordium Wildlife","floor":11,"turns":4},{"damage":11,"enemies":"3 Sentries","floor":13,"turns":5},{"damage":14,"enemies":"The Guardian","floor":16,"turns":8},{"damage":6,"enemies":"3 Byrds","floor":18,"turns":5},{"damage":0,"enemies":"2 Thieves","floor":20,"turns":4},{"damage":60,"enemies":"Slavers","floor":24,"turns":4}],"seed_played":"-1977950543078450540","potions_obtained":[{"floor":1,"key":"Swift Potion"},{"floor":10,"key":"Dexterity Potion"},{"floor":13,"key":"Energy Potion"},{"floor":16,"key":"Dexterity Potion"}],"is_trial":false,"path_per_floor":["M","M","$","?","?","E","M","R","T","E","M","R","E","?","R","B",null,"M","$","M","$","?","R","E"],"character_chosen":"THE_SILENT","items_purchased":["Noxious Fumes","Deadly Poison","Adrenaline","Catalyst"],"campfire_rested":0,"item_purchase_floors":[3,3,19,21],"current_hp_per_floor":[63,63,63,63,63,63,63,63,63,51,51,51,40,40,40,26,59,53,53,53,53,53,53,0],"gold":120,"neow_bonus":"THREE_ENEMY_KILL","is_prod":false,"is_daily":false,"chose_seed":false,"campfire_upgraded":4,"win_rate":0,"timestamp":1550949954,"path_taken":["M","M","$","?","?","E","M","R","T","E","M","R","E","?","R","BOSS","M","$","M","$","?","R","E"],"build_version":"2019-01-23","purchased_purges":1,"victory":false,"max_hp_per_floor":[70,70,70,70,70,70,70,70,70,70,70,70,70,70,70,70,70,70,70,70,70,70,70,70],"card_choices":[{"not_picked":["Dodge and Roll","Underhanded Strike"],"picked":"Catalyst","floor":1},{"not_picked":["Bane","Sucker Punch"],"picked":"Dodge and Roll","floor":2},{"not_picked":["Dodge and Roll","Doppelganger"],"picked":"Deadly Poison","floor":6},{"not_picked":["Acrobatics","Sucker Punch"],"picked":"Bane","floor":7},{"not_picked":["Quick Slash","Blade Dance","Flechettes"],"picked":"SKIP","floor":10},{"not_picked":["Flechettes","Tactician","Acrobatics"],"picked":"SKIP","floor":11},{"not_picked":["Acrobatics","Storm of Steel"],"picked":"Well Laid Plans","floor":13},{"not_picked":["Phantasmal Killer","Corpse Explosion"],"picked":"Burst","floor":16},{"not_picked":["Sucker Punch","Outmaneuver"],"picked":"Dash","floor":17},{"not_picked":["Accuracy","Acrobatics"],"picked":"Deflect","floor":17},{"not_picked":["Poisoned Stab","Blade Dance"],"picked":"Backflip","floor":17},{"not_picked":["Deadly Poison","Deflect"],"picked":"Crippling Poison","floor":17},{"not_picked":["Dagger Spray","Dagger Throw"],"picked":"Slice+1","floor":18},{"not_picked":["Quick Slash","Sucker Punch"],"picked":"A Thousand Cuts","floor":20}],"player_experience":345837,"relics_obtained":[{"floor":6,"key":"The Specimen"},{"floor":9,"key":"Ginger"},{"floor":10,"key":"Bag of Marbles"},{"floor":13,"key":"Ornamental Fan"}],"event_choices":[{"damage_healed":0,"gold_gain":0,"player_choice":"Ignored","damage_taken":0,"max_hp_gain":0,"max_hp_loss":0,"event_name":"Liars Game","floor":4,"gold_loss":0},{"damage_healed":0,"gold_gain":0,"cards_transformed":["Strike_G"],"player_choice":"Change","damage_taken":0,"max_hp_gain":0,"max_hp_loss":0,"event_name":"Living Wall","floor":5,"gold_loss":0,"cards_obtained":["Tactician"]},{"damage_healed":0,"gold_gain":0,"player_choice":"Upgraded","damage_taken":0,"max_hp_gain":0,"max_hp_loss":0,"event_name":"Upgrade Shrine","floor":14,"gold_loss":0,"cards_upgraded":["Well Laid Plans"]},{"damage_healed":0,"gold_gain":99,"player_choice":"Stole From Cult","damage_taken":0,"max_hp_gain":0,"max_hp_loss":0,"event_name":"Nest","floor":22,"gold_loss":0}],"is_beta":false,"boss_relics":[{"not_picked":["Astrolabe","Snecko Eye"],"picked":"Orrery"}],"items_purged_floors":[19],"is_endless":false,"potions_floor_spawned":[1,10,13,16],"killed_by":"Slavers","ascension_level":10}