{"gold_per_floor":[109,109,129,142,156,187,187,221,221,221,241,63,97,97,97,195,195,212,227,227],"floor_reached":20,"playtime":852,"items_purged":[],"score":291,"play_id":"0fef2fd4-1966-413b-ac5e-76a202a1b3db","local_time":"20190224091351","is_ascension_mode":true,"campfire_choices":[{"floor":7,"key":"REST"},{"floor":10,"key":"REST"},{"floor":15,"key":"REST"}],"neow_cost":"TEN_PERCENT_HP_LOSS","seed_source_timestamp":981962393349564,"circlet_count":0,"master_deck":["AscendersBane","Defend_G","Defend_G","Defend_G","Defend_G","Defend_G","Strike_G","Strike_G","Strike_G","Strike_G","Survivor","Neutralize+1","Dagger Spray","Noxious Fumes","Cloak And Dagger","Dodge and Roll","Deflect","Crippling Poison","Flying Knee+1","Chrysalis","Quick Slash+1","Venomology","PiercingWail","Bane+1"],"relics":["Ring of the Snake","Torii","Bottled Tornado","Letter Opener","Molten Egg 2","Boot","WristBlade"],"potions_floor_usage":[13,19],"damage_taken":[{"damage":9,"enemies":"Jaw Worm","floor":1,"turns":6},{"damage":0,"enemies":"Cultist","floor":3,"turns":4},{"damage":1,"enemies":"2 Louse","floor":4,"turns":2},{"damage":15,"enemies":"Gremlin Gang","floor":5,"turns":4},{"damage":29,"enemies":"Lagavulin","floor":6,"turns":10},{"damage":9,"enemies":"3 Sentries","floor":8,"turns":8},{"damage":1,"enemies":"Large Slime","floor":11,"turns":9},{"damage":25,"enemies":"Gremlin Nob","floor":13,"turns":5},{"damage":27,"enemies":"The Guardian","floor":16,"turns":13},{"damage":13,"enemies":"Spheric Guardian","floor":18,"turns":6},{"damage":34,"enemies":"Chosen","floor":19,"turns":7},{"damage":1,"enemies":"Centurion and Healer","floor":20,"turns":2}],"seed_played":"-7253483917623697709","potions_obtained":[{"floor":3,"key":"FairyPotion"},{"floor":6,"key":"Poison Potion"},{"floor":8,"key":"SneckoOil"},{"floor":11,"key":"Strength Potion"},{"floor":19,"key":"Poison Potion"}],"is_trial":false,"path_per_floor":["M","?","M","M","M","E","R","E","T","R","M","$","E","?","R","B",null,"M","M","M"],"character_chosen":"THE_SILENT","items_purchased":["Chrysalis"],"campfire_rested":3,"item_purchase_floors":[12],"current_hp_per_floor":[54,54,54,53,38,9,27,18,18,36,35,35,10,10,28,1,48,35,1,0],"gold":227,"neow_bonus":"ONE_RARE_RELIC","is_prod":false,"is_daily":false,"chose_seed":false,"campfire_upgraded":0,"win_rate":0,"timestamp":1551017631,"path_taken":["M","?","?","M","M","E","R","E","T","R","M","$","E","?","R","BOSS","M","?","M"],"build_version":"2019-01-23","purchased_purges":0,"victory":false,"max_hp_per_floor":[63,63,63,63,63,63,63,63,63,63,63,63,63,63,63,63,63,63,63,63],"card_choices":[{"not_picked":["Deflect","Quick Slash"],"picked":"Dagger Spray","floor":1},{"not_picked":["Bane","Deadly Poison"],"picked":"Noxious Fumes","floor":3},{"not_picked":["Skewer","Backstab"],"picked":"Cloak And Dagger","floor":4},{"not_picked":["Sucker Punch","Acrobatics"],"picked":"Dodge and Roll","floor":5},{"not_picked":["Choke","Heel Hook"],"picked":"Deflect","floor":6},{"not_picked":["Catalyst","Infinite Blades"],"picked":"Crippling Poison","floor":8},{"not_picked":["Escape Plan","Deflect"],"picked":"Flying Knee+1","floor":11},{"not_picked":["Accuracy","Acrobatics"],"picked":"Quick Slash+1","floor":13},{"not_picked":["Phantasmal Killer","Grand Finale+1"],"picked":"Venomology","floor":16},{"not_picked":["Catalyst","Finisher+1"],"picked":"PiercingWail","floor":18},{"not_picked":["Tactician","Slice+1"],"picked":"Bane+1","floor":19}],"player_experience":356277,"relics_obtained":[{"floor":6,"key":"Bottled Tornado"},{"floor":8,"key":"Letter Opener"},{"floor":9,"key":"Molten Egg 2"},{"floor":13,"key":"Boot"}],"event_choices":[{"damage_healed":0,"gold_gain":0,"player_choice":"Upgraded","damage_taken":0,"max_hp_gain":0,"max_hp_loss":0,"event_name":"Upgrade Shrine","floor":2,"gold_loss":0,"cards_upgraded":["Neutralize"]},{"cards_removed":["Strike_G"],"damage_healed":0,"gold_gain":0,"player_choice":"Offered Basic","damage_taken":0,"max_hp_gain":0,"max_hp_loss":0,"event_name":"Bonfire Elementals","floor":14,"gold_loss":0}],"is_beta":false,"boss_relics":[{"not_picked":["Snecko Eye","Empty Cage"],"picked":"WristBlade"}],"items_purged_floors":[],"is_endless":false,"potions_floor_spawned":[3,6,8,11,19],"killed_by":"Centurion and Healer","ascension_level":10}