{"gold_per_floor":[114,39,52,52,62,62,91,91,91,110,121,136,136,156,156,231,231,250,77,101,26,45,45,95,95,95,127,24,24,36,36,36,113,113,126,76,96,76,87,87,118,135,217,217,110,121,121,71,71,71],"floor_reached":50,"playtime":2440,"items_purged":["Decay","Immolate","Pain","Strike_R"],"score":980,"play_id":"1aceedc2-e131-4681-bf9b-5489a850e1cc","local_time":"20181022184627","is_ascension_mode":true,"campfire_choices":[{"data":"Bash","floor":6,"key":"SMITH"},{"data":"Anger","floor":8,"key":"SMITH"},{"data":"Shrug It Off","floor":13,"key":"SMITH"},{"data":"Twin Strike","floor":15,"key":"SMITH"},{"data":"Corruption","floor":23,"key":"SMITH"},{"data":"Bludgeon","floor":25,"key":"SMITH"},{"data":"Pommel Strike","floor":29,"key":"SMITH"},{"data":"Headbutt","floor":32,"key":"SMITH"},{"data":"Feel No Pain","floor":40,"key":"SMITH"},{"floor":44,"key":"REST"},{"floor":49,"key":"REST"}],"neow_cost":"PERCENT_DAMAGE","seed_source_timestamp":1115867898150652,"circlet_count":0,"master_deck":["Strike_R","Strike_R","Strike_R","Defend_R","Defend_R","Defend_R","Defend_R","Bash+1","AscendersBane","Impervious","Twin Strike+1","Feel No Pain+1","Anger+1","Headbutt+1","Shrug It Off+1","Corruption+1","Bludgeon+1","Sentinel","Reaper","Pommel Strike+1","Pommel Strike+1","Dark Embrace","Whirlwind+1","Shrug It Off","Intimidate+1","Sentinel","Dark Shackles","Dramatic Entrance"],"relics":["Burning Blood","Matryoshka","Bronze Scales","Singing Bowl","Cursed Key","Vajra","Centennial Puzzle","Smiling Mask","Meat on the Bone","Happy Flower","Runic Pyramid","Oddly Smooth Stone","Self Forming Clay"],"potions_floor_usage":[7,10,11,16,33],"damage_taken":[{"damage":19,"enemies":"Jaw Worm","floor":1,"turns":5},{"damage":0,"enemies":"2 Louse","floor":3,"turns":4},{"damage":6,"enemies":"Cultist","floor":5,"turns":3},{"damage":23,"enemies":"3 Sentries","floor":7,"turns":10},{"damage":15,"enemies":"Exordium Thugs","floor":10,"turns":4},{"damage":0,"enemies":"Lots of Slimes","floor":11,"turns":3},{"damage":0,"enemies":"Large Slime","floor":12,"turns":5},{"damage":0,"enemies":"Exordium Wildlife","floor":14,"turns":3},{"damage":26,"enemies":"Hexaghost","floor":16,"turns":10},{"damage":0,"enemies":"Chosen","floor":18,"turns":3},{"damage":13,"enemies":"2 Thieves","floor":22,"turns":4},{"damage":21,"enemies":"Book of Stabbing","floor":27,"turns":3},{"damage":4,"enemies":"3 Cultists","floor":30,"turns":3},{"damage":59,"enemies":"Champ","floor":33,"turns":12},{"damage":30,"enemies":"3 Darklings","floor":35,"turns":4},{"damage":6,"enemies":"3 Shapes","floor":37,"turns":4},{"damage":41,"enemies":"Jaw Worm Horde","floor":39,"turns":5},{"damage":29,"enemies":"Reptomancer","floor":41,"turns":5},{"damage":31,"enemies":"Spire Growth","floor":42,"turns":5},{"damage":37,"enemies":"Writhing Mass","floor":46,"turns":6},{"damage":74,"enemies":"Awakened One","floor":50,"turns":9}],"seed_played":"2321456335294615271","potions_obtained":[{"floor":3,"key":"FearPotion"},{"floor":4,"key":"Strength Potion"},{"floor":7,"key":"SpeedPotion"},{"floor":10,"key":"SpeedPotion"},{"floor":22,"key":"BloodPotion"},{"floor":33,"key":"FearPotion"},{"floor":38,"key":"SpeedPotion"}],"is_trial":false,"path_per_floor":["M","?","M","?","M","R","E","R","T","M","M","M","R","M","R","B",null,"M","$","T","?","M","R","?","R","T","E","$","R","M","$","R","B",null,"M","$","M","?","M","R","E","M","T","R","$","M","?","$","R"],"character_chosen":"IRONCLAD","items_purchased":["Vajra","Pommel Strike","PowerPotion"],"campfire_rested":2,"item_purchase_floors":[19,28,45],"current_hp_per_floor":[37,37,43,43,43,43,26,26,26,17,23,31,31,37,37,17,62,68,68,68,68,63,63,63,63,63,48,48,48,60,60,60,26,66,52,52,71,71,50,50,54,48,48,72,72,57,49,49,74,7],"gold":71,"neow_bonus":"THREE_RARE_CARDS","is_prod":false,"is_daily":false,"chose_seed":false,"campfire_upgraded":9,"win_rate":0,"timestamp":1540248387,"path_taken":["M","?","M","?","M","R","E","R","T","M","M","M","R","M","R","BOSS","M","$","?","?","M","R","?","R","T","E","$","R","M","$","R","BOSS","M","$","M","?","?","R","E","M","T","R","$","M","?","?","R","BOSS"],"build_version":"2018-10-18","purchased_purges":4,"victory":false,"max_hp_per_floor":[75,75,75,75,75,75,75,75,75,75,75,77,77,77,77,77,77,77,77,77,77,79,79,79,79,79,79,79,79,79,79,79,79,79,79,79,81,81,83,83,83,83,83,83,83,83,85,85,85,85],"card_choices":[{"not_picked":["Double Tap","Juggernaut"],"picked":"Impervious","floor":0},{"not_picked":["Seeing Red","Cleave"],"picked":"Twin Strike","floor":1},{"not_picked":["Ghostly Armor","Second Wind"],"picked":"Feel No Pain","floor":3},{"not_picked":["Heavy Blade","Fire Breathing"],"picked":"Anger","floor":5},{"not_picked":["Sentinel","Rampage"],"picked":"Headbutt","floor":7},{"not_picked":["Wild Strike","Headbutt"],"picked":"Immolate","floor":10},{"not_picked":["Warcry","Clash"],"picked":"Shrug It Off","floor":11},{"not_picked":["Cleave","Feel No Pain","Headbutt"],"picked":"Singing Bowl","floor":12},{"not_picked":["Sentinel","Metallicize"],"picked":"Corruption","floor":14},{"not_picked":["Limit Break","Double Tap"],"picked":"Bludgeon","floor":16},{"not_picked":["Flex","Burning Pact"],"picked":"Sentinel","floor":18},{"not_picked":["Rampage","Body Slam","Hemokinesis"],"picked":"Singing Bowl","floor":22},{"not_picked":["Shrug It Off","Sword Boomerang"],"picked":"Reaper","floor":27},{"not_picked":["Perfected Strike","Twin Strike"],"picked":"Pommel Strike+1","floor":30},{"not_picked":["Brutality","Demon Form"],"picked":"Dark Embrace","floor":33},{"not_picked":["Warcry","Clothesline"],"picked":"Whirlwind+1","floor":35},{"not_picked":["Clash+1","Warcry","Heavy Blade"],"picked":"Singing Bowl","floor":37},{"not_picked":["Clash","Reckless Charge","Iron Wave"],"picked":"Singing Bowl","floor":39},{"not_picked":["Sword Boomerang+1","Feel No Pain+1"],"picked":"Shrug It Off","floor":41},{"not_picked":["Entrench","Carnage+1"],"picked":"Intimidate+1","floor":42},{"not_picked":["Thunderclap","Battle Trance"],"picked":"Sentinel","floor":46},{"not_picked":["Magnetism","Dramatic Entrance"],"picked":"Dark Shackles","floor":47},{"not_picked":["Deep Breath","Mind Blast"],"picked":"Dramatic Entrance","floor":47},{"not_picked":["Panache","Secret Technique","Blind"],"picked":"Singing Bowl","floor":47}],"player_experience":797546,"relics_obtained":[{"floor":7,"key":"Matryoshka"},{"floor":9,"key":"Bronze Scales"},{"floor":9,"key":"Singing Bowl"},{"floor":20,"key":"Centennial Puzzle"},{"floor":20,"key":"Smiling Mask"},{"floor":26,"key":"Meat on the Bone"},{"floor":27,"key":"Happy Flower"},{"floor":41,"key":"Oddly Smooth Stone"},{"floor":43,"key":"Self Forming Clay"}],"event_choices":[{"cards_removed":["Strike_R"],"damage_healed":0,"gold_gain":0,"player_choice":"Card Removal","damage_taken":0,"max_hp_gain":0,"max_hp_loss":0,"event_name":"The Cleric","floor":2,"gold_loss":75},{"damage_healed":0,"gold_gain":0,"player_choice":"Got Potions","damage_taken":0,"max_hp_gain":0,"max_hp_loss":0,"event_name":"The Lab","floor":4,"gold_loss":0},{"cards_removed":["Clumsy"],"damage_healed":0,"gold_gain":0,"player_choice":"Gave Gold","damage_taken":0,"max_hp_gain":0,"max_hp_loss":0,"event_name":"Beggar","floor":21,"gold_loss":75},{"damage_healed":0,"gold_gain":50,"player_choice":"Stole From Cult","damage_taken":0,"max_hp_gain":0,"max_hp_loss":0,"event_name":"Nest","floor":24,"gold_loss":0},{"damage_healed":0,"gold_gain":0,"player_choice":"Bought 1 Potion","damage_taken":0,"max_hp_gain":0,"max_hp_loss":0,"event_name":"The Woman in Blue","floor":38,"gold_loss":0},{"damage_healed":0,"gold_gain":0,"player_choice":"Memory 3","damage_taken":10,"max_hp_gain":0,"max_hp_loss":0,"event_name":"SensoryStone","floor":47,"gold_loss":0}],"is_beta":false,"boss_relics":[{"not_picked":["White Beast Statue","Tiny House"],"picked":"Cursed Key"},{"not_picked":["Eternal Feather","Coffee Dripper"],"picked":"Runic Pyramid"}],"items_purged_floors":[28,36,45,48],"is_endless":false,"potions_floor_spawned":[3,7,10,22,33,39,41],"killed_by":"Awakened One","ascension_level":20}