{"gold_per_floor":[119,119,146,63,81,81,115,115,183,213,288,288,308,322,322,396,396,415,426,84,359,378,378],"floor_reached":23,"playtime":1026,"items_purged":[],"score":370,"play_id":"42c8e884-c9cd-4335-b7de-f14dc5373b50","local_time":"20190523181305","is_ascension_mode":true,"campfire_choices":[{"data":"Bandage Up","floor":6.0,"key":"SMITH"},{"data":"White Noise","floor":8.0,"key":"SMITH"},{"data":"Pain","floor":15.0,"key":"PURGE"}],"neow_cost":"NONE","seed_source_timestamp":0,"circlet_count":0,"master_deck":["AscendersBane","Strike_B","Strike_B","Strike_B","Strike_B","Defend_B","Defend_B","Defend_B","Defend_B","Zap","Dualcast","Gash","Bandage Up+1","White Noise+1","Coolheaded","Electrodynamics+1","Rip and Tear","Capacitor+1","Echo Form+1","Fusion","Streamline","Storm+1","Regret","Redo"],"special_seed":0,"relics":["Cracked Core","NeowsBlessing","Letter Opener","Art of War","Peace Pipe","Frozen Egg 2","Happy Flower","WarpedTongs","Runic Pyramid","PreservedInsect","DataDisk"],"potions_floor_usage":[22],"damage_taken":[{"damage":0.0,"enemies":"Small Slimes","floor":1.0,"turns":1.0},{"damage":0.0,"enemies":"Jaw Worm","floor":5.0,"turns":1.0},{"damage":0.0,"enemies":"Gremlin Nob","floor":7.0,"turns":1.0},{"damage":11.0,"enemies":"Lagavulin","floor":10.0,"turns":8.0},{"damage":0.0,"enemies":"2 Louse","floor":13.0,"turns":2.0},{"damage":19.0,"enemies":"Gremlin Gang","floor":14.0,"turns":2.0},{"damage":13.0,"enemies":"The Guardian","floor":16.0,"turns":9.0},{"damage":10,"enemies":"Chosen","floor":18,"turns":5},{"damage":36,"enemies":"Shell Parasite","floor":19,"turns":7},{"damage":34,"enemies":"Snake Plant","floor":22,"turns":4},{"damage":8,"enemies":"Slavers","floor":23,"turns":1}],"seed_played":"-8747094689920397097","potions_obtained":[{"floor":1.0,"key":"Fire Potion"},{"floor":5.0,"key":"Block Potion"},{"floor":14.0,"key":"AttackPotion"},{"floor":18,"key":"SteroidPotion"},{"floor":19,"key":"AttackPotion"},{"floor":22,"key":"Fire Potion"}],"is_trial":false,"path_per_floor":["M","?","T","$","M","R","E","R","T","E","?","?","M","M","R","B",null,"M","M","$","?","M","E"],"character_chosen":"DEFECT","items_purchased":["Bandage Up","Storm+1","PreservedInsect","DataDisk"],"campfire_rested":0,"item_purchase_floors":[4,20,20,20],"current_hp_per_floor":[68,61,61,61,65,65,65,65,65,60,49,49,49,30,30,23,62,58,34,34,34,6,0],"gold":378,"neow_bonus":"THREE_ENEMY_KILL","is_prod":false,"is_daily":false,"chose_seed":false,"campfire_upgraded":2,"win_rate":0,"timestamp":1558660385,"path_taken":["M","?","?","$","M","R","E","R","T","E","?","?","?","M","R","BOSS","M","M","$","?","M","E"],"build_version":"2019-01-23","purchased_purges":0,"victory":false,"max_hp_per_floor":[75,75,75,75,75,75,75,75,75,75,75,75,75,75,75,75,75,75,75,75,75,75,75],"card_choices":[{"not_picked":["Force Field","Go for the Eyes"],"picked":"Gash","floor":1.0},{"not_picked":["Cold Snap","Go for the Eyes"],"picked":"White Noise","floor":5.0},{"not_picked":["Double Energy","Reprogram"],"picked":"Coolheaded","floor":7.0},{"not_picked":["Cold Snap","Loop+1"],"picked":"Electrodynamics+1","floor":10.0},{"not_picked":["Coolheaded","Go for the Eyes"],"picked":"Rip and Tear","floor":13.0},{"not_picked":["Rebound","Sweeping Beam"],"picked":"Capacitor+1","floor":14.0},{"not_picked":["Meteor Strike","Reboot"],"picked":"Echo Form+1","floor":16.0},{"not_picked":["Coolheaded","Leap"],"picked":"Fusion","floor":18},{"not_picked":["Recycle","Ball Lightning"],"picked":"Streamline","floor":19},{"not_picked":["Compile Driver","Beam Cell"],"picked":"Redo","floor":22}],"player_experience":680972,"relics_obtained":[{"floor":3.0,"key":"Art of War"},{"floor":7.0,"key":"Peace Pipe"},{"floor":9.0,"key":"Frozen Egg 2"},{"floor":10.0,"key":"Happy Flower"}],"event_choices":[{"damage_healed":0.0,"max_hp_gain":0.0,"max_hp_loss":0.0,"gold_gain":0.0,"event_name":"Scrap Ooze","player_choice":"Success","floor":2.0,"gold_loss":0.0,"damage_taken":7.0,"relics_obtained":["Letter Opener"]},{"damage_healed":0.0,"max_hp_gain":0.0,"max_hp_loss":0.0,"gold_gain":75.0,"event_name":"World of Goop","player_choice":"Gather Gold","floor":11.0,"gold_loss":0.0,"damage_taken":11.0},{"damage_healed":0.0,"max_hp_gain":0.0,"max_hp_loss":0.0,"gold_gain":0.0,"event_name":"Accursed Blacksmith","player_choice":"Rummage","floor":12.0,"gold_loss":0.0,"damage_taken":0.0,"relics_obtained":["WarpedTongs"],"cards_obtained":["Pain"]},{"damage_healed":0,"gold_gain":275,"player_choice":"Desecrate","damage_taken":0,"max_hp_gain":0,"max_hp_loss":0,"event_name":"Golden Shrine","floor":21,"gold_loss":0,"cards_obtained":["Regret"]}],"is_beta":false,"boss_relics":[{"not_picked":["Ectoplasm","Black Star"],"picked":"Runic Pyramid"}],"items_purged_floors":[],"is_endless":false,"potions_floor_spawned":[1,5,14,18,19,22],"killed_by":"Slavers","ascension_level":13}