{"gold_per_floor":[110,129,183,203,12,12,43,43,67,93,117,117,145,174,174,270,270,284,284,302,83,83,83,117,148,148,19,19,51,51,64,64,168,168,178,178,178,78,94,194,194,219,268,285,298,325,340,367,367,367],"floor_reached":51,"playtime":6081,"items_purged":["Defend_R","Strike_R","Parasite"],"score":997,"play_id":"c8f9e683-d543-4cde-b0ac-3f58a633fb5a","local_time":"20190524143428","is_ascension_mode":true,"campfire_choices":[{"data":"Shrug It Off","floor":6,"key":"SMITH"},{"data":"Shockwave","floor":8,"key":"SMITH"},{"data":"Anger","floor":12,"key":"SMITH"},{"data":"Pommel Strike","floor":15,"key":"SMITH"},{"data":"Apotheosis","floor":23,"key":"SMITH"},{"data":"Reaper","floor":28,"key":"SMITH"},{"data":"Rage","floor":30,"key":"SMITH"},{"data":"Shrug It Off","floor":32,"key":"SMITH"},{"data":"Limit Break","floor":49,"key":"SMITH"}],"neow_cost":"NONE","seed_source_timestamp":37142261424546,"circlet_count":0,"master_deck":["Strike_R","Strike_R","Strike_R","Strike_R+1","Defend_R","Defend_R","Defend_R","Bash+1","Shrug It Off+1","Offering","Shockwave+1","Rage+1","Anger","Pommel Strike+1","Reaper+1","Apotheosis+1","Spot Weakness+1","Shrug It Off+1","Impatience","True Grit+1","Inflame","Limit Break+1","Mayhem","Forethought","Shrug It Off","Headbutt+1","Injury","Heavy Blade"],"relics":["Burning Blood","Smiling Mask","Centennial Puzzle","Whetstone","WingedGreaves","Odd Mushroom","Boot","Vajra","Cursed Key","Nilry\u0027s Codex","Bottled Flame","Ornamental Fan","Calipers","Ancient Tea Set","White Beast Statue","Thread and Needle","Kunai","Oddly Smooth Stone","Happy Flower","Bird Faced Urn","Champion Belt"],"potions_floor_usage":[7,16,24,24,40,40,46,47,48,50,50],"damage_taken":[{"damage":0,"enemies":"Cultist","floor":1,"turns":2},{"damage":0,"enemies":"2 Louse","floor":2,"turns":3},{"damage":7,"enemies":"Jaw Worm","floor":4,"turns":3},{"damage":21,"enemies":"3 Sentries","floor":7,"turns":7},{"damage":6,"enemies":"Lagavulin","floor":10,"turns":6},{"damage":7,"enemies":"The Mushroom Lair","floor":11,"turns":5},{"damage":1,"enemies":"Gremlin Nob","floor":13,"turns":3},{"damage":6,"enemies":"Lagavulin","floor":14,"turns":5},{"damage":30,"enemies":"Hexaghost","floor":16,"turns":6},{"damage":8,"enemies":"Shell Parasite","floor":18,"turns":4},{"damage":1,"enemies":"Chosen","floor":20,"turns":3},{"damage":27,"enemies":"Gremlin Leader","floor":24,"turns":6},{"damage":40,"enemies":"Slavers","floor":25,"turns":5},{"damage":15,"enemies":"Book of Stabbing","floor":29,"turns":4},{"damage":6,"enemies":"3 Cultists","floor":31,"turns":4},{"damage":35,"enemies":"Collector","floor":33,"turns":8},{"damage":6,"enemies":"Orb Walker","floor":35,"turns":4},{"damage":2,"enemies":"3 Shapes","floor":39,"turns":5},{"damage":21,"enemies":"Mind Bloom Boss Battle","floor":40,"turns":8},{"damage":6,"enemies":"Giant Head","floor":42,"turns":6},{"damage":8,"enemies":"3 Darklings","floor":44,"turns":5},{"damage":16,"enemies":"Transient","floor":45,"turns":5},{"damage":32,"enemies":"Reptomancer","floor":46,"turns":5},{"damage":28,"enemies":"Sphere and 2 Shapes","floor":47,"turns":5},{"damage":12,"enemies":"Giant Head","floor":48,"turns":7},{"damage":36,"enemies":"Donu and Deca","floor":50,"turns":7}],"seed_played":"8464866955025277389","potions_obtained":[{"floor":1,"key":"Fire Potion"},{"floor":2,"key":"Explosive Potion"},{"floor":4,"key":"Strength Potion"},{"floor":14,"key":"AttackPotion"},{"floor":16,"key":"Swift Potion"},{"floor":19,"key":"Fire Potion"},{"floor":33,"key":"Dexterity Potion"},{"floor":35,"key":"Regen Potion"},{"floor":40,"key":"Explosive Potion"},{"floor":42,"key":"BloodPotion"},{"floor":44,"key":"SneckoOil"},{"floor":45,"key":"Explosive Potion"},{"floor":46,"key":"FearPotion"},{"floor":47,"key":"Explosive Potion"},{"floor":48,"key":"Poison Potion"}],"is_trial":false,"path_per_floor":["M","M","T","M","$","R","E","R","T","E","?","R","E","E","R","B",null,"M","?","M","$","?","R","E","E","T","$","R","E","R","M","R","B",null,"M","?","?","$","M","?","?","E","T","M","M","E","M","E","R","B",null],"character_chosen":"IRONCLAD","items_purchased":["Offering","Apotheosis","Shrug It Off","Impatience","Shrug It Off"],"campfire_rested":0,"item_purchase_floors":[5,21,27,27,38],"current_hp_per_floor":[80,80,80,79,79,79,64,64,64,64,63,63,68,68,68,44,80,78,78,80,80,64,64,59,43,43,43,43,40,40,58,58,55,80,80,75,75,75,77,77,77,77,77,77,67,77,65,73,73,72],"gold":367,"neow_bonus":"THREE_CARDS","is_prod":false,"is_daily":false,"chose_seed":false,"campfire_upgraded":9,"win_rate":0,"timestamp":1558704868,"path_taken":["M","M","?","M","$","R","E","R","T","E","?","R","E","E","R","BOSS","M","?","M","?","?","R","E","E","T","$","R","E","R","M","R","BOSS","M","?","?","$","M","?","?","E","T","?","M","E","M","E","R","BOSS"],"build_version":"2019-01-23","purchased_purges":3,"victory":true,"max_hp_per_floor":[80,80,80,80,80,80,80,80,80,80,80,80,80,80,80,80,80,80,80,80,80,80,80,80,80,80,80,80,80,80,80,80,80,80,80,80,80,77,77,77,77,77,77,77,77,77,77,77,77,77],"card_choices":[{"not_picked":["Clothesline","Sentinel"],"picked":"Anger","floor":0},{"not_picked":["Rampage","Sentinel"],"picked":"Shrug It Off","floor":1},{"not_picked":["Clash","Warcry","Seeing Red"],"picked":"SKIP","floor":2},{"not_picked":["Cleave","Second Wind","Entrench"],"picked":"SKIP","floor":4},{"not_picked":["Power Through","Armaments"],"picked":"Shockwave","floor":7},{"not_picked":["Brutality","Blood for Blood"],"picked":"Rage","floor":10},{"not_picked":["Heavy Blade","Twin Strike"],"picked":"Anger","floor":11},{"not_picked":["Havoc","Twin Strike","Perfected Strike"],"picked":"SKIP","floor":13},{"not_picked":["Dark Embrace","Heavy Blade"],"picked":"Pommel Strike","floor":14},{"not_picked":["Exhume","Fiend Fire"],"picked":"Reaper","floor":16},{"not_picked":["Whirlwind","Sword Boomerang","Wild Strike"],"picked":"SKIP","floor":18},{"not_picked":["Armaments","Thunderclap+1","Clothesline"],"picked":"SKIP","floor":20},{"not_picked":["Shockwave","Flex","Sword Boomerang+1"],"picked":"SKIP","floor":24},{"not_picked":["Shrug It Off","Rage"],"picked":"Spot Weakness+1","floor":25},{"not_picked":["Rupture","Perfected Strike"],"picked":"True Grit+1","floor":29},{"not_picked":["Clash","Armaments"],"picked":"Inflame","floor":31},{"not_picked":["Offering","Feed"],"picked":"Limit Break","floor":33},{"not_picked":["Sword Boomerang","Pummel+1","Rampage"],"picked":"SKIP","floor":35},{"not_picked":["Forethought","PanicButton"],"picked":"Mayhem","floor":36},{"not_picked":["Blind","Trip"],"picked":"Forethought","floor":36},{"not_picked":["Sentinel+1","Thunderclap+1","True Grit"],"picked":"SKIP","floor":39},{"not_picked":["Warcry","Sever Soul+1"],"picked":"Headbutt+1","floor":40},{"not_picked":["Clash+1","Headbutt","Seeing Red+1"],"picked":"SKIP","floor":42},{"not_picked":["Thunderclap+1","Iron Wave","Rage+1"],"picked":"SKIP","floor":44},{"not_picked":["Whirlwind","Fiend Fire","Twin Strike+1"],"picked":"SKIP","floor":45},{"not_picked":["Twin Strike+1","Armaments","Rampage"],"picked":"SKIP","floor":46},{"not_picked":["Perfected Strike+1","Wild Strike"],"picked":"Heavy Blade","floor":47},{"not_picked":["Perfected Strike+1","Uppercut+1","Twin Strike"],"picked":"SKIP","floor":48}],"player_experience":550297,"relics_obtained":[{"floor":3,"key":"Smiling Mask"},{"floor":7,"key":"Centennial Puzzle"},{"floor":9,"key":"Whetstone"},{"floor":10,"key":"WingedGreaves"},{"floor":11,"key":"Odd Mushroom"},{"floor":13,"key":"Boot"},{"floor":14,"key":"Vajra"},{"floor":22,"key":"Nilry\u0027s Codex"},{"floor":24,"key":"Bottled Flame"},{"floor":25,"key":"Ornamental Fan"},{"floor":26,"key":"Calipers"},{"floor":29,"key":"Ancient Tea Set"},{"floor":40,"key":"Thread and Needle"},{"floor":42,"key":"Oddly Smooth Stone"},{"floor":43,"key":"Happy Flower"},{"floor":46,"key":"Bird Faced Urn"},{"floor":48,"key":"Champion Belt"}],"event_choices":[{"damage_healed":0,"gold_gain":0,"player_choice":"Fought Mushrooms","damage_taken":0,"max_hp_gain":0,"max_hp_loss":0,"event_name":"Mushrooms","floor":11,"gold_loss":0},{"damage_healed":0,"gold_gain":0,"player_choice":"Got Potions","damage_taken":0,"max_hp_gain":0,"max_hp_loss":0,"event_name":"Lab","floor":19,"gold_loss":0},{"damage_healed":0,"gold_gain":0,"player_choice":"Obtained Book","damage_taken":16,"max_hp_gain":0,"max_hp_loss":0,"event_name":"Cursed Tome","floor":22,"gold_loss":0},{"damage_healed":0,"gold_gain":0,"player_choice":"Memory 2","damage_taken":5,"max_hp_gain":0,"max_hp_loss":0,"event_name":"SensoryStone","floor":36,"gold_loss":0},{"cards_removed":["Anger"],"damage_healed":0,"gold_gain":0,"player_choice":"Removed Attack","damage_taken":0,"max_hp_gain":0,"max_hp_loss":0,"event_name":"Falling","floor":37,"gold_loss":0},{"damage_healed":0,"gold_gain":0,"player_choice":"Fight","damage_taken":0,"max_hp_gain":0,"max_hp_loss":0,"event_name":"MindBloom","floor":40,"gold_loss":0},{"damage_healed":0,"gold_gain":0,"player_choice":"Gave Potion","damage_taken":0,"relics_obtained":["Kunai"],"max_hp_gain":0,"max_hp_loss":0,"event_name":"WeMeetAgain","floor":41,"gold_loss":0}],"is_beta":false,"boss_relics":[{"not_picked":["Coffee Dripper","Tiny House"],"picked":"Cursed Key"},{"not_picked":["Eternal Feather","Velvet Choker"],"picked":"White Beast Statue"}],"items_purged_floors":[5,21,38],"is_endless":false,"potions_floor_spawned":[1,2,4,14,16,20,33,35,39,40,42,44,45,46,47,48],"ascension_level":3}