{"gold_per_floor":[112,92,103,114,114,114,147,147,147,49,79,79,95,115,115,192,192,205,205,220,237,35,64,64,89,89,105,105,124,159,169,169,169],"floor_reached":33,"playtime":1606,"items_purged":["Strike_B"],"score":539,"play_id":"ba6f885e-cd35-40ef-8220-ab57cf061ff3","local_time":"20190224173813","is_ascension_mode":true,"campfire_choices":[{"floor":6,"key":"REST"},{"data":"Zap","floor":8,"key":"SMITH"},{"data":"Hologram","floor":12,"key":"SMITH"},{"data":"Hologram","floor":15,"key":"SMITH"},{"floor":24,"key":"REST"},{"floor":28,"key":"REST"},{"floor":32,"key":"REST"}],"neow_cost":"PERCENT_DAMAGE","seed_source_timestamp":1011471964957174,"circlet_count":0,"master_deck":["AscendersBane","Defend_B","Defend_B","Defend_B","Zap+1","Dualcast","Hologram+1","Glacier","Go for the Eyes","Cold Snap","Hologram+1","Chill","Cold Snap","Streamline","Electrodynamics","Core Surge+1","Fission+1","Seek+1","Steam","Stack+1","Loop","Defragment","Steam+1","Double Energy+1","Conserve Battery+1","Buffer","Redo+1","Beam Cell","Cold Snap","Redo+1"],"relics":["Cracked Core","StoneCalendar","WingedGreaves","Shovel","Letter Opener","Astrolabe","Toxic Egg 2","Girya","Art of War","Dodecahedron","Cables"],"potions_floor_usage":[4,23,23,29,33],"damage_taken":[{"damage":7,"enemies":"Small Slimes","floor":1,"turns":3},{"damage":0,"enemies":"Cultist","floor":3,"turns":3},{"damage":8,"enemies":"Jaw Worm","floor":4,"turns":5},{"damage":12,"enemies":"3 Sentries","floor":7,"turns":7},{"damage":7,"enemies":"Lagavulin","floor":11,"turns":8},{"damage":0,"enemies":"Exordium Thugs","floor":13,"turns":5},{"damage":0,"enemies":"Large Slime","floor":14,"turns":6},{"damage":29,"enemies":"Hexaghost","floor":16,"turns":11},{"damage":0,"enemies":"Spheric Guardian","floor":18,"turns":4},{"damage":0,"enemies":"Chosen","floor":20,"turns":5},{"damage":18,"enemies":"Centurion and Healer","floor":21,"turns":5},{"damage":15,"enemies":"Book of Stabbing","floor":23,"turns":7},{"damage":7,"enemies":"Gremlin Leader","floor":25,"turns":7},{"damage":8,"enemies":"Cultist and Chosen","floor":27,"turns":6},{"damage":9,"enemies":"Shelled Parasite and Fungi","floor":29,"turns":7},{"damage":11,"enemies":"Slavers","floor":30,"turns":2},{"damage":8,"enemies":"Snake Plant","floor":31,"turns":4},{"damage":53,"enemies":"Champ","floor":33,"turns":14}],"seed_played":"-6651326463887191962","potions_obtained":[{"floor":1,"key":"Regen Potion"},{"floor":2,"key":"Fire Potion"},{"floor":7,"key":"Explosive Potion"},{"floor":14,"key":"LiquidBronze"},{"floor":20,"key":"Swift Potion"},{"floor":25,"key":"EssenceOfSteel"},{"floor":27,"key":"LiquidBronze"}],"is_trial":false,"path_per_floor":["M","?","M","M","?","R","E","R","T","$","E","R","M","M","R","B",null,"M","?","M","M","$","E","R","E","T","M","R","M","E","M","R","B"],"character_chosen":"DEFECT","items_purchased":["Hologram","Defragment","Steam+1","Double Energy+1"],"campfire_rested":4,"item_purchase_floors":[10,22,22,22],"current_hp_per_floor":[39,39,39,45,45,66,54,54,54,54,47,47,47,47,47,18,58,58,58,58,40,40,25,46,39,39,31,52,43,32,24,45,0],"gold":169,"neow_bonus":"ONE_RARE_RELIC","is_prod":false,"is_daily":false,"chose_seed":false,"campfire_upgraded":3,"win_rate":0,"timestamp":1551047893,"path_taken":["M","?","M","?","?","R","E","R","T","?","E","R","M","M","R","BOSS","M","?","M","?","?","E","R","E","T","M","R","M","E","M","R","BOSS"],"build_version":"2019-01-23","purchased_purges":1,"victory":false,"max_hp_per_floor":[71,71,71,71,71,71,71,71,71,71,71,71,71,71,71,71,71,71,71,71,71,71,71,71,71,71,71,71,71,71,71,71,71],"card_choices":[{"not_picked":["Conserve Battery","Steam"],"picked":"Hologram","floor":1},{"not_picked":["Hologram","Chaos"],"picked":"Glacier","floor":3},{"not_picked":["Machine Learning","Heatsinks"],"picked":"Go for the Eyes","floor":4},{"not_picked":["Blizzard","Gash"],"picked":"Cold Snap","floor":7},{"not_picked":["Turbo","Coolheaded"],"picked":"Chill","floor":11},{"not_picked":["Turbo","Streamline"],"picked":"Cold Snap","floor":13},{"not_picked":["Rebound","Heatsinks"],"picked":"Streamline","floor":14},{"not_picked":["Thunder Strike","Echo Form"],"picked":"Electrodynamics","floor":16},{"not_picked":["Streamline+1","Hologram"],"picked":"Steam","floor":18},{"not_picked":["Force Field+1","Auto Shields+1"],"picked":"Stack+1","floor":20},{"not_picked":["Coolheaded+1","Hologram+1"],"picked":"Loop","floor":21},{"not_picked":["Scrape","Tempest+1"],"picked":"Conserve Battery+1","floor":23},{"not_picked":["Self Repair","Beam Cell"],"picked":"Buffer","floor":25},{"not_picked":["Hologram+1","Streamline"],"picked":"Redo+1","floor":27},{"not_picked":["Leap+1","Streamline"],"picked":"Beam Cell","floor":29},{"not_picked":["Stack+1","Go for the Eyes"],"picked":"Cold Snap","floor":30},{"not_picked":["Stack+1","Barrage"],"picked":"Redo+1","floor":31}],"player_experience":364086,"relics_obtained":[{"floor":7,"key":"WingedGreaves"},{"floor":9,"key":"Shovel"},{"floor":11,"key":"Letter Opener"},{"floor":23,"key":"Girya"},{"floor":25,"key":"Art of War"},{"floor":26,"key":"Dodecahedron"},{"floor":30,"key":"Cables"}],"event_choices":[{"damage_healed":0,"gold_gain":0,"player_choice":"Bought 1 Potion","damage_taken":0,"max_hp_gain":0,"max_hp_loss":0,"event_name":"The Woman in Blue","floor":2,"gold_loss":0},{"cards_removed":["Strike_B"],"damage_healed":0,"gold_gain":0,"player_choice":"Purged","damage_taken":0,"max_hp_gain":0,"max_hp_loss":0,"event_name":"Purifier","floor":5,"gold_loss":0},{"damage_healed":0,"gold_gain":0,"player_choice":"Gave Potion","damage_taken":0,"relics_obtained":["Toxic Egg 2"],"max_hp_gain":0,"max_hp_loss":0,"event_name":"WeMeetAgain","floor":19,"gold_loss":0}],"is_beta":false,"boss_relics":[{"not_picked":["Velvet Choker","Black Star"],"picked":"Astrolabe"}],"items_purged_floors":[10],"is_endless":false,"potions_floor_spawned":[1,7,13,14,20,21,25,27],"killed_by":"Champ","ascension_level":14}