{"gold_per_floor":[114,125,125,125,139,139,167,167,167,198,198,223,223],"floor_reached":13,"playtime":557,"items_purged":[],"score":202,"play_id":"20b9c927-8942-45c5-a42c-8620a12b5829","local_time":"20181028145944","is_ascension_mode":true,"campfire_choices":[{"data":"1","floor":6,"key":"LIFT"},{"data":"2","floor":8,"key":"LIFT"},{"data":"3","floor":11,"key":"LIFT"}],"neow_cost":"TEN_PERCENT_HP_LOSS","seed_source_timestamp":1622559731191506,"circlet_count":0,"master_deck":["Defend_G","Defend_G","Defend_G","Defend_G","Defend_G","Strike_G","Strike_G","Strike_G","Strike_G","Strike_G","Survivor","Neutralize","AscendersBane","Leg Sweep","Blade Dance","Dagger Spray","Caltrops","Terror","Skewer"],"relics":["Ring of the Snake","Girya","Centennial Puzzle","Pear","Singing Bowl","Snake Skull"],"potions_floor_usage":[7,7,10,12],"damage_taken":[{"damage":1,"enemies":"Small Slimes","floor":1,"turns":3},{"damage":1,"enemies":"Jaw Worm","floor":2,"turns":4},{"damage":0,"enemies":"Cultist","floor":5,"turns":4},{"damage":26,"enemies":"Lagavulin","floor":7,"turns":8},{"damage":14,"enemies":"Gremlin Nob","floor":10,"turns":4},{"damage":25,"enemies":"3 Sentries","floor":12,"turns":7},{"damage":0,"enemies":"Exordium Thugs","floor":13,"turns":2}],"seed_played":"7372877098425977739","potions_obtained":[{"floor":1,"key":"GhostInAJar"},{"floor":2,"key":"Fire Potion"},{"floor":7,"key":"Ancient Potion"},{"floor":10,"key":"SkillPotion"}],"is_trial":false,"path_per_floor":["M","M","?","?","M","R","E","R","T","E","R","E"],"character_chosen":"THE_SILENT","items_purchased":[],"campfire_rested":0,"item_purchase_floors":[],"current_hp_per_floor":[58,57,57,57,57,57,31,31,41,27,27,2,2],"gold":223,"neow_bonus":"ONE_RARE_RELIC","is_prod":false,"is_daily":false,"chose_seed":false,"campfire_upgraded":0,"win_rate":0,"timestamp":1540753184,"path_taken":["M","M","?","?","M","R","E","R","T","E","R","E","M"],"build_version":"2018-10-25v2","purchased_purges":0,"victory":false,"max_hp_per_floor":[60,60,60,60,60,60,60,60,70,70,70,70,70],"card_choices":[{"not_picked":["Deadly Poison","Blade Dance"],"picked":"Leg Sweep","floor":1},{"not_picked":["Finisher","Footwork"],"picked":"Blade Dance","floor":2},{"not_picked":["Quick Slash","Catalyst"],"picked":"Dagger Spray","floor":5},{"not_picked":["Deflect","Prepared"],"picked":"Caltrops","floor":7},{"not_picked":["Predator","Dodge and Roll"],"picked":"Terror","floor":10},{"not_picked":["All Out Attack","Underhanded Strike"],"picked":"Skewer","floor":12}],"player_experience":861811,"relics_obtained":[{"floor":7,"key":"Centennial Puzzle"},{"floor":9,"key":"Pear"},{"floor":10,"key":"Singing Bowl"},{"floor":12,"key":"Snake Skull"}],"event_choices":[{"damage_healed":0,"gold_gain":0,"player_choice":"Ignored","damage_taken":0,"max_hp_gain":0,"max_hp_loss":0,"event_name":"Golden Idol","floor":3,"gold_loss":0},{"damage_healed":0,"gold_gain":0,"player_choice":"Ignored","damage_taken":0,"max_hp_gain":0,"max_hp_loss":0,"event_name":"Liars Game","floor":4,"gold_loss":0}],"is_beta":false,"boss_relics":[],"items_purged_floors":[],"is_endless":false,"potions_floor_spawned":[1,2,7,10],"killed_by":"Exordium Thugs","ascension_level":20}