{"gold_per_floor":[15,32,49,14,32,59,59,31,55,55,88,163,174,189,189,268,268,282,295,295],"floor_reached":20,"playtime":775,"items_purged":[],"score":353,"play_id":"6fa04d6b-e30a-43f2-8517-9bbf8781d9ae","local_time":"20190313212244","is_ascension_mode":true,"campfire_choices":[{"floor":7.0,"key":"REST"},{"data":"Genetic Algorithm","floor":15,"key":"SMITH"}],"neow_cost":"NO_GOLD","seed_source_timestamp":12748143911158,"circlet_count":0,"master_deck":["AscendersBane","Strike_B","Strike_B","Strike_B","Defend_B","Defend_B","Defend_B","Defend_B+1","Zap+1","Dualcast","Cold Snap","Ball Lightning","Turbo","Reinforced Body","White Noise","Coolheaded","BootSequence","Streamline","Genetic Algorithm+1","Buffer","Ball Lightning","Stack"],"special_seed":0,"relics":["Cracked Core","Incense Burner","War Paint","Regal Pillow","Lantern","Empty Cage"],"potions_floor_usage":[16,18,19],"damage_taken":[{"damage":0.0,"enemies":"2 Louse","floor":1.0,"turns":3.0},{"damage":5.0,"enemies":"Jaw Worm","floor":2.0,"turns":4.0},{"damage":10.0,"enemies":"Small Slimes","floor":3.0,"turns":3.0},{"damage":3.0,"enemies":"Blue Slaver","floor":5.0,"turns":3.0},{"damage":35.0,"enemies":"3 Sentries","floor":6.0,"turns":10.0},{"damage":29.0,"enemies":"Lagavulin","floor":11.0,"turns":6.0},{"damage":1.0,"enemies":"Looter","floor":13.0,"turns":3.0},{"damage":0.0,"enemies":"Exordium Wildlife","floor":14.0,"turns":3.0},{"damage":8,"enemies":"Hexaghost","floor":16,"turns":11},{"damage":23,"enemies":"Shell Parasite","floor":18,"turns":7},{"damage":21,"enemies":"3 Byrds","floor":19,"turns":4}],"seed_played":"-8611431787904135354","potions_obtained":[{"floor":6.0,"key":"Explosive Potion"},{"floor":11.0,"key":"AttackPotion"},{"floor":16,"key":"Weak Potion"}],"is_trial":false,"path_per_floor":["M","M","M","?","M","E","R","$","T","?","E","?","M","M","R","B",null,"M","M","?"],"character_chosen":"DEFECT","items_purchased":["Coolheaded"],"campfire_rested":1,"item_purchase_floors":[8],"current_hp_per_floor":[64,59,49,66,63,28,49,49,49,66,37,26,25,25,25,17,55,32,11,0],"gold":295,"neow_bonus":"ONE_RARE_RELIC","is_prod":false,"is_daily":false,"chose_seed":false,"campfire_upgraded":1,"win_rate":0,"timestamp":1552526564,"path_taken":["M","M","M","?","M","E","R","$","T","?","E","?","M","M","R","BOSS","M","M","?"],"build_version":"2019-01-23","purchased_purges":0,"victory":false,"max_hp_per_floor":[71,71,71,71,71,71,71,71,71,71,71,71,71,71,71,71,68,68,68,68],"card_choices":[{"not_picked":["Ball Lightning","Leap"],"picked":"Cold Snap","floor":1.0},{"not_picked":["Hologram","Coolheaded"],"picked":"Ball Lightning","floor":2.0},{"not_picked":["Barrage","Storm"],"picked":"Turbo","floor":3.0},{"not_picked":["Conserve Battery","Hyperbeam"],"picked":"Reinforced Body","floor":5.0},{"not_picked":["Hologram","Coolheaded"],"picked":"White Noise","floor":6.0},{"not_picked":["Loop","Barrage"],"picked":"BootSequence","floor":11.0},{"not_picked":["Storm","Reinforced Body"],"picked":"Streamline","floor":13.0},{"not_picked":["Stack","Skim"],"picked":"Genetic Algorithm","floor":14.0},{"not_picked":["Multi-Cast","Meteor Strike"],"picked":"Buffer","floor":16},{"not_picked":["Leap","Fusion"],"picked":"Ball Lightning","floor":18},{"not_picked":["Streamline+1","Steam"],"picked":"Stack","floor":19}],"player_experience":440214,"relics_obtained":[{"floor":6.0,"key":"War Paint"},{"floor":9.0,"key":"Regal Pillow"},{"floor":11.0,"key":"Lantern"}],"event_choices":[{"damage_healed":17.0,"max_hp_gain":0.0,"max_hp_loss":0.0,"gold_gain":0.0,"event_name":"The Cleric","player_choice":"Healed","floor":4.0,"gold_loss":35.0,"damage_taken":0.0},{"damage_healed":17.0,"max_hp_gain":0.0,"max_hp_loss":0.0,"gold_gain":0.0,"event_name":"Mushrooms","player_choice":"Healed and dodged fight","floor":10.0,"gold_loss":0.0,"damage_taken":0.0,"cards_obtained":["Parasite"]},{"damage_healed":0.0,"max_hp_gain":0.0,"max_hp_loss":0.0,"gold_gain":75.0,"event_name":"World of Goop","player_choice":"Gather Gold","floor":12.0,"gold_loss":0.0,"damage_taken":11.0}],"is_beta":false,"boss_relics":[{"not_picked":["Lizard Tail","Velvet Choker"],"picked":"Empty Cage"}],"items_purged_floors":[],"is_endless":false,"potions_floor_spawned":[6,11,16],"ascension_level":18}