{"gold_per_floor":[114,114,114,129,144,144,159,159,159,189,204,234,302,317,317,417,417,417,61,1,1,1,1,1,1,1,1,1,1,1,1,1,1,1,1,1,1,1],"floor_reached":39,"playtime":1701,"items_purged":[],"score":659,"play_id":"840eb83a-ef2f-4a8f-9434-45dc23063542","local_time":"20180802214416","daily_mods":["Heirloom","Time Dilation","Night Terrors"],"is_ascension_mode":false,"campfire_choices":[{"data":"Strike_G","floor":6,"key":"PURGE"},{"data":"Sucker Punch","floor":8,"key":"SMITH"},{"floor":15,"key":"REST"},{"data":"Writhe","floor":23,"key":"PURGE"},{"data":"Defend_G","floor":25,"key":"PURGE"},{"data":"Footwork","floor":32,"key":"SMITH"}],"neow_cost":"","seed_source_timestamp":0,"circlet_count":0,"master_deck":["Survivor","Neutralize+1","Backflip","Calculated Gamble","Unload","Sucker Punch+1","Heel Hook","After Image","Acrobatics","Envenom","Distraction+1","Footwork+1","Blade Dance+1","Heel Hook","A Thousand Cuts","Dodge and Roll+1","Expertise+1","Bouncing Flask+1","Storm of Steel+1","Concentrate+1","Predator","Caltrops","Crippling Poison+1","Terror+1","Crippling Poison+1","Cloak And Dagger+1","Cloak And Dagger+1","Reflex+1"],"special_seed":17746,"relics":["Ring of the Snake","Peace Pipe","Ornamental Fan","Orichalcum","Snake Skull","Ectoplasm","Toxic Egg 2","Gremlin Horn","Shuriken","Darkstone Periapt","Pandora\u0027s Box","SsserpentHead"],"potions_floor_usage":[14,14,16,16,24,29,33,33,33,38],"damage_taken":[{"damage":0,"enemies":"2 Louse","floor":1,"turns":4},{"damage":0,"enemies":"Small Slimes","floor":4,"turns":3},{"damage":3,"enemies":"Jaw Worm","floor":5,"turns":4},{"damage":9,"enemies":"2 Fungi Beasts","floor":7,"turns":3},{"damage":16,"enemies":"Gremlin Nob","floor":10,"turns":4},{"damage":6,"enemies":"Large Slime","floor":11,"turns":5},{"damage":3,"enemies":"Lagavulin","floor":12,"turns":6},{"damage":3,"enemies":"3 Louse","floor":14,"turns":4},{"damage":0,"enemies":"The Guardian","floor":16,"turns":11},{"damage":0,"enemies":"Shell Parasite","floor":18,"turns":6},{"damage":2,"enemies":"2 Thieves","floor":20,"turns":4},{"damage":14,"enemies":"Gremlin Leader","floor":24,"turns":3},{"damage":0,"enemies":"Centurion and Healer","floor":27,"turns":5},{"damage":6,"enemies":"Snecko","floor":29,"turns":5},{"damage":8,"enemies":"Snake Plant","floor":31,"turns":3},{"damage":12,"enemies":"Collector","floor":33,"turns":6},{"damage":0,"enemies":"Flame Bruiser 1 Orb","floor":35,"turns":3},{"damage":10,"enemies":"Donu and Deca","floor":38,"turns":8}],"seed_played":"1315967547394537302","potions_obtained":[{"floor":7,"key":"GhostInAJar"},{"floor":11,"key":"SneckoOil"},{"floor":12,"key":"Strength Potion"},{"floor":14,"key":"Block Potion"},{"floor":16,"key":"Energy Potion"},{"floor":20,"key":"AttackPotion"},{"floor":28,"key":"PowerPotion"},{"floor":28,"key":"Block Potion"},{"floor":31,"key":"LiquidBronze"},{"floor":33,"key":"Energy Potion"}],"is_trial":false,"path_per_floor":["M","?","?","M","M","R","M","R","T","E","M","E","?","M","R","B",null,"M","$","M","?","?","R","E","R","T","M","?","M","?","M","R","B",null,"M","?","?","B"],"character_chosen":"THE_SILENT","items_purchased":["Footwork","Toxic Egg 2","Blade Dance+1"],"campfire_rested":1,"item_purchase_floors":[19,19,19],"current_hp_per_floor":[70,56,56,56,53,53,44,44,44,28,22,19,19,16,65,65,65,65,65,63,52,52,52,38,38,38,38,38,32,32,24,24,12,70,70,70,70,60],"gold":1,"neow_bonus":"","is_prod":false,"is_daily":true,"chose_seed":false,"campfire_upgraded":2,"win_rate":0,"timestamp":1533260656,"path_taken":["M","?","?","M","M","R","M","R","T","E","M","E","?","M","R","BOSS","M","$","M","?","?","R","E","R","T","M","?","?","?","M","R","BOSS","M","?","?","BOSS"],"build_version":"2018-08-02","purchased_purges":0,"victory":true,"max_hp_per_floor":[70,70,70,70,70,70,70,70,70,70,70,70,70,70,65,65,65,65,65,65,70,70,70,70,70,70,70,70,70,70,70,70,70,70,70,70,70,70],"card_choices":[{"not_picked":["PiercingWail","Cloak And Dagger"],"picked":"Backflip","floor":1},{"not_picked":["Poisoned Stab","Outmaneuver"],"picked":"Calculated Gamble","floor":4},{"not_picked":["Flechettes","Dodge and Roll"],"picked":"Unload","floor":5},{"not_picked":["Reflex","Acrobatics"],"picked":"Sucker Punch","floor":7},{"not_picked":["Dagger Throw","Cloak And Dagger"],"picked":"Heel Hook","floor":10},{"not_picked":["Bouncing Flask","Well Laid Plans"],"picked":"After Image","floor":11},{"not_picked":["Blade Dance","Eviscerate"],"picked":"Acrobatics","floor":12},{"not_picked":["PiercingWail","Acrobatics","Flying Knee"],"picked":"SKIP","floor":14},{"not_picked":["Night Terror","Bullet Time"],"picked":"Envenom","floor":16},{"not_picked":["Crippling Poison","Sucker Punch"],"picked":"Distraction+1","floor":18},{"not_picked":["Dagger Throw","Poisoned Stab"],"picked":"Heel Hook","floor":20},{"not_picked":["Flying Knee","Poisoned Stab"],"picked":"A Thousand Cuts","floor":24},{"not_picked":["Slice+1","Blade Dance+1"],"picked":"Dodge and Roll+1","floor":27},{"not_picked":["Poisoned Stab","Catalyst+1"],"picked":"Expertise+1","floor":29},{"not_picked":["Sucker Punch+1","Deadly Poison+1"],"picked":"Bouncing Flask+1","floor":31},{"not_picked":["Wraith Form v2","Adrenaline+1"],"picked":"Storm of Steel+1","floor":33},{"not_picked":["Outmaneuver+1","Slice"],"picked":"Reflex+1","floor":35}],"player_experience":548052,"relics_obtained":[{"floor":9,"key":"Ornamental Fan"},{"floor":10,"key":"Orichalcum"},{"floor":12,"key":"Snake Skull"},{"floor":24,"key":"Shuriken"},{"floor":26,"key":"Darkstone Periapt"}],"event_choices":[{"event_name":"Shining Light","player_choice":"Entered Light","floor":2,"damage_taken":0},{"event_name":"Living Wall","player_choice":"Grow","floor":3,"damage_taken":0},{"event_name":"Golden Wing","player_choice":"Gained Gold","floor":13,"damage_taken":0},{"event_name":"Forgotten Altar","player_choice":"Shed Blood","floor":21,"damage_taken":0},{"event_name":"The Mausoleum","player_choice":"Yes","floor":22,"damage_taken":0},{"event_name":"The Lab","player_choice":"Got Potions","floor":28,"damage_taken":0},{"event_name":"Nest","player_choice":"Stole From Cult","floor":30,"damage_taken":0},{"event_name":"FaceTrader","player_choice":"Trade","floor":36,"damage_taken":0},{"event_name":"SecretPortal","player_choice":"Took Portal.","floor":37,"damage_taken":0}],"is_beta":false,"boss_relics":[{"not_picked":["Lizard Tail","Tiny House"],"picked":"Ectoplasm"},{"not_picked":["Philosopher\u0027s Stone","Runic Pyramid"],"picked":"Pandora\u0027s Box"}],"items_purged_floors":[],"is_endless":false,"potions_floor_spawned":[7,11,12,14,16,20,31,33],"ascension_level":0}