{"gold_per_floor":[115,133,148,161,177,177,128,160,185,197,226,264,276,58,58,158,158,176,195,195,195,42,42,76,93,119,119,136,62,87,104,104,199,199,217,233,245,245,294,325,325,335,365,397,197,197,227,227],"floor_reached":48,"playtime":2623,"items_purged":["Parasite"],"score":704,"play_id":"7c1f0eff-804e-434c-a363-c1a7a2cd89a8","local_time":"20181118222557","is_ascension_mode":true,"campfire_choices":[{"data":"Cloak And Dagger","floor":6,"key":"SMITH"},{"floor":10,"key":"REST"},{"data":"Malaise","floor":15,"key":"SMITH"},{"data":"Noxious Fumes","floor":23,"key":"SMITH"},{"data":"After Image","floor":27,"key":"SMITH"},{"data":"Accuracy","floor":32,"key":"SMITH"},{"data":"Caltrops","floor":41,"key":"SMITH"},{"data":"Night Terror","floor":46,"key":"SMITH"}],"neow_cost":"NONE","seed_source_timestamp":361775099564356,"circlet_count":0,"master_deck":["Defend_G+1","Defend_G+1","Defend_G+1","Defend_G+1","Defend_G+1","Strike_G+1","Strike_G+1","Strike_G+1","Strike_G+1","Strike_G+1","Survivor","Neutralize+1","Leg Sweep","Blade Dance+1","Backflip+1","Cloak And Dagger+1","Malaise+1","Heel Hook","Noxious Fumes+1","After Image+1","Backflip+1","All Out Attack","Cloak And Dagger","Caltrops+1","Accuracy+1","Heel Hook","A Thousand Cuts","Dodge and Roll","Blade Dance+1","Night Terror+1"],"relics":["Ring of the Snake","Whetstone","Ninja Scroll","MawBank","Orichalcum","Snake Skull","Runic Dome","Boot","Vajra","Bag of Marbles","War Paint","White Beast Statue","Pocketwatch","Smiling Mask","Tiny Chest","Mango","Anchor","Oddly Smooth Stone"],"potions_floor_usage":[8,8,8,16,16,33,39,39,44,48],"damage_taken":[{"damage":0,"enemies":"2 Louse","floor":1,"turns":3},{"damage":0,"enemies":"Jaw Worm","floor":2,"turns":5},{"damage":2,"enemies":"Small Slimes","floor":3,"turns":5},{"damage":8,"enemies":"Exordium Wildlife","floor":4,"turns":7},{"damage":8,"enemies":"Gremlin Gang","floor":5,"turns":6},{"damage":37,"enemies":"Lagavulin","floor":8,"turns":12},{"damage":1,"enemies":"Looter","floor":11,"turns":4},{"damage":22,"enemies":"Gremlin Nob","floor":12,"turns":5},{"damage":0,"enemies":"The Guardian","floor":16,"turns":11},{"damage":0,"enemies":"Chosen","floor":18,"turns":6},{"damage":1,"enemies":"Shell Parasite","floor":19,"turns":8},{"damage":4,"enemies":"Gremlin Leader","floor":24,"turns":6},{"damage":0,"enemies":"Snecko","floor":25,"turns":4},{"damage":0,"enemies":"Centurion and Healer","floor":28,"turns":6},{"damage":4,"enemies":"Slavers","floor":30,"turns":5},{"damage":2,"enemies":"Cultist and Chosen","floor":31,"turns":6},{"damage":0,"enemies":"Champ","floor":33,"turns":12},{"damage":0,"enemies":"3 Shapes","floor":35,"turns":5},{"damage":0,"enemies":"Orb Walker","floor":36,"turns":3},{"damage":1,"enemies":"Maw","floor":37,"turns":9},{"damage":9,"enemies":"2 Orb Walkers","floor":39,"turns":6},{"damage":18,"enemies":"Nemesis","floor":40,"turns":6},{"damage":0,"enemies":"Writhing Mass","floor":42,"turns":6},{"damage":21,"enemies":"Giant Head","floor":44,"turns":10},{"damage":20,"enemies":"Nemesis","floor":47,"turns":5},{"damage":19,"enemies":"Transient","floor":48,"turns":5}],"seed_played":"-2411240444185283584","potions_obtained":[{"floor":1,"key":"Ancient Potion"},{"floor":2,"key":"Fire Potion"},{"floor":4,"key":"Dexterity Potion"},{"floor":8,"key":"SpeedPotion"},{"floor":12,"key":"PowerPotion"},{"floor":19,"key":"LiquidBronze"},{"floor":28,"key":"EssenceOfSteel"},{"floor":33,"key":"EssenceOfSteel"},{"floor":35,"key":"Poison Potion"},{"floor":36,"key":"Explosive Potion"},{"floor":39,"key":"Fire Potion"},{"floor":40,"key":"SpeedPotion"},{"floor":42,"key":"SkillPotion"},{"floor":44,"key":"Dexterity Potion"},{"floor":47,"key":"Block Potion"}],"is_trial":false,"path_per_floor":["M","M","M","M","M","R","?","E","T","R","M","E","?","$","R","B",null,"M","M","?","?","$","R","E","M","T","R","M","$","E","M","R","B",null,"M","M","M","?","?","E","R","M","T","E","$","R","E","M"],"character_chosen":"THE_SILENT","items_purchased":["Noxious Fumes","Snake Skull","Vajra","Accuracy","Anchor"],"campfire_rested":1,"item_purchase_floors":[14,14,22,29,45],"current_hp_per_floor":[70,70,68,60,52,52,52,15,15,36,35,13,13,13,13,13,70,70,69,69,69,69,69,65,65,65,65,65,65,61,59,59,59,70,70,70,69,69,60,42,42,42,42,35,35,35,15,0],"gold":227,"neow_bonus":"RANDOM_COMMON_RELIC","is_prod":false,"is_daily":false,"chose_seed":false,"campfire_upgraded":7,"win_rate":0,"timestamp":1542597957,"path_taken":["M","M","M","M","M","R","?","E","T","R","M","E","?","?","R","BOSS","M","M","?","?","?","R","E","M","T","R","M","$","E","M","R","BOSS","M","?","M","?","?","E","R","M","T","E","?","R","E","M"],"build_version":"2018-11-15","purchased_purges":1,"victory":false,"max_hp_per_floor":[70,70,70,70,70,70,70,70,70,70,70,70,70,70,70,70,70,70,70,70,70,70,70,70,70,70,70,70,70,70,70,70,70,70,70,70,70,70,70,70,70,70,70,84,81,81,81,81],"card_choices":[{"not_picked":["Distraction","Tactician","Poisoned Stab"],"picked":"SKIP","floor":1},{"not_picked":["Outmaneuver","Dagger Throw"],"picked":"Leg Sweep","floor":2},{"not_picked":["Bane","Sucker Punch"],"picked":"Blade Dance","floor":3},{"not_picked":["Dodge and Roll","Sucker Punch"],"picked":"Backflip","floor":4},{"not_picked":["Dodge and Roll","Dagger Throw"],"picked":"Cloak And Dagger","floor":5},{"not_picked":["Cloak And Dagger","Terror"],"picked":"Malaise","floor":8},{"not_picked":["Dagger Throw","Endless Agony","Setup"],"picked":"SKIP","floor":11},{"not_picked":["Prepared","Outmaneuver"],"picked":"Heel Hook","floor":12},{"not_picked":["Malaise","Tools of the Trade"],"picked":"After Image","floor":16},{"not_picked":["Deadly Poison","Crippling Poison"],"picked":"Backflip+1","floor":18},{"not_picked":["Endless Agony+1","Outmaneuver+1"],"picked":"All Out Attack","floor":19},{"not_picked":["Acrobatics","Bane"],"picked":"Cloak And Dagger","floor":24},{"not_picked":["Backstab","Dash"],"picked":"Caltrops","floor":25},{"not_picked":["Underhanded Strike","Blade Dance","Tactician"],"picked":"SKIP","floor":28},{"not_picked":["Deflect","Catalyst+1","Wraith Form v2"],"picked":"SKIP","floor":30},{"not_picked":["Bane","PiercingWail"],"picked":"Heel Hook","floor":31},{"not_picked":["Corpse Explosion","Glass Knife"],"picked":"A Thousand Cuts","floor":33},{"not_picked":["Escape Plan","Prepared"],"picked":"Dodge and Roll","floor":35},{"not_picked":["Outmaneuver+1","Catalyst+1","Poisoned Stab+1"],"picked":"SKIP","floor":36},{"not_picked":["Sucker Punch","Setup","Dagger Throw"],"picked":"SKIP","floor":37},{"not_picked":["Flying Knee+1","Acrobatics"],"picked":"Blade Dance+1","floor":40},{"not_picked":["Bane+1","Setup","Masterful Stab"],"picked":"SKIP","floor":42},{"not_picked":["Slice+1","Poisoned Stab+1"],"picked":"Night Terror","floor":44},{"not_picked":["Crippling Poison","Dagger Throw","Quick Slash"],"picked":"SKIP","floor":47}],"player_experience":921931,"relics_obtained":[{"floor":8,"key":"Ninja Scroll"},{"floor":9,"key":"MawBank"},{"floor":12,"key":"Orichalcum"},{"floor":24,"key":"Bag of Marbles"},{"floor":30,"key":"War Paint"},{"floor":39,"key":"Pocketwatch"},{"floor":40,"key":"Smiling Mask"},{"floor":43,"key":"Tiny Chest"},{"floor":44,"key":"Mango"},{"floor":47,"key":"Oddly Smooth Stone"}],"event_choices":[{"damage_healed":0,"gold_gain":0,"player_choice":"Left Gold","damage_taken":0,"max_hp_gain":0,"max_hp_loss":0,"event_name":"World of Goop","floor":7,"gold_loss":49},{"damage_healed":0,"gold_gain":0,"player_choice":"Ignored","damage_taken":0,"max_hp_gain":0,"max_hp_loss":0,"event_name":"Golden Idol","floor":13,"gold_loss":0},{"damage_healed":0,"gold_gain":0,"player_choice":"Opened","damage_taken":0,"relics_obtained":["Boot"],"max_hp_gain":0,"max_hp_loss":0,"event_name":"The Mausoleum","floor":20,"gold_loss":0},{"damage_healed":0,"gold_gain":0,"player_choice":"Simplicity","damage_taken":0,"max_hp_gain":0,"max_hp_loss":0,"event_name":"Back to Basics","floor":21,"gold_loss":0,"cards_upgraded":["Defend_G","Defend_G","Defend_G","Defend_G","Defend_G","Strike_G","Strike_G","Strike_G","Strike_G"]},{"damage_healed":0,"gold_gain":0,"player_choice":"Ignored","damage_taken":0,"max_hp_gain":0,"max_hp_loss":0,"event_name":"Tomb of Lord Red Mask","floor":38,"gold_loss":0},{"damage_healed":0,"gold_gain":0,"player_choice":"Fight","damage_taken":0,"max_hp_gain":0,"max_hp_loss":0,"event_name":"Mysterious Sphere","floor":39,"gold_loss":0}],"is_beta":false,"boss_relics":[{"not_picked":["Philosopher\u0027s Stone","Calling Bell"],"picked":"Runic Dome"},{"not_picked":["Fusion Hammer","HoveringKite"],"picked":"White Beast Statue"}],"items_purged_floors":[45],"is_endless":false,"potions_floor_spawned":[1,2,4,8,12,19,28,33,35,36,37,39,40,42,44,47],"killed_by":"Transient","ascension_level":1}