{"gold_per_floor":[119,119,132,152,152,152,164,164,164,195,195,31,31,57,57,159,159,172,24,24,24,61,61],"floor_reached":23,"playtime":762,"items_purged":[],"score":324,"play_id":"c34104c0-3a41-4b29-84c3-ee44fcdc7b8d","local_time":"20190523163257","is_ascension_mode":true,"campfire_choices":[{"data":"Loop","floor":6,"key":"SMITH"},{"data":"Zap","floor":8,"key":"SMITH"},{"floor":11,"key":"REST"},{"data":"HandOfGreed","floor":15,"key":"SMITH"}],"neow_cost":"CURSE","seed_source_timestamp":353311890520896,"circlet_count":0,"master_deck":["AscendersBane","Strike_B","Strike_B","Strike_B","Strike_B","Defend_B","Defend_B","Defend_B","Defend_B","Zap+1","Dualcast","Conserve Battery","Loop+1","Rebound","Gash","BootSequence","Double Energy","HandOfGreed+1","Redo","Fission","Self Repair","Ball Lightning"],"relics":["Cracked Core","Spirit Poop","Dream Catcher","Gremlin Horn","Sundial","Art of War","Runic Dome","Oddly Smooth Stone"],"potions_floor_usage":[10,16,16,23],"damage_taken":[{"damage":0,"enemies":"2 Louse","floor":1,"turns":2},{"damage":1,"enemies":"Cultist","floor":3,"turns":3},{"damage":12,"enemies":"Jaw Worm","floor":4,"turns":3},{"damage":13,"enemies":"Red Slaver","floor":7,"turns":4},{"damage":30,"enemies":"Gremlin Nob","floor":10,"turns":5},{"damage":15,"enemies":"3 Sentries","floor":14,"turns":6},{"damage":23,"enemies":"Hexaghost","floor":16,"turns":10},{"damage":13,"enemies":"Chosen","floor":18,"turns":5},{"damage":28,"enemies":"Shell Parasite","floor":22,"turns":6},{"damage":48,"enemies":"Gremlin Leader","floor":23,"turns":7}],"seed_played":"7333280558635176007","potions_obtained":[{"floor":1,"key":"SkillPotion"},{"floor":3,"key":"Dexterity Potion"},{"floor":14,"key":"Weak Potion"},{"floor":18,"key":"Strength Potion"},{"floor":21,"key":"Dexterity Potion"}],"is_trial":false,"path_per_floor":["M","?","M","M","?","R","M","R","T","E","R","$","T","E","R","B",null,"M","$","?","?","M","E"],"character_chosen":"DEFECT","items_purchased":["HandOfGreed","Oddly Smooth Stone"],"campfire_rested":1,"item_purchase_floors":[12,19],"current_hp_per_floor":[82,82,81,69,69,69,56,56,56,26,52,52,52,37,37,14,70,57,57,57,57,36,0],"gold":61,"neow_bonus":"TWENTY_PERCENT_HP_BONUS","is_prod":false,"is_daily":false,"chose_seed":false,"campfire_upgraded":3,"win_rate":0,"timestamp":1558654377,"path_taken":["M","?","M","?","?","R","M","R","T","E","R","$","?","E","R","BOSS","M","$","?","?","?","E"],"build_version":"2019-01-23","purchased_purges":0,"victory":false,"max_hp_per_floor":[89,89,89,89,89,89,89,89,89,89,89,89,89,89,89,89,89,89,89,89,89,89,89],"card_choices":[{"not_picked":["Steam","Go for the Eyes"],"picked":"Conserve Battery","floor":1},{"not_picked":["Coolheaded","Streamline"],"picked":"Loop","floor":3},{"not_picked":["Coolheaded","Barrage"],"picked":"Rebound","floor":4},{"not_picked":["Scrape","Cold Snap"],"picked":"Gash","floor":7},{"not_picked":["Capacitor","Machine Learning"],"picked":"BootSequence","floor":10},{"not_picked":["Conserve Battery","Cold Snap"],"picked":"Double Energy","floor":11},{"not_picked":["Lockon","Barrage"],"picked":"Redo","floor":14},{"not_picked":["All For One","Amplify"],"picked":"Fission","floor":16},{"not_picked":["Steam","Redo"],"picked":"Self Repair","floor":18},{"not_picked":["Turbo","Sweeping Beam"],"picked":"Ball Lightning","floor":22}],"player_experience":679984,"relics_obtained":[{"floor":9,"key":"Dream Catcher"},{"floor":10,"key":"Gremlin Horn"},{"floor":13,"key":"Sundial"},{"floor":14,"key":"Art of War"}],"event_choices":[{"cards_removed":["Writhe"],"damage_healed":0,"gold_gain":0,"player_choice":"Offered Curse","damage_taken":0,"relics_obtained":["Spirit Poop"],"max_hp_gain":0,"max_hp_loss":0,"event_name":"Bonfire Elementals","floor":2,"gold_loss":0},{"damage_healed":0,"gold_gain":0,"player_choice":"Ignored","damage_taken":0,"max_hp_gain":0,"max_hp_loss":0,"event_name":"Golden Wing","floor":5,"gold_loss":0},{"damage_healed":0,"gold_gain":0,"player_choice":"Ignored","damage_taken":0,"max_hp_gain":0,"max_hp_loss":0,"event_name":"Beggar","floor":20,"gold_loss":0},{"damage_healed":0,"gold_gain":0,"player_choice":"Got Potions","damage_taken":0,"max_hp_gain":0,"max_hp_loss":0,"event_name":"Lab","floor":21,"gold_loss":0}],"is_beta":false,"boss_relics":[{"not_picked":["Snecko Eye","Fusion Hammer"],"picked":"Runic Dome"}],"items_purged_floors":[],"is_endless":false,"potions_floor_spawned":[1,3,14,18],"killed_by":"Gremlin Leader","ascension_level":13}