{"gold_per_floor":[12,27,27,37,57,57,69,69,69,69,69,69,100,100,100,100],"floor_reached":16,"playtime":497,"items_purged":[],"score":200,"play_id":"635b515a-3d97-45de-aca4-a3759bb3a8ea","local_time":"20181023225658","is_ascension_mode":true,"campfire_choices":[{"data":"Riddle With Holes","floor":6,"key":"SMITH"},{"data":"Neutralize","floor":8,"key":"SMITH"},{"data":"Flying Knee","floor":10,"key":"SMITH"},{"data":"Deflect","floor":12,"key":"SMITH"},{"floor":15,"key":"REST"}],"neow_cost":"NO_GOLD","seed_source_timestamp":1219244605937584,"circlet_count":0,"master_deck":["Defend_G","Defend_G","Defend_G","Defend_G","Defend_G","Strike_G","Strike_G","Strike_G","Strike_G","Strike_G","Survivor","Neutralize+1","AscendersBane","Bane","Flying Knee+1","Riddle With Holes+1","PiercingWail","Deflect+1","Caltrops"],"relics":["Ring of the Snake","WingedGreaves","Pear","Unceasing Top","Torii"],"potions_floor_usage":[13,13,16,16],"damage_taken":[{"damage":4,"enemies":"Jaw Worm","floor":1,"turns":6},{"damage":3,"enemies":"Small Slimes","floor":2,"turns":4},{"damage":0,"enemies":"Cultist","floor":4,"turns":3},{"damage":9,"enemies":"Blue Slaver","floor":5,"turns":4},{"damage":2,"enemies":"Exordium Wildlife","floor":7,"turns":4},{"damage":36,"enemies":"Lagavulin","floor":13,"turns":7},{"damage":61,"enemies":"The Guardian","floor":16,"turns":11}],"seed_played":"8165440526817796022","potions_obtained":[{"floor":4,"key":"SkillPotion"},{"floor":7,"key":"Regen Potion"},{"floor":13,"key":"Weak Potion"},{"floor":14,"key":"AttackPotion"}],"is_trial":false,"path_per_floor":["M","M","?","M","M","R","M","R","T","R","$","R","E","?","R"],"character_chosen":"THE_SILENT","items_purchased":[],"campfire_rested":1,"item_purchase_floors":[],"current_hp_per_floor":[55,52,36,36,27,27,25,25,25,25,25,25,4,4,26,0],"gold":100,"neow_bonus":"ONE_RARE_RELIC","is_prod":false,"is_daily":false,"chose_seed":false,"campfire_upgraded":4,"win_rate":0,"timestamp":1540349818,"path_taken":["M","M","?","M","M","R","M","R","T","R","$","R","E","?","R","BOSS"],"build_version":"2018-10-18","purchased_purges":0,"victory":false,"max_hp_per_floor":[66,66,76,76,76,76,76,76,76,76,76,76,76,76,76,76],"card_choices":[{"not_picked":["Prepared","Slice"],"picked":"Bane","floor":1},{"not_picked":["Acrobatics","Wraith Form v2"],"picked":"Flying Knee","floor":2},{"not_picked":["Blade Dance","Slice"],"picked":"Riddle With Holes","floor":4},{"not_picked":["Dagger Throw","Underhanded Strike"],"picked":"PiercingWail","floor":5},{"not_picked":["Slice","Flying Knee"],"picked":"Deflect","floor":7},{"not_picked":["Doppelganger","Tactician"],"picked":"Caltrops","floor":13}],"player_experience":811935,"relics_obtained":[{"floor":9,"key":"Unceasing Top"},{"floor":13,"key":"Torii"}],"event_choices":[{"damage_healed":0,"gold_gain":0,"player_choice":"Success","damage_taken":26,"relics_obtained":["Pear"],"max_hp_gain":0,"max_hp_loss":0,"event_name":"Scrap Ooze","floor":3,"gold_loss":0},{"damage_healed":0,"gold_gain":0,"player_choice":"Got Potions","damage_taken":0,"max_hp_gain":0,"max_hp_loss":0,"event_name":"The Lab","floor":14,"gold_loss":0}],"is_beta":false,"boss_relics":[],"items_purged_floors":[],"is_endless":false,"potions_floor_spawned":[4,7,13],"killed_by":"The Guardian","ascension_level":20}