{"path_per_floor":["M","?","?","M","$","R","E","M","T","E","R","?","R","?","R","B",null,"M","$","M","?","?","E","R","E","T","M","M","R","M","E","R","B",null,"M","$","?","?","$","R","E","?","T","M","R","M","M","$","R"],"character_chosen":"THE_SILENT","items_purchased":["Ancient Potion","Kunai","Strength Potion","Block Potion"],"gold_per_floor":[118,68,68,87,12,12,46,64,64,93,93,93,93,93,93,198,198,216,66,82,82,82,111,111,137,162,179,189,189,205,240,240,337,337,354,113,113,113,62,62,88,0,78,95,95,112,123,74,74],"floor_reached":50,"campfire_rested":5,"playtime":2688,"current_hp_per_floor":[58,58,58,56,56,56,41,41,41,14,47,47,47,47,47,9,50,53,53,53,53,53,46,63,56,56,41,41,63,60,55,55,14,51,44,44,36,36,36,63,43,43,43,25,25,17,26,26,59],"items_purged":["Defend_G","Strike_G"],"gold":74,"score":702,"play_id":"e00b2cdb-f40d-41b6-b193-f28fd5c264c7","is_prod":false,"is_daily":false,"is_ascension_mode":true,"campfire_upgraded":4,"path_taken":["M","?","?","M","?","R","E","M","T","E","R","?","R","?","R","BOSS","M","$","M","?","?","E","R","E","T","M","?","R","M","E","R","BOSS","M","$","?","?","?","R","E","?","T","M","R","M","?","$","R","BOSS"],"build_version":"2018-02-22-PROD2","purchased_purges":2,"victory":false,"master_deck":["Defend_G","Defend_G","Defend_G","Strike_G","Strike_G","Neutralize+1","Quick Slash","Predator+1","Caltrops+1","Dagger Spray+1","Tools of the Trade+1","Acrobatics","Regret","Glass Knife","Noxious Fumes+1","Footwork+1","Malaise","Regret","Backstab","Acrobatics+1","Leg Sweep","Die Die Die","Envenom","Madness","Madness","Acrobatics+1","Regret","Leg Sweep+1","Blur"],"max_hp_per_floor":[63,63,63,63,63,63,63,63,63,63,63,63,63,63,63,63,63,63,63,63,63,63,63,63,63,63,63,63,63,63,63,63,63,63,63,63,63,63,63,63,63,63,63,63,63,63,63,63,63],"relics":["Ring of the Snake","Regal Pillow","Du-Vu Doll","Ancient Tea Set","Mummified Hand","Cursed Key","Pantograph","Lantern","Anchor","Pen Nib","Snecko Eye","Kunai","Shovel","Red Mask","Toolbox","Ornamental Fan"],"card_choices":[{"not_picked":["Reflex","Flying Knee"],"picked":"Caltrops"},{"not_picked":["Crippling Poison","Dagger Throw"],"picked":"Dagger Spray"},{"not_picked":["Backstab","PiercingWail"],"picked":"Tools of the Trade"},{"not_picked":["Noxious Fumes","PiercingWail"],"picked":"Acrobatics"},{"not_picked":["Die Die Die","Phantasmal Killer"],"picked":"Glass Knife"},{"not_picked":["Expertise","Poisoned Stab"],"picked":"Noxious Fumes"},{"not_picked":["Bane","Dagger Throw"],"picked":"Footwork"},{"not_picked":["Underhanded Strike","Glass Knife"],"picked":"Malaise"},{"not_picked":["Dagger Spray","Heel Hook"],"picked":"Backstab"},{"not_picked":["Sucker Punch","PiercingWail"],"picked":"Acrobatics"},{"not_picked":["A Thousand Cuts","Cloak And Dagger"],"picked":"Leg Sweep"},{"not_picked":["Bane","Poisoned Stab"],"picked":"Die Die Die"},{"not_picked":["Glass Knife","Tools of the Trade"],"picked":"Envenom"},{"not_picked":["Accuracy","Quick Slash"],"picked":"Acrobatics"},{"not_picked":["Dagger Spray","Slice"],"picked":"Leg Sweep"},{"not_picked":["Outmaneuver","Footwork"],"picked":"Blur"}],"player_experience":242295,"potions_floor_usage":[10,10,18,23,23,27,28,33,41,44,47,50,50,50],"damage_taken":[{"damage":5,"enemies":"2 Louse","floor":1,"turns":2},{"damage":2,"enemies":"Jaw Worm","floor":4,"turns":3},{"damage":15,"enemies":"3 Sentries","floor":7,"turns":6},{"damage":0,"enemies":"Cultist","floor":8,"turns":2},{"damage":27,"enemies":"Lagavulin","floor":10,"turns":6},{"damage":38,"enemies":"Hexaghost","floor":16,"turns":10},{"damage":6,"enemies":"Chosen","floor":18,"turns":4},{"damage":0,"enemies":"Spheric Guardian","floor":20,"turns":3},{"damage":22,"enemies":"Gremlin Leader","floor":23,"turns":5},{"damage":7,"enemies":"Slavers","floor":25,"turns":3},{"damage":15,"enemies":"Slaver and Parasite","floor":27,"turns":4},{"damage":0,"enemies":"Chosen and Byrds","floor":28,"turns":4},{"damage":3,"enemies":"Snake Plant","floor":30,"turns":3},{"damage":5,"enemies":"Gremlin Leader","floor":31,"turns":6},{"damage":49,"enemies":"Collector","floor":33,"turns":9},{"damage":7,"enemies":"3 Shapes","floor":35,"turns":4},{"damage":20,"enemies":"2 Orb Walkers","floor":41,"turns":5},{"damage":24,"enemies":"3 Darklings","floor":44,"turns":3},{"damage":8,"enemies":"4 Shapes","floor":46,"turns":3},{"damage":0,"enemies":"Sphere and 2 Shapes","floor":47,"turns":3},{"damage":65,"enemies":"Time Eater","floor":50,"turns":13}],"event_choices":[{"event_name":"The Cleric","player_choice":"Card Removal","floor":2,"damage_taken":0},{"event_name":"Living Wall","player_choice":"Grow","floor":3,"damage_taken":0},{"event_name":"Big Fish","player_choice":"Box","floor":12,"damage_taken":0},{"event_name":"The Lab","player_choice":"Got Potions","floor":14,"damage_taken":0},{"event_name":"Upgrade Shrine","player_choice":"Upgraded","floor":21,"damage_taken":0},{"event_name":"Vampires","player_choice":"Ignored","floor":22,"damage_taken":0},{"event_name":"Winding Halls","player_choice":"Embrace Madness","floor":37,"damage_taken":0},{"event_name":"Tomb of Lord Red Mask","player_choice":"Paid","floor":42,"damage_taken":0}],"boss_relics":[{"not_picked":["Lizard Tail","White Beast Statue"],"picked":"Cursed Key"},{"not_picked":["Pandora\u0027s Box","Runic Dome"],"picked":"Snecko Eye"}],"potions_floor_spawned":[1,4,10,16,20,23,25,31,33,41,46],"seed_played":"2716555876615973406","killed_by":"Time Eater","ascension_level":9,"is_trial":false}