{"gold_per_floor":[116,116,128,138,138,169,88,106,106,140,46,60,60,60,60,160,160,172,199,19,35,35,67,67,92,118,153,173,191,191,48,48,151,151,163,385,434,448,55,55,55,55,55,55,84,14,31,51,51,51],"floor_reached":50,"playtime":2946,"items_purged":[],"score":611,"play_id":"e5ac813b-2b78-4aed-9776-9e0b86c23f29","local_time":"20190115144018","is_ascension_mode":false,"campfire_choices":[{"floor":13,"key":"REST"},{"floor":15,"key":"REST"},{"floor":24,"key":"REST"},{"floor":32,"key":"REST"},{"floor":40,"key":"REST"},{"data":"Envenom","floor":42,"key":"SMITH"},{"data":"Finisher","floor":44,"key":"SMITH"},{"data":"Neutralize","floor":49,"key":"SMITH"}],"neow_cost":"NONE","seed_source_timestamp":504609985389645,"circlet_count":0,"master_deck":["Defend_G+1","Defend_G+1","Defend_G+1","Defend_G+1","Defend_G+1","Strike_G+1","Strike_G+1","Strike_G+1","Strike_G+1","Survivor","Neutralize+1","Dagger Spray","Blur+1","PiercingWail","All Out Attack","Noxious Fumes","Cloak And Dagger","Deflect+1","Good Instincts+1","Corpse Explosion+1","Die Die Die","Finisher+1","Chrysalis+1","Dodge and Roll+1","Blur+1","Endless Agony","Blade Dance+1","Escape Plan+1","Adrenaline+1","Envenom+1","Dagger Throw","Blade Dance+1","Deflect+1","Distraction+1","Deflect+1","Infinite Blades","Noxious Fumes+1"],"relics":["Ring of the Snake","Snake Skull","The Specimen","Toxic Egg 2","Vajra","Sozu","Red Mask","FaceOfCleric","Meat on the Bone","StoneCalendar","Bronze Scales","Bag of Marbles","Regal Pillow","Busted Crown","Du-Vu Doll","Ninja Scroll","Thread and Needle","Bottled Lightning"],"potions_floor_usage":[10,16],"damage_taken":[{"damage":3,"enemies":"Jaw Worm","floor":1,"turns":7},{"damage":0,"enemies":"Small Slimes","floor":3,"turns":3},{"damage":1,"enemies":"Cultist","floor":4,"turns":4},{"damage":48,"enemies":"Gremlin Nob","floor":6,"turns":7},{"damage":6,"enemies":"3 Louse","floor":8,"turns":2},{"damage":15,"enemies":"3 Sentries","floor":10,"turns":5},{"damage":0,"enemies":"2 Fungi Beasts","floor":12,"turns":2},{"damage":19,"enemies":"Slime Boss","floor":16,"turns":9},{"damage":17,"enemies":"Spheric Guardian","floor":18,"turns":5},{"damage":0,"enemies":"Masked Bandits","floor":19,"turns":2},{"damage":6,"enemies":"Chosen","floor":21,"turns":6},{"damage":27,"enemies":"Book of Stabbing","floor":23,"turns":7},{"damage":27,"enemies":"Gremlin Leader","floor":25,"turns":6},{"damage":0,"enemies":"Slavers","floor":27,"turns":3},{"damage":2,"enemies":"Snecko","floor":28,"turns":5},{"damage":0,"enemies":"Cultist and Chosen","floor":29,"turns":3},{"damage":26,"enemies":"Collector","floor":33,"turns":9},{"damage":0,"enemies":"3 Darklings","floor":35,"turns":3},{"damage":35,"enemies":"2 Orb Walkers","floor":37,"turns":6},{"damage":0,"enemies":"Orb Walker","floor":38,"turns":1},{"damage":6,"enemies":"Nemesis","floor":45,"turns":5},{"damage":0,"enemies":"4 Shapes","floor":47,"turns":2},{"damage":0,"enemies":"Transient","floor":48,"turns":5},{"damage":105,"enemies":"Time Eater","floor":50,"turns":12}],"seed_played":"2467429017659802839","potions_obtained":[{"floor":3,"key":"Poison Potion"},{"floor":6,"key":"LiquidBronze"},{"floor":10,"key":"Fire Potion"}],"is_trial":false,"path_per_floor":["M","?","M","M","?","E","$","M","T","E","$","M","R","?","R","B",null,"M","?","$","M","?","E","R","E","T","E","M","M","?","$","R","B",null,"M","?","?","M","$","R","?","R","T","R","E","$","M","M","R","B"],"character_chosen":"THE_SILENT","items_purchased":["Noxious Fumes","Good Instincts+1","Chrysalis+1","Regal Pillow","Ninja Scroll","Deflect+1","Distraction+1","Infinite Blades"],"campfire_rested":5,"item_purchase_floors":[7,11,20,31,39,39,39,46],"current_hp_per_floor":[74,79,79,78,78,30,30,24,24,9,9,9,33,33,57,38,82,65,65,65,59,59,33,57,43,43,44,55,56,56,56,87,62,88,89,89,55,56,56,91,91,91,91,91,86,86,87,88,88,0],"gold":51,"neow_bonus":"TEN_PERCENT_HP_BONUS","is_prod":false,"is_daily":false,"chose_seed":false,"campfire_upgraded":3,"win_rate":0.0,"timestamp":1547581218,"path_taken":["M","?","M","M","?","E","$","?","T","E","$","M","R","?","R","BOSS","M","?","$","M","?","E","R","E","T","E","?","M","?","?","R","BOSS","M","?","?","M","$","R","?","R","T","R","E","?","M","?","R","BOSS"],"build_version":"2019-01-10","purchased_purges":0,"victory":false,"max_hp_per_floor":[77,82,82,82,82,82,82,82,82,82,82,82,82,82,82,82,82,82,82,82,82,82,83,83,84,84,85,86,87,87,87,87,88,88,89,89,90,91,91,91,91,91,91,91,92,92,93,94,94,94],"card_choices":[{"not_picked":["Prepared","Bouncing Flask"],"picked":"Dagger Spray","floor":1},{"not_picked":["Flying Knee","Dagger Spray"],"picked":"Blur","floor":3},{"not_picked":["Acrobatics","Dagger Spray"],"picked":"PiercingWail","floor":4},{"not_picked":["Outmaneuver","Dodge and Roll"],"picked":"All Out Attack","floor":6},{"not_picked":["Caltrops","Escape Plan"],"picked":"Cloak And Dagger","floor":8},{"not_picked":["Poisoned Stab","Caltrops"],"picked":"Deflect+1","floor":10},{"not_picked":["Cloak And Dagger+1","PiercingWail+1"],"picked":"Corpse Explosion+1","floor":12},{"not_picked":["Phantasmal Killer+1","Night Terror+1"],"picked":"Die Die Die","floor":16},{"not_picked":["Flying Knee+1","Underhanded Strike+1"],"picked":"Finisher","floor":18},{"not_picked":["Prepared+1","Quick Slash"],"picked":"Dodge and Roll+1","floor":21},{"not_picked":["Slice","Infinite Blades"],"picked":"Blur+1","floor":23},{"not_picked":["Flying Knee","Calculated Gamble+1"],"picked":"Endless Agony","floor":25},{"not_picked":["Masterful Stab","Underhanded Strike+1"],"picked":"Blade Dance+1","floor":27},{"not_picked":["Prepared+1","Dagger Throw"],"picked":"Escape Plan+1","floor":28},{"not_picked":["Dodge and Roll+1","PiercingWail+1"],"picked":"Adrenaline+1","floor":29},{"not_picked":["Glass Knife","Phantasmal Killer+1"],"picked":"Envenom","floor":33},{"not_picked":[],"picked":"Dagger Throw","floor":35},{"not_picked":[],"picked":"Blade Dance+1","floor":37},{"not_picked":["Dagger Throw"],"picked":"SKIP","floor":38},{"not_picked":[],"picked":"Deflect+1","floor":45},{"not_picked":["Calculated Gamble+1"],"picked":"SKIP","floor":47},{"not_picked":[],"picked":"Noxious Fumes+1","floor":48}],"player_experience":61394,"relics_obtained":[{"floor":6,"key":"The Specimen"},{"floor":9,"key":"Toxic Egg 2"},{"floor":10,"key":"Vajra"},{"floor":19,"key":"Red Mask"},{"floor":23,"key":"Meat on the Bone"},{"floor":25,"key":"StoneCalendar"},{"floor":26,"key":"Bronze Scales"},{"floor":27,"key":"Bag of Marbles"},{"floor":37,"key":"Du-Vu Doll"},{"floor":43,"key":"Thread and Needle"},{"floor":45,"key":"Bottled Lightning"}],"event_choices":[{"damage_healed":0,"gold_gain":0,"player_choice":"Donut","damage_taken":0,"max_hp_gain":5,"max_hp_loss":0,"event_name":"Big Fish","floor":2,"gold_loss":0},{"damage_healed":0,"gold_gain":0,"player_choice":"Gave Potion","damage_taken":0,"relics_obtained":["Snake Skull"],"max_hp_gain":0,"max_hp_loss":0,"event_name":"WeMeetAgain","floor":5,"gold_loss":0},{"damage_healed":0,"gold_gain":0,"player_choice":"Grow","damage_taken":0,"max_hp_gain":0,"max_hp_loss":0,"event_name":"Living Wall","floor":14,"gold_loss":0,"cards_upgraded":["Blur"]},{"damage_healed":0,"gold_gain":0,"player_choice":"Fought Bandits","damage_taken":0,"max_hp_gain":0,"max_hp_loss":0,"event_name":"Masked Bandits","floor":19,"gold_loss":0},{"damage_healed":0,"gold_gain":0,"player_choice":"Trade","damage_taken":0,"relics_obtained":["FaceOfCleric"],"max_hp_gain":0,"max_hp_loss":0,"event_name":"FaceTrader","floor":22,"gold_loss":0},{"damage_healed":0,"gold_gain":0,"player_choice":"Simplicity","damage_taken":0,"max_hp_gain":0,"max_hp_loss":0,"event_name":"Back to Basics","floor":30,"gold_loss":0,"cards_upgraded":["Defend_G","Defend_G","Defend_G","Defend_G","Defend_G","Strike_G","Strike_G","Strike_G","Strike_G","Strike_G"]},{"damage_healed":0,"gold_gain":222,"player_choice":"Wore Mask","damage_taken":0,"max_hp_gain":0,"max_hp_loss":0,"event_name":"Tomb of Lord Red Mask","floor":36,"gold_loss":0},{"damage_healed":0,"gold_gain":0,"player_choice":"Fight","damage_taken":0,"max_hp_gain":0,"max_hp_loss":0,"event_name":"Mysterious Sphere","floor":37,"gold_loss":0},{"cards_removed":["Strike_G"],"damage_healed":0,"gold_gain":0,"player_choice":"Removed Attack","damage_taken":0,"max_hp_gain":0,"max_hp_loss":0,"event_name":"Falling","floor":41,"gold_loss":0}],"is_beta":false,"boss_relics":[{"not_picked":["Ectoplasm","Velvet Choker"],"picked":"Sozu"},{"not_picked":["Tiny House","HoveringKite"],"picked":"Busted Crown"}],"items_purged_floors":[],"is_endless":false,"potions_floor_spawned":[3,6,10,18,23,28,29,37,38,45],"killed_by":"Time Eater","ascension_level":0}