{"gold_per_floor":[117,136,136,11,11,49,49,89,89,89,89,113,147,168,168,263,263,283,198,222,272,296,296,6,6,33,48,73,20,33,33],"floor_reached":31,"playtime":930,"items_purged":[],"score":490,"play_id":"205dde27-b418-4a8b-b3d4-81e99d7e4812","local_time":"20181117152110","is_ascension_mode":true,"campfire_choices":[{"floor":7,"key":"REST"},{"data":"Inflame","floor":11,"key":"SMITH"},{"data":"Shockwave","floor":15,"key":"SMITH"},{"data":"Armaments","floor":23,"key":"SMITH"},{"data":"Pummel","floor":25,"key":"SMITH"}],"neow_cost":"NONE","seed_source_timestamp":251580557967392,"circlet_count":0,"master_deck":["AscendersBane","Strike_R","Strike_R","Strike_R","Strike_R","Strike_R+1","Defend_R","Defend_R+1","Defend_R","Defend_R","Bash","Pummel+1","Twin Strike","Inflame+1","Perfected Strike+1","Thunderclap+1","Shockwave+1","Limit Break","Armaments+1","Ghostly Armor","Swift Strike+1","Feed+1","Battle Trance","Perfected Strike+1","Shrug It Off"],"relics":["Burning Blood","NeowsBlessing","Golden Idol","Molten Egg 2","Letter Opener","Anchor","Coffee Dripper","Calipers","Oddly Smooth Stone"],"potions_floor_usage":[8,13,16,16,22,27,27],"damage_taken":[{"damage":0,"enemies":"2 Louse","floor":1,"turns":1},{"damage":0,"enemies":"Small Slimes","floor":2,"turns":1},{"damage":0,"enemies":"3 Sentries","floor":6,"turns":2},{"damage":15,"enemies":"Lagavulin","floor":8,"turns":5},{"damage":7,"enemies":"Jaw Worm","floor":12,"turns":3},{"damage":30,"enemies":"3 Sentries","floor":13,"turns":6},{"damage":3,"enemies":"Blue Slaver","floor":14,"turns":2},{"damage":31,"enemies":"The Guardian","floor":16,"turns":8},{"damage":25,"enemies":"Shell Parasite","floor":18,"turns":4},{"damage":15,"enemies":"2 Thieves","floor":20,"turns":3},{"damage":9,"enemies":"Centurion and Healer","floor":22,"turns":6},{"damage":15,"enemies":"3 Cultists","floor":27,"turns":5},{"damage":9,"enemies":"Chosen and Byrds","floor":28,"turns":6},{"damage":12,"enemies":"Cultist and Chosen","floor":30,"turns":6},{"damage":30,"enemies":"Book of Stabbing","floor":31,"turns":3}],"seed_played":"-651990840682645820","potions_obtained":[{"floor":6,"key":"EssenceOfSteel"},{"floor":8,"key":"Regen Potion"},{"floor":13,"key":"Energy Potion"},{"floor":14,"key":"SkillPotion"},{"floor":18,"key":"AttackPotion"},{"floor":22,"key":"SkillPotion"}],"is_trial":false,"path_per_floor":["M","M","?","$","?","E","R","E","T","?","R","M","E","M","R","B",null,"M","?","M","?","M","R","$","R","T","M","M","$","M","E"],"character_chosen":"IRONCLAD","items_purchased":["Inflame","Perfected Strike","Swift Strike+1","Feed+1","Strength Potion","Shrug It Off"],"campfire_rested":1,"item_purchase_floors":[4,4,24,24,24,29],"current_hp_per_floor":[74,75,52,52,26,32,54,45,45,45,45,44,35,38,38,13,60,41,41,32,32,29,29,29,29,29,24,25,25,23,0],"gold":33,"neow_bonus":"THREE_ENEMY_KILL","is_prod":false,"is_daily":false,"chose_seed":false,"campfire_upgraded":4,"win_rate":0,"timestamp":1542486070,"path_taken":["M","M","?","$","?","E","R","E","T","?","R","?","E","M","R","BOSS","M","?","M","?","M","R","$","R","T","?","M","$","M","E"],"build_version":"2018-11-15","purchased_purges":0,"victory":false,"max_hp_per_floor":[75,75,75,75,75,75,75,75,75,75,75,75,75,75,75,75,75,75,75,75,75,75,75,75,75,75,79,83,83,87,87],"card_choices":[{"not_picked":["Warcry","Sword Boomerang"],"picked":"Pummel","floor":1},{"not_picked":["Body Slam","Infernal Blade"],"picked":"Twin Strike","floor":2},{"not_picked":["Feel No Pain","Body Slam"],"picked":"Thunderclap","floor":6},{"not_picked":["Hemokinesis+1","Dropkick+1","Fire Breathing"],"picked":"SKIP","floor":8},{"not_picked":["Blood for Blood+1","Bloodletting","Barricade"],"picked":"SKIP","floor":12},{"not_picked":["Havoc","Feel No Pain","True Grit"],"picked":"SKIP","floor":13},{"not_picked":["Dropkick+1","Clash+1"],"picked":"Shockwave","floor":14},{"not_picked":["Fiend Fire+1","Exhume"],"picked":"Limit Break","floor":16},{"not_picked":["Seeing Red","Warcry"],"picked":"Armaments","floor":18},{"not_picked":["Searing Blow+1","Clash+1","Shockwave"],"picked":"SKIP","floor":20},{"not_picked":["Rampage+1","Power Through"],"picked":"Ghostly Armor","floor":22},{"not_picked":["Rampage+1","Body Slam+1"],"picked":"Battle Trance","floor":27},{"not_picked":["Warcry","Evolve"],"picked":"Perfected Strike+1","floor":28},{"not_picked":["Feel No Pain","Clash+1","Burning Pact"],"picked":"SKIP","floor":30}],"player_experience":903997,"relics_obtained":[{"floor":6,"key":"Molten Egg 2"},{"floor":8,"key":"Letter Opener"},{"floor":13,"key":"Anchor"},{"floor":26,"key":"Oddly Smooth Stone"}],"event_choices":[{"damage_healed":0,"gold_gain":0,"player_choice":"Entered Light","damage_taken":23,"max_hp_gain":0,"max_hp_loss":0,"event_name":"Shining Light","floor":3,"gold_loss":0,"cards_upgraded":["Defend_R","Strike_R"]},{"damage_healed":0,"gold_gain":0,"player_choice":"Take Damage","damage_taken":26,"relics_obtained":["Golden Idol"],"max_hp_gain":0,"max_hp_loss":0,"event_name":"Golden Idol","floor":5,"gold_loss":0},{"damage_healed":0,"gold_gain":0,"player_choice":"Grow","damage_taken":0,"max_hp_gain":0,"max_hp_loss":0,"event_name":"Living Wall","floor":10,"gold_loss":0,"cards_upgraded":["Perfected Strike"]},{"damage_healed":0,"gold_gain":0,"player_choice":"Obtained Relic","damage_taken":0,"relics_obtained":["Calipers"],"max_hp_gain":0,"max_hp_loss":0,"event_name":"Addict","floor":19,"gold_loss":85},{"damage_healed":0,"gold_gain":50,"player_choice":"Pray","damage_taken":0,"max_hp_gain":0,"max_hp_loss":0,"event_name":"Golden Shrine","floor":21,"gold_loss":0}],"is_beta":false,"boss_relics":[{"not_picked":["Runic Cube","Eternal Feather"],"picked":"Coffee Dripper"}],"items_purged_floors":[],"is_endless":false,"potions_floor_spawned":[6,8,13,14,18,22],"killed_by":"Book of Stabbing","ascension_level":15}