{"gold_per_floor":[14,24,44,44,16,16,36,71,145,145,220,230,246,87,87,87],"floor_reached":16,"playtime":606,"items_purged":["Strike_B"],"score":189,"play_id":"a11740e0-ddf6-44f5-900e-98ad0c9c4d87","local_time":"20180922210639","is_ascension_mode":true,"campfire_choices":[{"data":"Ball Lightning","floor":6,"key":"SMITH"},{"data":"Recycle","floor":10,"key":"SMITH"},{"data":"Fission","floor":15,"key":"SMITH"}],"neow_cost":"NO_GOLD","seed_source_timestamp":623473948535234,"circlet_count":0,"master_deck":["Strike_B","Strike_B","Strike_B","Defend_B","Defend_B","Defend_B","Defend_B","Zap","Dualcast","AscendersBane","Fission+1","Streamline","Leap","Sweeping Beam","Ball Lightning+1","Beam Cell","Recycle+1","Glacier","BootSequence"],"special_seed":0,"relics":["Cracked Core","Unceasing Top","Question Card"],"potions_floor_usage":[7,8],"damage_taken":[{"damage":4,"enemies":"Jaw Worm","floor":1,"turns":4},{"damage":0,"enemies":"Cultist","floor":2,"turns":3},{"damage":3,"enemies":"2 Louse","floor":3,"turns":3},{"damage":7,"enemies":"2 Fungi Beasts","floor":7,"turns":4},{"damage":16,"enemies":"Gremlin Nob","floor":8,"turns":3},{"damage":15,"enemies":"3 Louse","floor":12,"turns":3},{"damage":0,"enemies":"Blue Slaver","floor":13,"turns":3},{"damage":22,"enemies":"Hexaghost","floor":16,"turns":10}],"seed_played":"-1217733420830878570","potions_obtained":[{"floor":3,"key":"Regen Potion"},{"floor":7,"key":"Fire Potion"},{"floor":12,"key":"FearPotion"}],"is_trial":false,"path_per_floor":["M","M","M","?","$","R","M","E","T","R","?","M","M","$","R"],"character_chosen":"DEFECT","items_purchased":["Ball Lightning","BootSequence"],"campfire_rested":0,"item_purchase_floors":[5,14],"current_hp_per_floor":[60,60,57,57,57,57,62,46,46,46,35,20,20,20,20,0],"gold":87,"neow_bonus":"THREE_RARE_CARDS","is_prod":false,"is_daily":false,"chose_seed":false,"campfire_upgraded":3,"win_rate":0,"timestamp":1537664799,"path_taken":["M","M","M","?","?","R","M","E","T","R","?","M","M","$","R","BOSS"],"build_version":"2018-09-20","purchased_purges":1,"victory":false,"max_hp_per_floor":[71,71,71,71,71,71,71,71,71,71,71,71,71,71,71,71],"card_choices":[{"not_picked":["Meteor Strike","Echo Form"],"picked":"Fission","floor":0},{"not_picked":["Redo","Leap"],"picked":"Streamline","floor":1},{"not_picked":["Melter","Barrage"],"picked":"Leap","floor":2},{"not_picked":["Go for the Eyes","Skim"],"picked":"Sweeping Beam","floor":3},{"not_picked":["Reinforced Body","Hello World"],"picked":"Beam Cell","floor":7},{"not_picked":["Rebound","Stack"],"picked":"Recycle","floor":8},{"not_picked":["Leap","Compile Driver","Steam"],"picked":"Glacier","floor":12},{"not_picked":["Barrage","Redo","Echo Form","Beam Cell"],"picked":"SKIP","floor":13}],"player_experience":689464,"relics_obtained":[{"floor":8,"key":"Unceasing Top"},{"floor":9,"key":"Question Card"}],"event_choices":[{"event_name":"Liars Game","player_choice":"disagreed","floor":4,"damage_taken":0},{"event_name":"World of Goop","player_choice":"Gather Gold","floor":11,"damage_taken":0}],"is_beta":false,"boss_relics":[],"items_purged_floors":[14],"is_endless":false,"potions_floor_spawned":[3,7,12],"killed_by":"Hexaghost","ascension_level":17}