{"gold_per_floor":[111,36,186,133,152,180,180,212,212,212,244,20,45,63,63,142,142,162,39,39,39,11,11,23,39,66,66,0,50,63,76,76,155,155,175,192,192,34,53,87,87,87,162,175,175,175,188,188,188,188],"floor_reached":50,"playtime":2318,"items_purged":["Regret"],"score":1087,"play_id":"2daffdf1-4c87-41b4-b961-d3ae01f405de","local_time":"20190317201007","is_ascension_mode":true,"campfire_choices":[{"floor":7.0,"key":"REST"},{"floor":10,"key":"REST"},{"floor":15,"key":"REST"},{"floor":23,"key":"REST"},{"floor":32,"key":"REST"},{"data":"Defragment","floor":41,"key":"SMITH"},{"floor":46,"key":"REST"},{"floor":49,"key":"REST"}],"neow_cost":"CURSE","seed_source_timestamp":0,"circlet_count":0,"master_deck":["AscendersBane","Defend_B","Defend_B","Defend_B","Defend_B","Zap","Dualcast","Double Energy","Loop","Beam Cell","Doubt","Glacier","Defragment+1","Sunder","Doom and Gloom","Self Repair","Heatsinks","Electrodynamics","Cold Snap","Storm","Force Field+1","Genetic Algorithm+1","Buffer","Ball Lightning","Stack+1","Blizzard","Cold Snap","Buffer","Fission+1","BootSequence+1","Parasite","Defragment+1","Coolheaded+1","Doom and Gloom+1","Turbo+1"],"special_seed":0,"relics":["Cracked Core","WingedGreaves","PreservedInsect","Toxic Egg 2","Pocketwatch","Pen Nib","Runic Capacitor","Singing Bowl","Sozu","Happy Flower","Velvet Choker","Bag of Preparation","Gremlin Horn","Ornamental Fan"],"potions_floor_usage":[11,16],"damage_taken":[{"damage":3.0,"enemies":"Small Slimes","floor":1.0,"turns":3.0},{"damage":2.0,"enemies":"2 Louse","floor":5.0,"turns":4.0},{"damage":43.0,"enemies":"Gremlin Nob","floor":6.0,"turns":5.0},{"damage":20.0,"enemies":"3 Sentries","floor":8.0,"turns":12.0},{"damage":0,"enemies":"Lagavulin","floor":11,"turns":5},{"damage":20,"enemies":"3 Sentries","floor":13,"turns":6},{"damage":3,"enemies":"Cultist","floor":14,"turns":5},{"damage":12,"enemies":"Slime Boss","floor":16,"turns":8},{"damage":18,"enemies":"2 Thieves","floor":18,"turns":4},{"damage":30,"enemies":"3 Byrds","floor":24,"turns":4},{"damage":17,"enemies":"Snake Plant","floor":25,"turns":5},{"damage":19,"enemies":"Shelled Parasite and Fungi","floor":30,"turns":7},{"damage":4,"enemies":"Chosen and Byrds","floor":31,"turns":5},{"damage":24,"enemies":"Collector","floor":33,"turns":12},{"damage":25,"enemies":"3 Darklings","floor":35,"turns":4},{"damage":5,"enemies":"Orb Walker","floor":36,"turns":4},{"damage":0,"enemies":"Writhing Mass","floor":39,"turns":6},{"damage":0,"enemies":"Nemesis","floor":40,"turns":7},{"damage":22,"enemies":"3 Darklings","floor":44,"turns":5},{"damage":20,"enemies":"Transient","floor":47,"turns":6},{"damage":87,"enemies":"Awakened One","floor":50,"turns":16}],"seed_played":"1781945441533683028","potions_obtained":[{"floor":1.0,"key":"Fire Potion"},{"floor":5.0,"key":"SpeedPotion"},{"floor":14,"key":"Weak Potion"}],"is_trial":false,"path_per_floor":["M","$","?","?","M","E","R","E","T","R","E","$","E","M","R","B",null,"M","$","?","?","$","R","M","M","T","?","?","?","M","M","R","B",null,"M","M","?","$","M","E","R","?","T","M","?","R","M","?","R","B"],"character_chosen":"DEFECT","items_purchased":["Runic Capacitor","Storm","Force Field+1","Ball Lightning","Bag of Preparation"],"campfire_rested":7,"item_purchase_floors":[12,19,19,22,38],"current_hp_per_floor":[61,61,61,61,59,16,37,17,17,38,38,38,18,22,43,38,63,52,52,52,32,32,54,31,21,21,21,21,21,9,12,34,17,61,45,47,47,47,54,61,61,57,57,35,35,58,45,45,68,0],"gold":188,"neow_bonus":"TRANSFORM_TWO_CARDS","is_prod":false,"is_daily":false,"chose_seed":false,"campfire_upgraded":1,"win_rate":0,"timestamp":1552867807,"path_taken":["M","$","?","?","?","E","R","E","T","R","E","$","E","M","R","BOSS","M","$","?","?","?","R","?","?","T","?","?","?","M","M","R","BOSS","M","M","?","$","M","E","R","?","T","?","?","R","M","?","R","BOSS"],"build_version":"2019-01-23","purchased_purges":1,"victory":false,"max_hp_per_floor":[71,71,71,71,71,71,71,71,71,71,71,71,71,71,71,71,71,71,71,71,76,76,76,76,76,76,76,76,76,76,76,76,76,76,78,78,78,78,78,78,78,78,78,78,78,78,78,78,78,78],"card_choices":[{"not_picked":["Consume","Barrage"],"picked":"Beam Cell","floor":1.0},{"not_picked":["Hologram","Aggregate"],"picked":"Glacier","floor":5.0},{"not_picked":["Sunder","Hologram"],"picked":"Defragment","floor":6.0},{"not_picked":["FTL","Gash"],"picked":"Sunder","floor":8},{"not_picked":["Reinforced Body+1","Stack+1"],"picked":"Doom and Gloom","floor":11},{"not_picked":["Cold Snap","Hello World"],"picked":"Self Repair","floor":13},{"not_picked":["Chaos+1","Loop"],"picked":"Heatsinks","floor":14},{"not_picked":["Seek+1","Buffer"],"picked":"Electrodynamics","floor":16},{"not_picked":["Steam+1","Streamline"],"picked":"Cold Snap","floor":18},{"not_picked":["Turbo+1","Steam+1"],"picked":"Stack+1","floor":24},{"not_picked":["Beam Cell+1","Streamline"],"picked":"Blizzard","floor":25},{"not_picked":["Aggregate+1","Hello World"],"picked":"Cold Snap","floor":30},{"not_picked":["Hello World","Rebound"],"picked":"Buffer","floor":31},{"not_picked":["Creative AI","Amplify+1"],"picked":"Fission+1","floor":33},{"not_picked":["Barrage","Doom and Gloom","Steam Power+1"],"picked":"Singing Bowl","floor":35},{"not_picked":["Sunder","Reinforced Body+1"],"picked":"BootSequence+1","floor":36},{"not_picked":["Lockon","Steam+1"],"picked":"Defragment","floor":39},{"not_picked":["Beam Cell+1","Ball Lightning"],"picked":"Coolheaded+1","floor":40},{"not_picked":["Leap+1","Rip and Tear"],"picked":"Doom and Gloom+1","floor":44},{"not_picked":["Sweeping Beam+1","Beam Cell"],"picked":"Turbo+1","floor":47}],"player_experience":448120,"relics_obtained":[{"floor":6.0,"key":"PreservedInsect"},{"floor":8,"key":"Toxic Egg 2"},{"floor":9,"key":"Pocketwatch"},{"floor":11,"key":"Pen Nib"},{"floor":13,"key":"Singing Bowl"},{"floor":26,"key":"Happy Flower"},{"floor":40,"key":"Gremlin Horn"},{"floor":43,"key":"Ornamental Fan"}],"event_choices":[{"damage_healed":0.0,"max_hp_gain":0.0,"max_hp_loss":0.0,"gold_gain":150.0,"event_name":"Liars Game","player_choice":"AGREE","floor":3.0,"gold_loss":0.0,"damage_taken":0.0,"cards_obtained":["Doubt"]},{"damage_healed":0.0,"max_hp_gain":0.0,"max_hp_loss":0.0,"gold_gain":0.0,"event_name":"WeMeetAgain","player_choice":"Paid Gold","floor":4.0,"gold_loss":53.0,"damage_taken":0.0,"relics_obtained":["WingedGreaves"]},{"damage_healed":0,"gold_gain":0,"cards_transformed":["Strike_B","Strike_B"],"player_choice":"Became Test Subject","damage_taken":0,"max_hp_gain":0,"max_hp_loss":0,"event_name":"Drug Dealer","floor":20,"gold_loss":0,"cards_obtained":["Genetic Algorithm","Buffer"]},{"damage_healed":0,"gold_gain":0,"player_choice":"Shed Blood","damage_taken":25,"max_hp_gain":5,"max_hp_loss":0,"event_name":"Forgotten Altar","floor":21,"gold_loss":0},{"damage_healed":0,"gold_gain":0,"player_choice":"Ignored","damage_taken":0,"max_hp_gain":0,"max_hp_loss":0,"event_name":"Beggar","floor":27,"gold_loss":0},{"damage_healed":0,"gold_gain":0,"player_choice":"Paid Fearfully","damage_taken":0,"max_hp_gain":0,"max_hp_loss":0,"event_name":"Masked Bandits","floor":28,"gold_loss":66},{"damage_healed":0,"gold_gain":50,"player_choice":"Stole From Cult","damage_taken":0,"max_hp_gain":0,"max_hp_loss":0,"event_name":"Nest","floor":29,"gold_loss":0},{"damage_healed":0,"gold_gain":0,"player_choice":"Ignored","damage_taken":0,"max_hp_gain":0,"max_hp_loss":0,"event_name":"Tomb of Lord Red Mask","floor":37,"gold_loss":0},{"damage_healed":0,"gold_gain":0,"player_choice":"Bought 0 Potions","damage_taken":0,"max_hp_gain":0,"max_hp_loss":0,"event_name":"The Woman in Blue","floor":42,"gold_loss":0},{"damage_healed":0,"gold_gain":0,"player_choice":"Ignored","damage_taken":0,"max_hp_gain":0,"max_hp_loss":0,"event_name":"Mysterious Sphere","floor":45,"gold_loss":0},{"damage_healed":0,"gold_gain":0,"player_choice":"Upgraded","damage_taken":0,"max_hp_gain":0,"max_hp_loss":0,"event_name":"Upgrade Shrine","floor":48,"gold_loss":0,"cards_upgraded":["Defragment"]}],"is_beta":false,"boss_relics":[{"not_picked":["Fusion Hammer","White Beast Statue"],"picked":"Sozu"},{"not_picked":["Black Star","Tiny House"],"picked":"Velvet Choker"}],"items_purged_floors":[2],"is_endless":false,"potions_floor_spawned":[1,5,14,18,25,30,40],"killed_by":"Awakened One","ascension_level":18}