{"gold_per_floor":[114,264,276,292,20,20,45,76,99,118,145,165,184,197,197,271,271,283,293,8,27,27],"floor_reached":22,"playtime":1008,"items_purged":["Doubt","Strike_R"],"score":333,"play_id":"f03d8a80-1341-46c8-8b7a-ee31ddee0b64","local_time":"20180822175547","is_ascension_mode":true,"campfire_choices":[{"data":"Armaments","floor":6,"key":"SMITH"},{"data":"Corruption","floor":15,"key":"SMITH"}],"neow_cost":"","seed_source_timestamp":87700395810406,"circlet_count":0,"master_deck":["Strike_R","Strike_R","Strike_R","Strike_R","Defend_R","Defend_R","Defend_R","Defend_R","Bash","AscendersBane","Infernal Blade","Thunderclap","Spot Weakness","Armaments+1","True Grit","Battle Trance","Dark Embrace","Corruption+1","Pummel","Pummel","Exhume","Dropkick","Flame Barrier","Feel No Pain","Cleave"],"relics":["Burning Blood","Bronze Scales","Odd Mushroom","Bag of Preparation","Anchor","Omamori","Mark of Pain","Red Skull"],"potions_floor_usage":[8,16,18,18],"damage_taken":[{"damage":6,"enemies":"Cultist","floor":1,"turns":3},{"damage":4,"enemies":"Jaw Worm","floor":3,"turns":4},{"damage":0,"enemies":"Small Slimes","floor":4,"turns":3},{"damage":33,"floor":7,"turns":4},{"damage":30,"enemies":"Lagavulin","floor":8,"turns":6},{"damage":1,"enemies":"Looter","floor":10,"turns":2},{"damage":0,"enemies":"2 Fungi Beasts","floor":12,"turns":3},{"damage":7,"enemies":"Red Slaver","floor":13,"turns":3},{"damage":10,"enemies":"Exordium Wildlife","floor":14,"turns":3},{"damage":14,"enemies":"Hexaghost","floor":16,"turns":6},{"damage":13,"enemies":"2 Thieves","floor":18,"turns":3},{"damage":1,"enemies":"3 Byrds","floor":19,"turns":3},{"damage":5,"enemies":"Centurion and Healer","floor":21,"turns":6},{"damage":61,"enemies":"3 Cultists","floor":22,"turns":4}],"seed_played":"6102388039291348009","potions_obtained":[{"floor":1,"key":"Ancient Potion"},{"floor":3,"key":"Fire Potion"},{"floor":12,"key":"Strength Potion"},{"floor":16,"key":"Fire Potion"},{"floor":19,"key":"SteroidPotion"}],"is_trial":false,"path_per_floor":["M","?","M","M","$","R","?","E","T","M","T","M","M","M","R","B",null,"M","M","$","M"],"character_chosen":"IRONCLAD","items_purchased":["Armaments","Bronze Scales","Feel No Pain","Red Skull"],"campfire_rested":0,"item_purchase_floors":[5,5,20,20],"current_hp_per_floor":[68,68,70,75,75,75,48,24,24,29,29,35,34,30,30,22,62,55,60,60,61,0],"gold":27,"neow_bonus":"","is_prod":false,"is_daily":false,"chose_seed":false,"campfire_upgraded":2,"win_rate":0,"timestamp":1534974947,"path_taken":["M","?","M","M","$","R","?","E","T","?","?","M","M","M","R","BOSS","M","M","$","M","?"],"build_version":"2018-08-16","purchased_purges":2,"victory":false,"max_hp_per_floor":[75,75,75,75,75,75,75,75,75,75,75,75,75,75,75,75,75,75,75,75,75,75],"card_choices":[{"not_picked":["Twin Strike","Burning Pact"],"picked":"Infernal Blade","floor":1},{"not_picked":["Rampage","Body Slam"],"picked":"Thunderclap","floor":3},{"not_picked":["Cleave","Thunderclap"],"picked":"Spot Weakness","floor":4},{"not_picked":["Dropkick","Heavy Blade"],"picked":"True Grit","floor":7},{"not_picked":["Uppercut","Carnage"],"picked":"Battle Trance","floor":8},{"not_picked":["Rupture","True Grit"],"picked":"Dark Embrace","floor":10},{"not_picked":["Havoc","Dual Wield"],"picked":"Corruption","floor":12},{"not_picked":["True Grit","Havoc"],"picked":"Pummel","floor":13},{"not_picked":["Body Slam","Clash"],"picked":"Pummel","floor":14},{"not_picked":["Double Tap","Juggernaut"],"picked":"Exhume","floor":16},{"not_picked":["Perfected Strike","Pommel Strike"],"picked":"Dropkick","floor":18},{"not_picked":["Perfected Strike","Heavy Blade"],"picked":"Flame Barrier","floor":19},{"not_picked":["Power Through","Warcry"],"picked":"Cleave","floor":21}],"player_experience":595479,"relics_obtained":[{"floor":7,"key":"Odd Mushroom"},{"floor":8,"key":"Bag of Preparation"},{"floor":9,"key":"Anchor"},{"floor":11,"key":"Omamori"}],"event_choices":[{"event_name":"Liars Game","player_choice":"agreed","floor":2,"damage_taken":0},{"event_name":"Mushrooms","player_choice":"Fought Mushrooms","floor":7,"damage_taken":0}],"is_beta":false,"boss_relics":[{"not_picked":["Philosopher\u0027s Stone","Coffee Dripper"],"picked":"Mark of Pain"}],"items_purged_floors":[5,20],"is_endless":false,"potions_floor_spawned":[1,3,7,12,13,16,19],"killed_by":"3 Cultists","ascension_level":15}