{"path_per_floor":["M","?","?","M","M","R","T","R","T","E","M","R","M","M","R","B",null,"M","?","?","M","?","R","E","M","T","$","R","?","M","M","R","B",null,"M","M","?","$","?"],"character_chosen":"IRONCLAD","items_purchased":["Barricade"],"gold_per_floor":[109,109,109,124,143,143,143,143,143,174,192,192,211,229,229,328,328,328,328,328,283,283,283,283,283,283,55,55,55,55,55,55,55,55,55,55,0,0,0,0],"floor_reached":40,"campfire_rested":0,"playtime":6603,"current_hp_per_floor":[88,88,93,93,88,88,88,88,88,86,92,92,93,90,90,42,93,87,87,65,57,57,57,42,37,37,37,37,37,47,65,65,57,65,42,39,39,39,39,0],"items_purged":["Defend_R"],"gold":0,"score":431,"play_id":"6f08a469-2696-4f84-9647-5d8f33692340","local_time":"20180519203151","is_prod":false,"is_daily":false,"chose_seed":false,"is_ascension_mode":false,"campfire_upgraded":7,"timestamp":1526758311,"campfire_choices":[{"data":"Whirlwind","floor":6.0,"key":"SMITH"},{"data":"Bash","floor":8.0,"key":"SMITH"},{"data":"Clash","floor":12.0,"key":"SMITH"},{"data":"Headbutt","floor":15.0,"key":"SMITH"},{"data":"Bite","floor":23.0,"key":"SMITH"},{"data":"Barricade","floor":28,"key":"SMITH"},{"data":"Armaments","floor":32,"key":"SMITH"}],"path_taken":["M","?","?","M","M","R","?","R","T","E","M","R","M","M","R","BOSS","M","?","?","M","?","R","E","M","T","$","R","?","M","M","R","BOSS","M","M","?","$","?","E"],"build_version":"2018-05-17","seed_source_timestamp":0,"purchased_purges":1,"victory":false,"master_deck":["Defend_R","Defend_R","Bash","Flex","Bash+1","Clash+1","Whirlwind+1","Headbutt+1","Ghostly Armor+1","Clash+1","Inflame","Bite+1","Bite","Bite","Bite","Bite","Pommel Strike+1","Armaments+1","Rampage","Barricade+1","Shrug It Off+1","Pommel Strike+1","Limit Break"],"max_hp_per_floor":[88,88,93,93,93,93,93,93,93,93,93,93,93,93,93,93,93,93,93,65,65,65,65,65,65,65,65,65,65,65,65,65,65,65,65,65,65,65,65,65],"relics":["Burning Blood","Letter Opener","Matryoshka","Boot","Ectoplasm","Charon\u0027s Ashes","Meat on the Bone","Molten Egg 2","White Beast Statue","Red Mask"],"card_choices":[{"not_picked":["Warcry","Sword Boomerang"],"picked":"Flex","floor":1.0},{"not_picked":["Disarm","Sword Boomerang"],"picked":"Whirlwind","floor":4.0},{"not_picked":["Perfected Strike","Twin Strike"],"picked":"Headbutt","floor":5.0},{"not_picked":["Berserk","Havoc","Burning Pact"],"picked":"SKIP","floor":10.0},{"not_picked":["Fire Breathing","Perfected Strike","Body Slam"],"picked":"SKIP","floor":11.0},{"not_picked":["Battle Trance","Flex"],"picked":"Ghostly Armor","floor":13.0},{"not_picked":["Disarm","Evolve","Anger"],"picked":"SKIP","floor":14.0},{"not_picked":["Flame Barrier","Havoc"],"picked":"Clash+1","floor":18.0},{"not_picked":["Fire Breathing+1","Cleave"],"picked":"Pommel Strike+1","floor":21.0},{"not_picked":["Combust","Intimidate"],"picked":"Armaments","floor":24.0},{"not_picked":["Inflame","Armaments"],"picked":"Rampage","floor":25},{"not_picked":["Rupture","Thunderclap+1"],"picked":"Shrug It Off+1","floor":30},{"not_picked":["Heavy Blade+1","Shockwave"],"picked":"Pommel Strike+1","floor":31},{"not_picked":["Feed+1","Berserk"],"picked":"Limit Break","floor":33},{"not_picked":["Sword Boomerang+1","Intimidate+1","Power Through+1"],"picked":"SKIP","floor":35},{"not_picked":["True Grit","Uppercut+1","Twin Strike+1"],"picked":"SKIP","floor":36}],"player_experience":78942,"potions_floor_usage":[31,33,33,40,40],"damage_taken":[{"damage":3.0,"enemies":"Small Slimes","floor":1.0,"turns":5.0},{"damage":6.0,"enemies":"Cultist","floor":4.0,"turns":3.0},{"damage":11.0,"enemies":"2 Louse","floor":5.0,"turns":2.0},{"damage":8.0,"enemies":"Gremlin Nob","floor":10.0,"turns":3.0},{"damage":0.0,"enemies":"Large Slime","floor":11.0,"turns":3.0},{"damage":5.0,"enemies":"Looter","floor":13.0,"turns":2.0},{"damage":9.0,"enemies":"Blue Slaver","floor":14.0,"turns":3.0},{"damage":54.0,"enemies":"Hexaghost","floor":16.0,"turns":8.0},{"damage":12.0,"enemies":"Shell Parasite","floor":18.0,"turns":4.0},{"damage":20.0,"enemies":"2 Thieves","floor":21.0,"turns":3.0},{"damage":32.0,"enemies":"Slavers","floor":24.0,"turns":4.0},{"damage":21,"enemies":"Snake Plant","floor":25,"turns":3},{"damage":25,"enemies":"Centurion and Healer","floor":30,"turns":5},{"damage":12,"enemies":"Cultist and Chosen","floor":31,"turns":5},{"damage":46,"enemies":"Collector","floor":33,"turns":11},{"damage":31,"enemies":"3 Shapes","floor":35,"turns":3},{"damage":15,"enemies":"Orb Walker","floor":36,"turns":3},{"damage":57,"enemies":"Giant Head","floor":40,"turns":8}],"relics_obtained":[{"floor":7.0,"key":"Letter Opener"},{"floor":9.0,"key":"Matryoshka"},{"floor":10.0,"key":"Boot"},{"floor":24.0,"key":"Charon\u0027s Ashes"},{"floor":26,"key":"Meat on the Bone"},{"floor":26,"key":"Molten Egg 2"}],"event_choices":[{"event_name":"Match and Keep!","player_choice":"2 cards matched","floor":2.0,"damage_taken":0.0},{"event_name":"Big Fish","player_choice":"Donut","floor":3.0,"damage_taken":0.0},{"event_name":"The Library","player_choice":"Read","floor":19.0,"damage_taken":0.0},{"event_name":"Vampires","player_choice":"Became a vampire","floor":20.0,"damage_taken":0.0},{"event_name":"Back to Basics","player_choice":"Elegance","floor":22.0,"damage_taken":0.0},{"event_name":"Drug Dealer","player_choice":"Ignored","floor":29,"damage_taken":0},{"event_name":"Tomb of Lord Red Mask","player_choice":"Paid","floor":37,"damage_taken":0},{"event_name":"Upgrade Shrine","player_choice":"Upgraded","floor":39,"damage_taken":0}],"boss_relics":[{"not_picked":["Runic Pyramid","Astrolabe"],"picked":"White Beast Statue"}],"potions_floor_spawned":[4,5,10,14,16,24,25,30,31,35,36],"seed_played":"-2398606569345447978","killed_by":"Giant Head","ascension_level":0,"potions_obtained":[{"floor":4.0,"key":"GamblersBrew"},{"floor":5.0,"key":"EssenceOfSteel"},{"floor":10.0,"key":"Poison Potion"},{"floor":14.0,"key":"EssenceOfSteel"},{"floor":16.0,"key":"Fire Potion"},{"floor":24.0,"key":"Regen Potion"},{"floor":31,"key":"Regen Potion"},{"floor":35,"key":"Fire Potion"},{"floor":36,"key":"SpeedPotion"}],"is_trial":false}