{"gold_per_floor":[112,139,152,152,119,150,150,165,165,181,200,200,200,216,216,316,316,335,335],"floor_reached":19,"playtime":848,"items_purged":[],"score":169,"play_id":"380c4fcb-90b2-4e9f-bb59-7a3be4b0ab58","local_time":"20190115151515","is_ascension_mode":false,"campfire_choices":[{"floor":7,"key":"REST"},{"floor":12,"key":"REST"},{"floor":15,"key":"REST"}],"neow_cost":"NONE","seed_source_timestamp":508816212777741,"circlet_count":0,"master_deck":["Strike_B","Strike_B","Defend_B","Defend_B","Defend_B","Defend_B","Zap","Dualcast","Loop","Steam","Fusion","Ball Lightning","Ball Lightning","White Noise","Conserve Battery","Defragment","Buffer","Leap+1"],"relics":["Cracked Core","Lantern","Ancient Tea Set","Darkstone Periapt","Nuclear Battery"],"potions_floor_usage":[16,19],"damage_taken":[{"damage":5,"enemies":"Cultist","floor":1,"turns":4},{"damage":1,"enemies":"Jaw Worm","floor":3,"turns":4},{"damage":49,"enemies":"3 Sentries","floor":6,"turns":12},{"damage":0,"enemies":"Small Slimes","floor":8,"turns":3},{"damage":7,"enemies":"2 Fungi Beasts","floor":10,"turns":3},{"damage":1,"enemies":"3 Louse","floor":11,"turns":3},{"damage":6,"enemies":"Exordium Wildlife","floor":14,"turns":3},{"damage":18,"enemies":"The Guardian","floor":16,"turns":8},{"damage":9,"enemies":"Spheric Guardian","floor":18,"turns":4},{"damage":83,"enemies":"Masked Bandits","floor":19,"turns":5}],"seed_played":"-3071984618177917553","potions_obtained":[{"floor":3,"key":"Energy Potion"},{"floor":8,"key":"GamblersBrew"},{"floor":10,"key":"EssenceOfSteel"},{"floor":14,"key":"EssenceOfSteel"}],"is_trial":false,"path_per_floor":["M","T","M","?","?","E","R","M","T","M","M","R","?","M","R","B",null,"M","?"],"character_chosen":"DEFECT","items_purchased":[],"campfire_rested":3,"item_purchase_floors":[],"current_hp_per_floor":[70,70,69,62,62,13,35,35,35,28,27,49,49,43,65,47,75,66,0],"gold":335,"neow_bonus":"TRANSFORM_CARD","is_prod":false,"is_daily":false,"chose_seed":false,"campfire_upgraded":0,"win_rate":0.0,"timestamp":1547583315,"path_taken":["M","?","M","?","?","E","R","M","T","M","M","R","?","M","R","BOSS","M","?"],"build_version":"2019-01-10","purchased_purges":0,"victory":false,"max_hp_per_floor":[75,75,75,75,75,75,75,75,75,75,75,75,75,75,75,75,75,75,75],"card_choices":[{"not_picked":["Coolheaded","Redo"],"picked":"Steam","floor":1},{"not_picked":["Redo","Loop"],"picked":"Fusion","floor":3},{"not_picked":["Steam Power","BootSequence"],"picked":"Ball Lightning","floor":6},{"not_picked":["Fusion","Consume"],"picked":"Ball Lightning","floor":8},{"not_picked":["Rip and Tear","Sweeping Beam"],"picked":"White Noise","floor":10},{"not_picked":["Capacitor","Beam Cell"],"picked":"Conserve Battery","floor":11},{"not_picked":["Sweeping Beam","Barrage"],"picked":"Defragment","floor":14},{"not_picked":["Meteor Strike","Creative AI"],"picked":"Buffer","floor":16},{"not_picked":["Rebound","Barrage"],"picked":"Leap+1","floor":18}],"player_experience":64340,"relics_obtained":[{"floor":2,"key":"Lantern"},{"floor":6,"key":"Ancient Tea Set"},{"floor":9,"key":"Darkstone Periapt"}],"event_choices":[{"cards_removed":["Strike_B"],"damage_healed":0,"gold_gain":0,"player_choice":"Card Removal","damage_taken":7,"max_hp_gain":0,"max_hp_loss":0,"event_name":"Golden Wing","floor":4,"gold_loss":0},{"damage_healed":0,"gold_gain":0,"player_choice":"Left Gold","damage_taken":0,"max_hp_gain":0,"max_hp_loss":0,"event_name":"World of Goop","floor":5,"gold_loss":33},{"damage_healed":0,"gold_gain":0,"player_choice":"Ignored","damage_taken":0,"max_hp_gain":0,"max_hp_loss":0,"event_name":"Shining Light","floor":13,"gold_loss":0},{"damage_healed":0,"gold_gain":0,"player_choice":"Fought Bandits","damage_taken":0,"max_hp_gain":0,"max_hp_loss":0,"event_name":"Masked Bandits","floor":19,"gold_loss":0}],"is_beta":false,"boss_relics":[{"not_picked":["White Beast Statue","Coffee Dripper"],"picked":"Nuclear Battery"}],"items_purged_floors":[],"is_endless":false,"potions_floor_spawned":[3,8,10,14],"killed_by":"Masked Bandits","ascension_level":0}