{"gold_per_floor":[117,127,143,143,143,143,171,187,243,43,43,58,58,78,78,157,157,168,184,184,184,134,134,134],"floor_reached":24,"playtime":647,"items_purged":["Strike_R"],"score":431,"play_id":"fcc1668a-5769-405d-ae5e-9c8ba4da3d79","local_time":"20180823235831","is_ascension_mode":true,"campfire_choices":[{"data":"Bash","floor":6,"key":"SMITH"},{"data":"Whirlwind","floor":13,"key":"SMITH"},{"data":"Mayhem","floor":15,"key":"SMITH"},{"data":"Armaments","floor":23,"key":"SMITH"}],"neow_cost":"PERCENT_DAMAGE","seed_source_timestamp":196227372985383,"circlet_count":0,"master_deck":["Strike_R","Strike_R","Strike_R","Defend_R","Defend_R","Defend_R","Defend_R","Bash+1","AscendersBane","Bludgeon+1","Headbutt","Cleave","Impervious","Whirlwind+1","Mayhem+1","Parasite","Iron Wave","Shrug It Off","Bludgeon","Armaments+1"],"relics":["Burning Blood","Centennial Puzzle","Tiny Chest","Mark of Pain","MutagenicStrength","Smiling Mask"],"potions_floor_usage":[16,16,24],"damage_taken":[{"damage":9,"enemies":"Jaw Worm","floor":1,"turns":3},{"damage":1,"enemies":"Cultist","floor":2,"turns":3},{"damage":10,"enemies":"Small Slimes","floor":3,"turns":2},{"damage":40,"enemies":"Lagavulin","floor":7,"turns":4},{"damage":9,"enemies":"2 Fungi Beasts","floor":8,"turns":3},{"damage":3,"enemies":"Blue Slaver","floor":12,"turns":2},{"damage":0,"enemies":"Large Slime","floor":14,"turns":3},{"damage":0,"enemies":"Slime Boss","floor":16,"turns":7},{"damage":2,"enemies":"Chosen","floor":18,"turns":3},{"damage":11,"enemies":"2 Thieves","floor":19,"turns":3},{"damage":63,"enemies":"Book of Stabbing","floor":24,"turns":5}],"seed_played":"-2172814147274122220","potions_obtained":[{"floor":2,"key":"FearPotion"},{"floor":3,"key":"PowerPotion"},{"floor":19,"key":"Regen Potion"}],"is_trial":false,"path_per_floor":["M","M","M","?","?","R","E","M","T","$","?","M","R","M","R","B",null,"M","M","?","T","$","R"],"character_chosen":"IRONCLAD","items_purchased":["Mayhem"],"campfire_rested":0,"item_purchase_floors":[10],"current_hp_per_floor":[47,52,48,48,48,48,14,11,11,11,29,32,32,38,38,44,67,71,66,66,66,66,66,17],"gold":134,"neow_bonus":"THREE_RARE_CARDS","is_prod":false,"is_daily":false,"chose_seed":false,"campfire_upgraded":4,"win_rate":0,"timestamp":1535083111,"path_taken":["M","M","M","?","?","R","E","M","T","$","?","M","R","M","R","BOSS","M","M","?","?","$","R","E"],"build_version":"2018-08-23v2","purchased_purges":1,"victory":false,"max_hp_per_floor":[75,75,75,75,75,75,75,75,75,75,75,75,75,75,75,75,75,75,75,75,75,75,75,75],"card_choices":[{"not_picked":["Fiend Fire","Exhume"],"picked":"Bludgeon","floor":0},{"not_picked":["Havoc","Feel No Pain","Sever Soul"],"picked":"SKIP","floor":1},{"not_picked":["Clash","Clothesline"],"picked":"Headbutt","floor":2},{"not_picked":["Warcry","Anger"],"picked":"Cleave","floor":3},{"not_picked":["Entrench","Havoc"],"picked":"Impervious","floor":7},{"not_picked":["Infernal Blade","Havoc"],"picked":"Whirlwind","floor":8},{"not_picked":["Fire Breathing","Pommel Strike"],"picked":"Iron Wave","floor":12},{"not_picked":["Rupture","Disarm"],"picked":"Shrug It Off","floor":14},{"not_picked":["Demon Form","Feed"],"picked":"Bludgeon","floor":16},{"not_picked":["Warcry","Twin Strike","Thunderclap"],"picked":"SKIP","floor":18},{"not_picked":["Sword Boomerang","Body Slam"],"picked":"Armaments","floor":19}],"player_experience":601157,"relics_obtained":[{"floor":7,"key":"Centennial Puzzle"},{"floor":9,"key":"Tiny Chest"},{"floor":21,"key":"Smiling Mask"}],"event_choices":[{"event_name":"Purifier","player_choice":"One Purge","floor":4,"damage_taken":0},{"event_name":"Living Wall","player_choice":"Grow","floor":5,"damage_taken":0},{"event_name":"Mushrooms","player_choice":"Healed and dodged fight","floor":11,"damage_taken":0},{"event_name":"Drug Dealer","player_choice":"Inject Mutagens","floor":20,"damage_taken":0}],"is_beta":false,"boss_relics":[{"not_picked":["Runic Pyramid","Snecko Eye"],"picked":"Mark of Pain"}],"items_purged_floors":[22],"is_endless":false,"potions_floor_spawned":[2,3,8,14,19],"killed_by":"Book of Stabbing","ascension_level":15}