{"path_per_floor":["M","M","?","M","M","R","M","R","T","R","M","R","M","M","R","B",null,"M","$"],"character_chosen":"IRONCLAD","items_purchased":["Mummified Hand"],"gold_per_floor":[11,31,31,46,64,64,84,84,84,84,102,102,118,133,133,238,238,256,1],"floor_reached":20,"campfire_rested":0,"playtime":962,"current_hp_per_floor":[70,70,70,74,36,36,39,39,39,39,45,45,48,60,60,16,64,22,22],"items_purged":[],"gold":1,"score":244,"play_id":"03eec757-19b4-4fae-8bd4-80b000aff712","is_prod":false,"is_daily":false,"is_ascension_mode":true,"campfire_upgraded":5,"path_taken":["M","M","?","M","M","R","M","R","T","R","M","R","M","M","R","BOSS","M","$","M"],"build_version":"2018-02-22-PROD1","purchased_purges":0,"victory":false,"master_deck":["Strike_R","Strike_R","Defend_R","Defend_R","Defend_R","Bash+1","Pommel Strike+1","Burning Pact","Body Slam+1","Reaper+1","Flame Barrier","Armaments+1","Juggernaut","Rampage+1","Thunderclap+1","Spot Weakness+1"],"max_hp_per_floor":[80,80,80,80,80,80,80,80,80,80,80,80,80,80,80,80,80,80,80],"relics":["Burning Blood","Calipers","Ginger","Astrolabe","Mummified Hand"],"card_choices":[{"not_picked":["Headbutt","Metallicize"],"picked":"Pommel Strike"},{"not_picked":["Warcry","Cleave"],"picked":"Burning Pact"},{"not_picked":["Burning Pact","Disarm"],"picked":"Body Slam"},{"not_picked":["Anger","Thunderclap"],"picked":"Reaper"},{"not_picked":["Disarm","Warcry"],"picked":"Flame Barrier"},{"not_picked":["Wild Strike","Headbutt"],"picked":"Armaments"},{"not_picked":["Barricade","Feed"],"picked":"Juggernaut"}],"player_experience":230483,"potions_floor_usage":[7,13,16,16,18],"damage_taken":[{"damage":8,"enemies":"2 Louse","floor":1,"turns":3},{"damage":6,"enemies":"Cultist","floor":2,"turns":3},{"damage":2,"enemies":"Jaw Worm","floor":4,"turns":3},{"damage":44,"enemies":"Exordium Thugs","floor":5,"turns":8},{"damage":3,"enemies":"2 Fungi Beasts","floor":7,"turns":4},{"damage":0,"enemies":"Gremlin Gang","floor":11,"turns":6},{"damage":10,"enemies":"Large Slime","floor":13,"turns":6},{"damage":9,"enemies":"3 Louse","floor":14,"turns":3},{"damage":95,"enemies":"Slime Boss","floor":16,"turns":20},{"damage":48,"enemies":"Spheric Guardian","floor":18,"turns":8},{"damage":34,"enemies":"Shell Parasite","floor":20,"turns":5}],"event_choices":[{"event_name":"Purifier","player_choice":"One Purge","floor":3,"damage_taken":0}],"boss_relics":[{"not_picked":["Pandora\u0027s Box","Lizard Tail"],"picked":"Astrolabe"}],"potions_floor_spawned":[5,11,13,14,16,18],"seed_played":"-8988831271235435765","killed_by":"Shell Parasite","ascension_level":9,"is_trial":false}