{"path_per_floor":["M","?","M","?","M","R","M","M","T","$","M","E","?","?","R","B",null,"M","M","?","M","$","E","?","M","T","E","M","M","R","M","R","B",null,"M","?","M","M","?","R","E","?","T","M","R","?","R","M","R"],"character_chosen":"THE_SILENT","items_purchased":["Vajra","Crippling Poison","Anchor","Caltrops"],"gold_per_floor":[117,117,131,131,146,146,164,184,184,0,19,44,99,99,99,201,201,219,238,238,250,21,55,55,75,75,407,417,431,431,445,445,544,544,561,561,579,598,647,647,682,682,707,721,721,691,691,707,707],"floor_reached":50,"campfire_rested":6,"playtime":4059,"current_hp_per_floor":[70,70,70,56,56,56,56,55,55,55,48,57,55,52,70,56,70,70,65,65,51,51,39,39,32,32,32,32,32,53,49,49,11,70,69,76,67,51,28,51,31,24,24,9,32,32,55,30,54],"items_purged":[],"gold":707,"score":566,"play_id":"07f12765-d889-4f9d-a803-5ed13ec595ac","is_prod":false,"is_daily":false,"is_ascension_mode":false,"campfire_upgraded":2,"path_taken":["M","?","M","?","M","R","M","M","T","?","?","E","?","?","R","BOSS","M","M","?","M","$","E","?","M","T","E","?","M","R","M","R","BOSS","M","?","M","?","?","R","E","?","T","M","R","?","R","M","R","BOSS"],"build_version":"2018-02-22-PROD2","purchased_purges":0,"victory":false,"master_deck":["Survivor","Neutralize","Predator+1","Adrenaline+1","Poisoned Stab","Cloak And Dagger","Cloak And Dagger","Crippling Poison","Escape Plan","Dagger Spray","Outmaneuver","After Image","Flying Knee","Backflip","Dodge and Roll","Slice","Expertise","Crippling Poison","Underhanded Strike","Sucker Punch","Skewer","Choke","Dodge and Roll","Dagger Spray","Caltrops","Escape Plan","Caltrops","Concentrate+1","Terror+1","Adrenaline+1","Caltrops","Escape Plan","Prepared+1","Phantasmal Killer","Deadly Poison+1","Normality","Infinite Blades","Terror+1","Infinite Blades"],"max_hp_per_floor":[70,70,70,70,70,70,70,70,70,70,70,70,70,70,70,70,70,70,70,70,70,70,70,70,70,70,70,70,70,70,70,70,70,70,70,77,77,77,77,77,77,77,77,79,79,79,79,81,81],"relics":["Runic Dome","Unceasing Top","Vajra","Whetstone","Lantern","Bronze Scales","Pandora\u0027s Box","Anchor","Tough Bandages","Dead Branch","Old Coin","Lizard Tail","Strawberry","Ginger","Snake Skull","Singing Bowl"],"card_choices":[{"not_picked":["Underhanded Strike","Slice"],"picked":"Predator"},{"not_picked":["Quick Slash","Bane"],"picked":"Adrenaline"},{"not_picked":["Underhanded Strike","Expertise"],"picked":"Poisoned Stab"},{"not_picked":["Flying Knee","All Out Attack"],"picked":"Cloak And Dagger"},{"not_picked":["Quick Slash","Underhanded Strike"],"picked":"Cloak And Dagger"},{"not_picked":["Cloak And Dagger","Quick Slash"],"picked":"Escape Plan"},{"not_picked":["Adrenaline","Outmaneuver"],"picked":"Dagger Spray"},{"not_picked":["Underhanded Strike","Deadly Poison"],"picked":"Outmaneuver"},{"not_picked":["A Thousand Cuts","Burst"],"picked":"After Image"},{"not_picked":["Dagger Throw","Prepared"],"picked":"Dodge and Roll"},{"not_picked":["Deadly Poison","Deflect"],"picked":"Dagger Spray"},{"not_picked":["Outmaneuver","Quick Slash"],"picked":"Escape Plan"},{"not_picked":["Reflex","Dash"],"picked":"Concentrate"},{"not_picked":["Corpse Explosion","Deflect"],"picked":"Terror"},{"not_picked":["Flechettes","Reflex"],"picked":"Adrenaline"},{"not_picked":["Dagger Spray","Cloak And Dagger"],"picked":"Caltrops"},{"not_picked":["Riddle With Holes","Poisoned Stab"],"picked":"Escape Plan"},{"not_picked":["Dodge and Roll","Dagger Spray"],"picked":"Prepared"},{"not_picked":["Corpse Explosion","Night Terror"],"picked":"Phantasmal Killer"},{"not_picked":["Bane","Finisher"],"picked":"Deadly Poison"},{"not_picked":["Dash","Bane"],"picked":"Infinite Blades"},{"not_picked":["Underhanded Strike","PiercingWail"],"picked":"Terror"},{"not_picked":["Malaise","Dagger Spray"],"picked":"Infinite Blades"}],"player_experience":163035,"potions_floor_usage":[12,12,12,16,21,23,23,25,31,35,38,38,41,48,48,48],"damage_taken":[{"damage":0,"enemies":"Jaw Worm","floor":1,"turns":4},{"damage":0,"enemies":"Cultist","floor":3,"turns":3},{"damage":0,"enemies":"Small Slimes","floor":5,"turns":2},{"damage":0,"enemies":"Blue Slaver","floor":7,"turns":2},{"damage":1,"enemies":"Exordium Wildlife","floor":8,"turns":4},{"damage":7,"enemies":"Gremlin Gang","floor":11,"turns":4},{"damage":0,"enemies":"Gremlin Nob","floor":12,"turns":4},{"damage":2,"enemies":"3 Sentries","floor":13,"turns":4},{"damage":14,"enemies":"Slime Boss","floor":16,"turns":7},{"damage":0,"enemies":"Shell Parasite","floor":18,"turns":3},{"damage":5,"enemies":"3 Byrds","floor":19,"turns":3},{"damage":14,"enemies":"Sentry and Sphere","floor":21,"turns":4},{"damage":12,"enemies":"Book of Stabbing","floor":23,"turns":4},{"damage":7,"enemies":"Snecko","floor":25,"turns":3},{"damage":0,"enemies":"Gremlin Leader","floor":27,"turns":5},{"damage":0,"enemies":"Snake Plant","floor":28,"turns":3},{"damage":0,"enemies":"Cultist and Chosen","floor":29,"turns":5},{"damage":4,"enemies":"3 Cultists","floor":31,"turns":4},{"damage":38,"enemies":"Champ","floor":33,"turns":9},{"damage":1,"enemies":"Orb Walker","floor":35,"turns":3},{"damage":9,"enemies":"3 Darklings","floor":37,"turns":5},{"damage":16,"enemies":"Maw","floor":38,"turns":6},{"damage":23,"enemies":"Mysterious Sphere","floor":39,"turns":4},{"damage":20,"enemies":"Giant Head","floor":41,"turns":8},{"damage":17,"enemies":"Sphere and 2 Shapes","floor":44,"turns":4},{"damage":36,"enemies":"4 Shapes","floor":48,"turns":4},{"damage":94,"enemies":"Time Eater","floor":50,"turns":9}],"event_choices":[{"event_name":"The Lab","player_choice":"Got Potions","floor":2,"damage_taken":0},{"event_name":"Shining Light","player_choice":"Entered Light","floor":4,"damage_taken":0},{"event_name":"Dead Adventurer","player_choice":"Searched \u00271\u0027 times","floor":13,"damage_taken":0},{"event_name":"Scrap Ooze","player_choice":"success","floor":14,"damage_taken":3},{"event_name":"The Library","player_choice":"Read","floor":20,"damage_taken":0},{"event_name":"Vampires","player_choice":"Ignored","floor":24,"damage_taken":0},{"event_name":"Accursed Blacksmith","player_choice":"Rummage","floor":36,"damage_taken":0},{"event_name":"Mysterious Sphere","player_choice":"Fight","floor":39,"damage_taken":0},{"event_name":"Wheel of Change","player_choice":"Damage","floor":42,"damage_taken":0},{"event_name":"The Woman in Blue","player_choice":"Bought 2 Potions","floor":46,"damage_taken":0}],"boss_relics":[{"not_picked":["Calling Bell","Ectoplasm"],"picked":"Pandora\u0027s Box"},{"not_picked":["Snecko Eye","Orrery"],"picked":"Lizard Tail"}],"potions_floor_spawned":[3,5,12,13,18,19,23,27,33,37,39,44],"seed_played":"-7243811874827839555","killed_by":"Time Eater","ascension_level":0,"is_trial":false}