{"gold_per_floor":[114,164,239,339,64,90,101,126,176,191,224,21,21,40,40,40],"floor_reached":16,"playtime":631,"items_purged":["Strike_G"],"score":207,"play_id":"f941c1d8-d5ad-4355-b115-d82ebe6285b5","local_time":"20180719220701","is_ascension_mode":true,"campfire_choices":[{"data":"Wraith Form v2","floor":15,"key":"SMITH"}],"neow_cost":"NONE","seed_source_timestamp":485278253449603,"circlet_count":0,"master_deck":["Defend_G","Defend_G","Defend_G","Defend_G","Defend_G","Strike_G","Strike_G+1","Strike_G","Strike_G","Survivor","Neutralize","AscendersBane","Underhanded Strike+1","Blur","Dagger Throw","Wraith Form v2+1","Deflect"],"relics":["Runic Pyramid","Vajra","Whetstone","Mercury Hourglass","Boot","Molten Egg 2","OrangePellets"],"potions_floor_usage":[6,8,16],"damage_taken":[{"damage":1,"enemies":"Jaw Worm","floor":1,"turns":5},{"damage":20,"enemies":"Gremlin Nob","floor":6,"turns":5},{"damage":0,"enemies":"Cultist","floor":7,"turns":3},{"damage":4,"enemies":"3 Sentries","floor":8,"turns":11},{"damage":0,"enemies":"2 Louse","floor":10,"turns":2},{"damage":20,"enemies":"Gremlin Nob","floor":11,"turns":4},{"damage":0,"enemies":"Large Slime","floor":14,"turns":4},{"damage":12,"enemies":"Hexaghost","floor":16,"turns":10}],"seed_played":"-5593540526520603865","potions_obtained":[{"floor":6,"key":"Energy Potion"},{"floor":11,"key":"Ancient Potion"},{"floor":14,"key":"FairyPotion"}],"is_trial":false,"path_per_floor":["M","?","?","?","$","E","M","E","T","M","E","$","$","M","R"],"character_chosen":"THE_SILENT","items_purchased":["Vajra","Block Potion","OrangePellets"],"campfire_rested":0,"item_purchase_floors":[5,5,12],"current_hp_per_floor":[58,58,47,47,47,27,27,23,23,23,3,3,3,3,3,0],"gold":40,"neow_bonus":"BOSS_RELIC","is_prod":false,"is_daily":false,"chose_seed":false,"campfire_upgraded":1,"win_rate":0,"timestamp":1532052421,"path_taken":["M","?","?","?","$","E","M","E","T","M","E","?","$","M","R","BOSS"],"build_version":"2018-07-19","purchased_purges":1,"victory":false,"max_hp_per_floor":[66,66,66,66,66,66,66,66,66,66,66,66,66,66,66,66],"card_choices":[{"not_picked":["Acrobatics","Prepared"],"picked":"Underhanded Strike","floor":1},{"not_picked":["Flying Knee","Accuracy"],"picked":"Blur","floor":6},{"not_picked":["Noxious Fumes","Poisoned Stab","Eviscerate"],"picked":"SKIP","floor":7},{"not_picked":["Slice","Cloak And Dagger"],"picked":"Dagger Throw","floor":8},{"not_picked":["Infinite Blades","Sucker Punch","Choke"],"picked":"SKIP","floor":10},{"not_picked":["Flying Knee","Concentrate"],"picked":"Wraith Form v2","floor":11},{"not_picked":["Flying Knee+1","PiercingWail"],"picked":"Deflect","floor":14}],"player_experience":497460,"relics_obtained":[{"floor":6,"key":"Whetstone"},{"floor":8,"key":"Mercury Hourglass"},{"floor":9,"key":"Boot"},{"floor":11,"key":"Molten Egg 2"}],"event_choices":[{"event_name":"Golden Shrine","player_choice":"Pray","floor":2,"damage_taken":0},{"event_name":"World of Goop","player_choice":"Gather Gold","floor":3,"damage_taken":0},{"event_name":"Wheel of Change","player_choice":"Gold","floor":4,"damage_taken":0}],"is_beta":false,"boss_relics":[],"items_purged_floors":[5],"is_endless":false,"potions_floor_spawned":[6,11,14],"killed_by":"Hexaghost","ascension_level":15}