{"gold_per_floor":[109,109,134,134,152,152,152,175,175,193,193,227,252,295,295,295],"floor_reached":16,"playtime":739,"items_purged":[],"score":224,"play_id":"3d11fad4-a5e2-4b84-8da6-f2894ccf9e79","local_time":"20181024204548","is_ascension_mode":true,"campfire_choices":[{"data":"Zap","floor":6,"key":"SMITH"},{"data":"Multi-Cast","floor":11,"key":"SMITH"},{"data":"Go for the Eyes","floor":15,"key":"SMITH"}],"neow_cost":"NONE","seed_source_timestamp":1297534078386869,"circlet_count":0,"master_deck":["Strike_B","Strike_B","Strike_B","Strike_B","Defend_B","Defend_B","Defend_B","Defend_B","Zap+1","Dualcast","AscendersBane","Sweeping Beam+1","Conserve Battery","Compile Driver","Rebound","Multi-Cast+1","Cold Snap","Leap","Go for the Eyes+1"],"relics":["Cracked Core","Anchor","Golden Idol","Cables","Sundial","Question Card"],"potions_floor_usage":[8,14,14],"damage_taken":[{"damage":2,"enemies":"Jaw Worm","floor":1,"turns":3},{"damage":3,"enemies":"Small Slimes","floor":3,"turns":3},{"damage":0,"enemies":"2 Louse","floor":5,"turns":2},{"damage":10,"enemies":"Exordium Wildlife","floor":8,"turns":4},{"damage":1,"enemies":"Large Slime","floor":10,"turns":4},{"damage":15,"enemies":"3 Sentries","floor":12,"turns":5},{"damage":0,"enemies":"Red Slaver","floor":13,"turns":3},{"damage":5,"enemies":"Gremlin Nob","floor":14,"turns":3},{"damage":40,"enemies":"Hexaghost","floor":16,"turns":12}],"seed_played":"8207050249301437914","potions_obtained":[{"floor":3,"key":"Regen Potion"},{"floor":5,"key":"FocusPotion"},{"floor":12,"key":"SkillPotion"}],"is_trial":false,"path_per_floor":["M","?","M","?","M","R","?","M","T","M","R","E","M","E","R"],"character_chosen":"DEFECT","items_purchased":[],"campfire_rested":0,"item_purchase_floors":[],"current_hp_per_floor":[62,62,59,59,59,59,59,59,59,58,58,43,43,38,38,0],"gold":295,"neow_bonus":"RANDOM_COMMON_RELIC","is_prod":false,"is_daily":false,"chose_seed":false,"campfire_upgraded":3,"win_rate":0,"timestamp":1540428348,"path_taken":["M","?","M","?","M","R","?","M","T","?","R","E","M","E","R","BOSS"],"build_version":"2018-10-18","purchased_purges":0,"victory":false,"max_hp_per_floor":[71,64,64,64,64,64,64,64,64,64,64,64,64,64,64,64],"card_choices":[{"not_picked":["Leap","Redo"],"picked":"Sweeping Beam","floor":1},{"not_picked":["Go for the Eyes","Turbo"],"picked":"Conserve Battery","floor":3},{"not_picked":["BootSequence","Reprogram"],"picked":"Compile Driver","floor":5},{"not_picked":["Sweeping Beam","Conserve Battery"],"picked":"Rebound","floor":8},{"not_picked":["Double Energy","Redo"],"picked":"Multi-Cast","floor":10},{"not_picked":["Coolheaded","Steam"],"picked":"Cold Snap","floor":12},{"not_picked":["Blizzard","Gash"],"picked":"Leap","floor":13},{"not_picked":["Beam Cell","Leap"],"picked":"Go for the Eyes","floor":14}],"player_experience":817574,"relics_obtained":[{"floor":9,"key":"Cables"},{"floor":12,"key":"Sundial"},{"floor":14,"key":"Question Card"}],"event_choices":[{"damage_healed":0,"gold_gain":0,"player_choice":"Lose Max HP","damage_taken":0,"relics_obtained":["Golden Idol"],"max_hp_gain":0,"max_hp_loss":7,"event_name":"Golden Idol","floor":2,"gold_loss":0},{"damage_healed":0,"gold_gain":0,"player_choice":"Grow","damage_taken":0,"max_hp_gain":0,"max_hp_loss":0,"event_name":"Living Wall","floor":4,"gold_loss":0,"cards_upgraded":["Sweeping Beam"]},{"damage_healed":0,"gold_gain":0,"player_choice":"Got Potions","damage_taken":0,"max_hp_gain":0,"max_hp_loss":0,"event_name":"The Lab","floor":7,"gold_loss":0}],"is_beta":false,"boss_relics":[],"items_purged_floors":[],"is_endless":false,"potions_floor_spawned":[3,5,12],"killed_by":"Hexaghost","ascension_level":20}