{"gold_per_floor":[110,122,141,157,168,201,376,14,62,142,175,175,190,190],"floor_reached":14,"playtime":648,"items_purged":["Doubt"],"score":153,"play_id":"a892c2f6-c2a6-4690-8f34-6af9f174d439","local_time":"20190221182633","is_ascension_mode":true,"campfire_choices":[{"floor":12,"key":"REST"}],"neow_cost":"NONE","seed_source_timestamp":756124093286320,"circlet_count":0,"master_deck":["AscendersBane","Defend_G","Defend_G","Defend_G","Defend_G","Defend_G","Strike_G","Strike_G","Strike_G","Strike_G","Strike_G","Survivor","Neutralize","Poisoned Stab","PiercingWail","Poisoned Stab","Poisoned Stab","PiercingWail","Distraction","Backflip","Corpse Explosion","Dash","Prepared","Crippling Poison","Deflect"],"relics":["Black Star","Dead Branch","Shuriken","Happy Flower","Letter Opener","Oddly Smooth Stone","Dream Catcher"],"potions_floor_usage":[4,11,11,14,14],"damage_taken":[{"damage":0,"enemies":"Cultist","floor":1,"turns":4},{"damage":1,"enemies":"2 Louse","floor":2,"turns":3},{"damage":4,"enemies":"Jaw Worm","floor":3,"turns":5},{"damage":8,"enemies":"Large Slime","floor":4,"turns":6},{"damage":7,"enemies":"Blue Slaver","floor":5,"turns":4},{"damage":38,"enemies":"Gremlin Nob","floor":6,"turns":5},{"damage":3,"enemies":"3 Sentries","floor":11,"turns":7},{"damage":4,"enemies":"Exordium Thugs","floor":13,"turns":5},{"damage":20,"enemies":"Lagavulin","floor":14,"turns":7}],"seed_played":"-4776281458391750821","potions_obtained":[{"floor":3,"key":"AttackPotion"},{"floor":6,"key":"SteroidPotion"},{"floor":11,"key":"SneckoOil"},{"floor":13,"key":"Weak Potion"}],"is_trial":false,"path_per_floor":["M","M","M","M","M","E","?","$","T","T","E","R","M","E"],"character_chosen":"THE_SILENT","items_purchased":["Backflip","Corpse Explosion","Dash","Dexterity Potion"],"campfire_rested":1,"item_purchase_floors":[8,8,8,8],"current_hp_per_floor":[63,62,58,50,43,5,5,5,5,5,2,23,19,0],"gold":190,"neow_bonus":"BOSS_RELIC","is_prod":false,"is_daily":false,"chose_seed":false,"campfire_upgraded":0,"win_rate":0,"timestamp":1550791593,"path_taken":["M","?","M","M","M","E","?","$","T","?","E","R","M","E"],"build_version":"2019-01-23","purchased_purges":1,"victory":false,"max_hp_per_floor":[70,70,70,70,70,70,70,70,70,70,70,70,70,70],"card_choices":[{"not_picked":["Sucker Punch","Bane"],"picked":"Poisoned Stab","floor":1},{"not_picked":["Bane","Endless Agony"],"picked":"PiercingWail","floor":2},{"not_picked":["Outmaneuver","Underhanded Strike"],"picked":"Poisoned Stab","floor":3},{"not_picked":["Accuracy","Dodge and Roll"],"picked":"Poisoned Stab","floor":4},{"not_picked":["Dagger Throw","Riddle With Holes"],"picked":"PiercingWail","floor":5},{"not_picked":["Slice","Acrobatics"],"picked":"Distraction","floor":6},{"not_picked":["Deadly Poison","Night Terror"],"picked":"Prepared","floor":11},{"not_picked":["Acrobatics","Riddle With Holes"],"picked":"Crippling Poison","floor":12},{"not_picked":["Blade Dance","Flechettes"],"picked":"Deflect","floor":13}],"player_experience":338935,"relics_obtained":[{"floor":6,"key":"Dead Branch"},{"floor":6,"key":"Shuriken"},{"floor":9,"key":"Happy Flower"},{"floor":10,"key":"Letter Opener"},{"floor":11,"key":"Oddly Smooth Stone"},{"floor":11,"key":"Dream Catcher"}],"event_choices":[{"damage_healed":0,"gold_gain":175,"player_choice":"AGREE","damage_taken":0,"max_hp_gain":0,"max_hp_loss":0,"event_name":"Liars Game","floor":7,"gold_loss":0,"cards_obtained":["Doubt"]}],"is_beta":false,"boss_relics":[],"items_purged_floors":[8],"is_endless":false,"potions_floor_spawned":[3,6,11,13],"killed_by":"Lagavulin","ascension_level":10}