{"gold_per_floor":[117,117,19,38,51,112,112,122,122,122,122,133,145,155,155,253,253,271,370,388,388,401,401,401],"floor_reached":24,"playtime":1077,"items_purged":[],"score":270,"play_id":"8918334a-ab5e-4a31-9641-6974dad64968","local_time":"20190120090737","is_ascension_mode":true,"campfire_choices":[{"data":"Zap","floor":7,"key":"SMITH"},{"floor":11,"key":"REST"},{"floor":15,"key":"REST"},{"floor":23,"key":"REST"}],"neow_cost":"NONE","seed_source_timestamp":229048088398709,"circlet_count":0,"master_deck":["Strike_B","Strike_B","Defend_B","Defend_B","Defend_B","Defend_B","Zap+1","Dualcast","Steam Power","Hologram","Chill","Turbo","FTL","Echo Form","Hologram","Cold Snap","Defragment","Seek","White Noise","Heatsinks","Electrodynamics","Stack","Glacier","Steam","Auto Shields"],"relics":["Cracked Core","NeowsBlessing","Tiny Chest","Dream Catcher","Runic Pyramid","Peace Pipe"],"potions_floor_usage":[16],"damage_taken":[{"damage":0,"enemies":"Jaw Worm","floor":1,"turns":1},{"damage":0,"enemies":"Cultist","floor":4,"turns":1},{"damage":0,"enemies":"2 Louse","floor":5,"turns":1},{"damage":47,"enemies":"Lagavulin","floor":6,"turns":10},{"damage":2,"enemies":"Exordium Wildlife","floor":8,"turns":6},{"damage":10,"enemies":"Lots of Slimes","floor":12,"turns":4},{"damage":1,"enemies":"Looter","floor":13,"turns":2},{"damage":2,"enemies":"Exordium Wildlife","floor":14,"turns":4},{"damage":17,"enemies":"Slime Boss","floor":16,"turns":8},{"damage":28,"enemies":"2 Thieves","floor":18,"turns":4},{"damage":9,"enemies":"3 Byrds","floor":20,"turns":2},{"damage":20,"enemies":"Cultist and Chosen","floor":22,"turns":9},{"damage":31,"enemies":"Slavers","floor":24,"turns":3}],"seed_played":"-7418071599289760006","potions_obtained":[{"floor":8,"key":"Ancient Potion"},{"floor":13,"key":"Dexterity Potion"},{"floor":14,"key":"EssenceOfSteel"},{"floor":16,"key":"Poison Potion"}],"is_trial":false,"path_per_floor":["M","?","$","M","M","E","R","M","T","?","R","M","M","M","R","B",null,"M","?","M","T","M","R","E"],"character_chosen":"DEFECT","items_purchased":["Hologram","Chill"],"campfire_rested":3,"item_purchase_floors":[3,3],"current_hp_per_floor":[68,68,68,68,68,21,21,19,19,12,34,24,23,21,43,26,63,35,35,26,26,6,28,0],"gold":401,"neow_bonus":"THREE_ENEMY_KILL","is_prod":false,"is_daily":false,"chose_seed":false,"campfire_upgraded":1,"win_rate":0,"timestamp":1547993257,"path_taken":["M","?","?","M","M","E","R","?","T","?","R","M","M","M","R","BOSS","M","?","M","?","?","R","E"],"build_version":"2019-01-17v2","purchased_purges":0,"victory":false,"max_hp_per_floor":[75,75,75,75,75,75,75,75,75,75,75,75,75,75,75,75,75,75,75,75,75,75,75,75],"card_choices":[{"not_picked":["Gash","Redo"],"picked":"Steam Power","floor":1},{"not_picked":["Coolheaded","Go for the Eyes"],"picked":"Turbo","floor":4},{"not_picked":["Lockon","Loop"],"picked":"FTL","floor":5},{"not_picked":["Lockon","Stack"],"picked":"Echo Form","floor":6},{"not_picked":["Rebound","Streamline"],"picked":"Hologram","floor":8},{"not_picked":["Doom and Gloom","Undo"],"picked":"Cold Snap","floor":11},{"not_picked":["Sunder","Darkness"],"picked":"Defragment","floor":12},{"not_picked":["Skim","Defragment"],"picked":"Seek","floor":13},{"not_picked":["Darkness","Streamline"],"picked":"White Noise","floor":14},{"not_picked":["Stack","Barrage"],"picked":"Heatsinks","floor":15},{"not_picked":["Biased Cognition","Meteor Strike"],"picked":"Electrodynamics","floor":16},{"not_picked":["Tempest","Compile Driver"],"picked":"Stack","floor":18},{"not_picked":["Compile Driver","Recycle+1"],"picked":"Glacier","floor":20},{"not_picked":["Cold Snap","Steam Power"],"picked":"Steam","floor":22},{"not_picked":["Compile Driver","Ball Lightning"],"picked":"Auto Shields","floor":23}],"player_experience":199320,"relics_obtained":[{"floor":6,"key":"Tiny Chest"},{"floor":9,"key":"Dream Catcher"},{"floor":21,"key":"Peace Pipe"}],"event_choices":[{"cards_removed":["Strike_B"],"damage_healed":0,"gold_gain":0,"player_choice":"Offered Basic","damage_taken":0,"max_hp_gain":0,"max_hp_loss":0,"event_name":"Bonfire Elementals","floor":2,"gold_loss":0},{"cards_removed":["Strike_B"],"damage_healed":0,"gold_gain":0,"player_choice":"Card Removal","damage_taken":7,"max_hp_gain":0,"max_hp_loss":0,"event_name":"Golden Wing","floor":10,"gold_loss":0},{"damage_healed":0,"gold_gain":99,"player_choice":"Stole From Cult","damage_taken":0,"max_hp_gain":0,"max_hp_loss":0,"event_name":"Nest","floor":19,"gold_loss":0}],"is_beta":false,"boss_relics":[{"not_picked":["Nuclear Battery","Astrolabe"],"picked":"Runic Pyramid"}],"items_purged_floors":[],"is_endless":false,"potions_floor_spawned":[8,13,14,16],"killed_by":"Slavers","ascension_level":7}