{"path_per_floor":["M","T","M","M","M","R","E","R","T","M","?","M","R","E","R","B",null,"M","$","?","$","?","R","?","R","T","M","?","R","M","M","R","B",null,"M","?","$","M","M","R","E","M","T","R","M","R","M","?","R","B"],"character_chosen":"THE_SILENT","items_purchased":["Footwork","Footwork","Flying Knee"],"gold_per_floor":[113,162,176,195,210,210,240,240,240,250,250,268,268,297,297,399,399,419,310,225,1,1,1,1,1,1,13,13,13,32,44,44,149,149,159,159,34,50,70,70,95,108,108,108,123,123,138,138,138,138],"floor_reached":51,"campfire_rested":5,"playtime":4105,"current_hp_per_floor":[62,62,55,55,36,36,30,30,30,30,53,53,53,40,40,27,59,59,59,59,59,59,59,59,59,59,41,41,41,41,24,44,5,52,41,41,41,35,29,49,49,9,9,29,26,46,48,48,67,16],"items_purged":["Parasite","Strike_G","Strike_G"],"gold":138,"score":794,"play_id":"63166a49-75d9-42ca-884d-32ca00f52b16","is_prod":false,"is_daily":false,"is_ascension_mode":true,"campfire_upgraded":5,"path_taken":["M","?","M","M","M","R","E","R","T","M","?","?","R","E","R","BOSS","M","$","?","$","?","R","?","R","T","?","?","R","M","?","R","BOSS","M","?","$","M","M","R","E","M","T","R","M","R","M","?","R","BOSS"],"build_version":"2018-02-22-PROD2","purchased_purges":3,"victory":true,"master_deck":["Defend_G","Defend_G","Defend_G","Defend_G","Strike_G","Survivor","Neutralize+1","Well Laid Plans+1","Backflip","Malaise+1","Predator","Dodge and Roll+1","Backflip","Outmaneuver+1","Dodge and Roll","Skewer+1","PiercingWail","Caltrops+1","A Thousand Cuts","Footwork","Footwork","Flying Knee","Acrobatics","Backflip+1","Caltrops+1","Burst","Eviscerate+1","PiercingWail+1","Tools of the Trade+1","Prepared+1"],"max_hp_per_floor":[70,70,70,70,70,70,70,70,70,70,70,70,70,70,70,70,70,70,67,67,67,67,67,67,67,67,67,67,67,67,67,67,67,67,67,67,67,67,67,67,67,67,67,67,67,67,67,67,67,67],"relics":["Orrery","Art of War","Ornamental Fan","Bronze Scales","Bag of Preparation","Sozu","Shovel","Pen Nib","Lantern","War Paint","Astrolabe","Blood Vial","Ice Cream"],"card_choices":[{"not_picked":["Sucker Punch","After Image"],"picked":"Well Laid Plans"},{"not_picked":["Deflect","Flechettes"],"picked":"Backflip"},{"not_picked":["Bane","Deadly Poison"],"picked":"Malaise"},{"not_picked":["Cloak And Dagger","Distraction"],"picked":"Predator"},{"not_picked":["Prepared","Eviscerate"],"picked":"Dodge and Roll"},{"not_picked":["Cloak And Dagger","Underhanded Strike"],"picked":"Backflip"},{"not_picked":["Blade Dance","Predator"],"picked":"Outmaneuver"},{"not_picked":["Flechettes","Riddle With Holes"],"picked":"Dodge and Roll"},{"not_picked":["Choke","Catalyst"],"picked":"Skewer"},{"not_picked":["Endless Agony","Accuracy"],"picked":"PiercingWail"},{"not_picked":["Blade Dance","Deadly Poison"],"picked":"Caltrops"},{"not_picked":["Wraith Form","Bullet Time"],"picked":"A Thousand Cuts"},{"not_picked":["Deflect","Setup"],"picked":"Backflip"},{"not_picked":["Poisoned Stab","Quick Slash"],"picked":"Caltrops"},{"not_picked":["Adrenaline","Night Terror"],"picked":"Burst"},{"not_picked":["All Out Attack","Bouncing Flask"],"picked":"Prepared"}],"player_experience":294801,"potions_floor_usage":[5,7,16,31],"damage_taken":[{"damage":1,"enemies":"Cultist","floor":1,"turns":5},{"damage":7,"enemies":"Jaw Worm","floor":3,"turns":6},{"damage":0,"enemies":"2 Louse","floor":4,"turns":2},{"damage":19,"enemies":"Gremlin Gang","floor":5,"turns":7},{"damage":6,"enemies":"3 Sentries","floor":7,"turns":12},{"damage":0,"enemies":"3 Louse","floor":10,"turns":4},{"damage":0,"enemies":"Blue Slaver","floor":12,"turns":4},{"damage":13,"enemies":"Gremlin Nob","floor":14,"turns":4},{"damage":13,"enemies":"Hexaghost","floor":16,"turns":9},{"damage":0,"enemies":"Shell Parasite","floor":18,"turns":4},{"damage":18,"enemies":"Chosen","floor":27,"turns":9},{"damage":0,"enemies":"Centurion and Healer","floor":30,"turns":6},{"damage":17,"enemies":"Cultist and Chosen","floor":31,"turns":8},{"damage":39,"enemies":"Automaton","floor":33,"turns":14},{"damage":11,"enemies":"3 Shapes","floor":35,"turns":6},{"damage":6,"enemies":"3 Darklings","floor":38,"turns":8},{"damage":6,"enemies":"Maw","floor":39,"turns":9},{"damage":0,"enemies":"Nemesis","floor":41,"turns":11},{"damage":42,"enemies":"Sphere and 2 Shapes","floor":42,"turns":8},{"damage":5,"enemies":"3 Darklings","floor":45,"turns":6},{"damage":0,"enemies":"4 Shapes","floor":47,"turns":8},{"damage":51,"enemies":"Time Eater","floor":50,"turns":11}],"event_choices":[{"event_name":"Big Fish","player_choice":"Banana","floor":11,"damage_taken":0},{"event_name":"Addict","player_choice":"Obtained Relic","floor":20,"damage_taken":0},{"event_name":"N\u0027loth","player_choice":"Ignored","floor":22,"damage_taken":0},{"event_name":"The Library","player_choice":"Read","floor":24,"damage_taken":0},{"event_name":"Drug Dealer","player_choice":"Ignored","floor":28,"damage_taken":0},{"event_name":"Mysterious Sphere","player_choice":"Ignore","floor":36,"damage_taken":0},{"event_name":"Upgrade Shrine","player_choice":"Upgraded","floor":48,"damage_taken":0}],"boss_relics":[{"not_picked":["The Specimen","Runic Dome"],"picked":"Sozu"},{"not_picked":["Pandora\u0027s Box","Black Star"],"picked":"Astrolabe"}],"potions_floor_spawned":[3,5,12,14,27,33,38,39],"seed_played":"8809784665911521672","ascension_level":11,"is_trial":false}