{"gold_per_floor":[119,137,149,160,160,185,185,219,219,245,245,278,5,25,25,123,123,141,66,77,95,106,106,134,149,199,237,249,294,102,113,113,210,210,224,238,255,53,0,0],"floor_reached":40,"playtime":2364,"items_purged":["Defend_R","Defend_R","Strike_R"],"score":526,"play_id":"793965ef-627b-4c68-8ed2-d091865a939f","local_time":"20190115073617","is_ascension_mode":true,"campfire_choices":[{"floor":15,"key":"REST"},{"data":"Rage","floor":23,"key":"SMITH"},{"floor":28,"key":"REST"},{"data":"Flex","floor":32,"key":"SMITH"}],"neow_cost":"NONE","seed_source_timestamp":479758208847819,"circlet_count":0,"master_deck":["Strike_R","Strike_R","Strike_R","Defend_R","Defend_R","Bash","Clash","Rage+1","Thunderclap","Anger","Cleave","Brutality","Bash","Ghostly Armor","Twin Strike","Dagger Throw","Unload","Whirlwind+1","Reinforced Body+1","Blade Dance+1","Sword Boomerang+1","Flex+1","Armaments","Anger+1","Parasite","Dropkick"],"relics":["Burning Blood","Lantern","Bronze Scales","Smiling Mask","Mercury Hourglass","Bottled Lightning","PreservedInsect","Happy Flower","PrismaticShard","Velvet Choker","Vajra","MawBank","Blood Vial","Regal Pillow","Orichalcum","Sozu","Bag of Marbles","Red Mask"],"potions_floor_usage":[10,16,33,35,37],"damage_taken":[{"damage":2,"enemies":"Jaw Worm","floor":1,"turns":3},{"damage":0,"enemies":"Small Slimes","floor":2,"turns":3},{"damage":0,"enemies":"Cultist","floor":3,"turns":3},{"damage":1,"enemies":"Exordium Wildlife","floor":4,"turns":2},{"damage":25,"enemies":"Gremlin Nob","floor":6,"turns":4},{"damage":25,"enemies":"Lagavulin","floor":8,"turns":5},{"damage":8,"enemies":"Gremlin Nob","floor":10,"turns":3},{"damage":8,"enemies":"Lagavulin","floor":12,"turns":3},{"damage":0,"enemies":"2 Fungi Beasts","floor":14,"turns":2},{"damage":55,"enemies":"The Guardian","floor":16,"turns":7},{"damage":0,"enemies":"Chosen","floor":18,"turns":3},{"damage":2,"enemies":"Spheric Guardian","floor":20,"turns":3},{"damage":20,"enemies":"Centurion and Healer","floor":21,"turns":4},{"damage":12,"enemies":"Snecko","floor":22,"turns":3},{"damage":1,"enemies":"Slavers","floor":24,"turns":2},{"damage":22,"enemies":"3 Cultists","floor":25,"turns":4},{"damage":20,"enemies":"Book of Stabbing","floor":27,"turns":4},{"damage":7,"enemies":"Slavers","floor":29,"turns":3},{"damage":0,"enemies":"Cultist and Chosen","floor":31,"turns":3},{"damage":42,"enemies":"Collector","floor":33,"turns":8},{"damage":34,"enemies":"3 Shapes","floor":35,"turns":3},{"damage":28,"enemies":"3 Darklings","floor":36,"turns":3},{"damage":20,"enemies":"Writhing Mass","floor":37,"turns":5},{"damage":24,"enemies":"Reptomancer","floor":40,"turns":2}],"seed_played":"3174984839757051812","potions_obtained":[{"floor":2,"key":"Strength Potion"},{"floor":4,"key":"AttackPotion"},{"floor":6,"key":"Explosive Potion"},{"floor":16,"key":"LiquidBronze"},{"floor":20,"key":"Weak Potion"},{"floor":25,"key":"EssenceOfSteel"},{"floor":31,"key":"Block Potion"}],"is_trial":false,"path_per_floor":["M","M","M","M","?","E","?","E","T","E","?","E","$","M","R","B",null,"M","?","M","M","M","R","E","M","T","E","R","E","$","M","R","B",null,"M","M","M","$","?","E"],"character_chosen":"IRONCLAD","items_purchased":["Twin Strike","PrismaticShard","Orichalcum","Bag of Marbles"],"campfire_rested":2,"item_purchase_floors":[13,13,30,38],"current_hp_per_floor":[80,80,80,80,80,61,54,35,35,33,33,31,31,37,61,12,80,80,80,80,66,60,60,65,49,49,35,59,60,60,68,68,34,80,52,32,20,20,20,0],"gold":0,"neow_bonus":"RANDOM_COMMON_RELIC","is_prod":false,"is_daily":false,"chose_seed":false,"campfire_upgraded":2,"win_rate":0,"timestamp":1547555777,"path_taken":["M","M","M","M","?","E","?","E","T","E","?","E","$","?","R","BOSS","M","?","M","M","M","R","E","M","T","E","R","E","$","M","R","BOSS","M","M","M","$","?","E"],"build_version":"2019-01-10","purchased_purges":3,"victory":false,"max_hp_per_floor":[80,80,80,80,80,80,80,80,80,80,80,80,80,80,80,80,80,80,80,80,80,80,80,80,80,80,80,80,80,80,80,80,80,80,80,80,80,80,80,80],"card_choices":[{"not_picked":["Twin Strike","Wild Strike"],"picked":"Clash","floor":1},{"not_picked":["Hemokinesis","Rupture"],"picked":"Rage","floor":2},{"not_picked":["Power Through","Flex"],"picked":"Thunderclap","floor":3},{"not_picked":["Carnage","Warcry"],"picked":"Anger","floor":4},{"not_picked":["Shockwave","Heavy Blade"],"picked":"Cleave","floor":6},{"not_picked":["Body Slam","Wild Strike"],"picked":"Brutality","floor":8},{"not_picked":["Perfected Strike","Blood for Blood","Shockwave"],"picked":"SKIP","floor":10},{"not_picked":["Pommel Strike","Twin Strike"],"picked":"Ghostly Armor","floor":12},{"not_picked":["Go for the Eyes","Deflect"],"picked":"Dagger Throw","floor":14},{"not_picked":["Thinking Ahead","Exhume"],"picked":"Unload","floor":16},{"not_picked":["Barrage+1","Lockon+1"],"picked":"Whirlwind+1","floor":18},{"not_picked":["Compile Driver","Deadly Poison"],"picked":"Reinforced Body+1","floor":20},{"not_picked":["Cleave","Sever Soul"],"picked":"Blade Dance+1","floor":21},{"not_picked":["Barrage","Clothesline"],"picked":"Sword Boomerang+1","floor":22},{"not_picked":["Sentinel+1","Compile Driver","Acrobatics"],"picked":"SKIP","floor":24},{"not_picked":["Fiend Fire","Streamline","Skim+1"],"picked":"SKIP","floor":25},{"not_picked":["Tactician","Twin Strike","Rupture"],"picked":"SKIP","floor":27},{"not_picked":["White Noise","Gash","Cold Snap"],"picked":"SKIP","floor":29},{"not_picked":["Defragment","Rebound+1"],"picked":"Flex","floor":31},{"not_picked":["Feel No Pain+1","Accuracy+1"],"picked":"Armaments","floor":35},{"not_picked":["Sucker Punch+1","Perfected Strike"],"picked":"Anger+1","floor":36},{"not_picked":["White Noise","Clothesline"],"picked":"Dropkick","floor":37}],"player_experience":37366,"relics_obtained":[{"floor":6,"key":"Bronze Scales"},{"floor":8,"key":"Mercury Hourglass"},{"floor":9,"key":"Bottled Lightning"},{"floor":10,"key":"PreservedInsect"},{"floor":12,"key":"Happy Flower"},{"floor":24,"key":"Vajra"},{"floor":26,"key":"MawBank"},{"floor":27,"key":"Blood Vial"},{"floor":29,"key":"Regal Pillow"}],"event_choices":[{"damage_healed":0,"gold_gain":0,"player_choice":"Ignored","damage_taken":0,"max_hp_gain":0,"max_hp_loss":0,"event_name":"Liars Game","floor":5,"gold_loss":0},{"damage_healed":0,"gold_gain":0,"player_choice":"Success","damage_taken":7,"relics_obtained":["Smiling Mask"],"max_hp_gain":0,"max_hp_loss":0,"event_name":"Scrap Ooze","floor":7,"gold_loss":0},{"damage_healed":0,"gold_gain":0,"player_choice":"1 cards matched","damage_taken":0,"max_hp_gain":0,"max_hp_loss":0,"event_name":"Match and Keep!","floor":11,"gold_loss":0,"cards_obtained":["Bash"]},{"damage_healed":0,"gold_gain":0,"player_choice":"1 cards matched","damage_taken":0,"max_hp_gain":0,"max_hp_loss":0,"event_name":"Match and Keep!","floor":11,"gold_loss":0,"cards_obtained":["Bash"]},{"cards_removed":["Strike_R"],"damage_healed":0,"gold_gain":0,"player_choice":"Gave Gold","damage_taken":0,"max_hp_gain":0,"max_hp_loss":0,"event_name":"Beggar","floor":19,"gold_loss":75},{"damage_healed":0,"gold_gain":0,"player_choice":"Paid","damage_taken":0,"relics_obtained":["Red Mask"],"max_hp_gain":0,"max_hp_loss":0,"event_name":"Tomb of Lord Red Mask","floor":39,"gold_loss":53}],"is_beta":false,"boss_relics":[{"not_picked":["Black Star","Cursed Key"],"picked":"Velvet Choker"},{"not_picked":["Tiny House","Calling Bell"],"picked":"Sozu"}],"items_purged_floors":[13,30,38],"is_endless":false,"potions_floor_spawned":[2,4,6,16,20,25,27,29,31,37],"killed_by":"Reptomancer","ascension_level":2}