{"gold_per_floor":[144,20,20,65,110,200,245,245,245,245,245,95,185,230,230,230],"floor_reached":16,"playtime":520,"items_purged":["Thunder Strike","Thunder Strike"],"score":110,"play_id":"e5d009d2-cf6b-40c7-a653-61d32a22e0d8","local_time":"20180805222850","daily_mods":["Specialized","Cursed Run","Midas"],"is_ascension_mode":false,"campfire_choices":[{"floor":11.0,"key":"REST"},{"floor":15.0,"key":"REST"}],"neow_cost":"","seed_source_timestamp":0,"circlet_count":0,"master_deck":["Strike_B","Strike_B","Strike_B","Strike_B","Defend_B","Defend_B","Defend_B","Defend_B","Zap","Dualcast","Thunder Strike","Thunder Strike","Thunder Strike","Cold Snap","Gash","Regret","Reinforced Body","Beam Cell","Hologram","Seek","Normality","Sweeping Beam","Auto Shields"],"special_seed":17748,"relics":["Cursed Key","Darkstone Periapt","Du-Vu Doll","Emotion Chip","Thread and Needle","Anchor","Blue Candle","Lantern"],"potions_floor_usage":[16],"damage_taken":[{"damage":0.0,"enemies":"2 Louse","floor":1.0,"turns":3.0},{"damage":8.0,"enemies":"Jaw Worm","floor":4.0,"turns":3.0},{"damage":2.0,"enemies":"Cultist","floor":5.0,"turns":3.0},{"damage":9.0,"enemies":"3 Sentries","floor":6.0,"turns":5.0},{"damage":21.0,"enemies":"Large Slime","floor":7.0,"turns":7.0},{"damage":2.0,"enemies":"Gremlin Nob","floor":13.0,"turns":3.0},{"damage":2.0,"enemies":"2 Fungi Beasts","floor":14.0,"turns":3.0},{"damage":4,"enemies":"Slime Boss","floor":16,"turns":4}],"seed_played":"5740276892654429722","potions_obtained":[{"floor":1.0,"key":"SteroidPotion"},{"floor":4.0,"key":"AttackPotion"},{"floor":6.0,"key":"FearPotion"},{"floor":14.0,"key":"PowerPotion"}],"is_trial":false,"path_per_floor":["M","$","?","M","M","E","M","?","T","?","R","$","E","M","R"],"character_chosen":"DEFECT","items_purchased":["Gash","SteroidPotion"],"campfire_rested":2,"item_purchase_floors":[2,12],"current_hp_per_floor":[75,75,81,73,71,62,41,41,47,40,66,66,64,62,87,83],"gold":230,"neow_bonus":"","is_prod":false,"is_daily":true,"chose_seed":false,"campfire_upgraded":0,"win_rate":0,"timestamp":1533522530,"path_taken":["M","$","?","M","M","E","M","?","T","?","R","$","E","M","R","BOSS"],"build_version":"2018-08-02","purchased_purges":2,"victory":false,"max_hp_per_floor":[75,75,81,81,81,81,81,81,87,87,87,87,87,87,87,87],"card_choices":[{"not_picked":["Go for the Eyes","Compile Driver"],"picked":"Cold Snap","floor":1.0},{"not_picked":["Redo","Leap"],"picked":"Reinforced Body","floor":4.0},{"not_picked":["Lockon","Genetic Algorithm"],"picked":"Beam Cell","floor":5.0},{"not_picked":["Redo","White Noise"],"picked":"Hologram","floor":6.0},{"not_picked":["Steam","Redo"],"picked":"Seek","floor":7.0},{"not_picked":["Steam","Compile Driver"],"picked":"Sweeping Beam","floor":13.0},{"not_picked":["Turbo","Compile Driver"],"picked":"Auto Shields","floor":14.0}],"player_experience":553681,"relics_obtained":[{"floor":6.0,"key":"Thread and Needle"},{"floor":9.0,"key":"Anchor"},{"floor":13.0,"key":"Lantern"}],"event_choices":[{"event_name":"Big Fish","player_choice":"Box","floor":3.0,"damage_taken":0.0},{"event_name":"Liars Game","player_choice":"disagreed","floor":8.0,"damage_taken":0.0},{"event_name":"Scrap Ooze","player_choice":"success","floor":10.0,"damage_taken":7.0}],"is_beta":false,"boss_relics":[],"items_purged_floors":[2,12],"is_endless":false,"potions_floor_spawned":[1,4,6,14],"killed_by":"Slime Boss","ascension_level":0}