{"gold_per_floor":[113,113,129,139,149,149,175,140,167,185,185,201,28,47,47,125,125,142,0,16,33,33,33,61,61,114,114,114],"floor_reached":28,"playtime":998,"items_purged":[],"score":480,"play_id":"febd44fa-5aea-4d90-bf24-7008dee1f9b5","local_time":"20181027182247","is_ascension_mode":true,"campfire_choices":[{"data":"Poisoned Stab","floor":6,"key":"SMITH"},{"data":"Deadly Poison","floor":15,"key":"SMITH"},{"floor":23,"key":"REST"},{"floor":25,"key":"REST"},{"data":"Catalyst","floor":27,"key":"SMITH"}],"neow_cost":"NONE","seed_source_timestamp":1547902856787592,"circlet_count":0,"master_deck":["Defend_G","Defend_G","Defend_G","Defend_G","Defend_G+1","Strike_G","Strike_G","Strike_G+1","Strike_G+1","Strike_G","Survivor","Neutralize","AscendersBane","Bane+1","Sucker Punch","Poisoned Stab+1","Dagger Spray","Quick Slash","Well Laid Plans","Flying Knee","Deadly Poison+1","After Image","Deflect","Terror","Catalyst+1","Clumsy"],"relics":["Ring of the Snake","Bag of Preparation","Boot","Whetstone","Cursed Key","Potion Belt","Ancient Tea Set"],"potions_floor_usage":[5,7,16,16,21,24,24],"damage_taken":[{"damage":1,"enemies":"Small Slimes","floor":1,"turns":3},{"damage":1,"enemies":"Jaw Worm","floor":3,"turns":4},{"damage":0,"enemies":"Cultist","floor":4,"turns":3},{"damage":0,"enemies":"3 Louse","floor":5,"turns":1},{"damage":26,"enemies":"Gremlin Nob","floor":7,"turns":4},{"damage":18,"enemies":"Exordium Thugs","floor":10,"turns":4},{"damage":2,"enemies":"Exordium Wildlife","floor":12,"turns":3},{"damage":0,"enemies":"2 Fungi Beasts","floor":14,"turns":2},{"damage":6,"enemies":"Hexaghost","floor":16,"turns":9},{"damage":30,"enemies":"3 Byrds","floor":18,"turns":5},{"damage":19,"enemies":"Shell Parasite","floor":20,"turns":5},{"damage":0,"enemies":"Centurion and Healer","floor":21,"turns":7},{"damage":24,"enemies":"Slavers","floor":24,"turns":5},{"damage":0,"enemies":"Gremlin Leader","floor":28,"turns":6}],"seed_played":"5042418712526994704","potions_obtained":[{"floor":0,"key":"Explosive Potion"},{"floor":0,"key":"PowerPotion"},{"floor":10,"key":"AttackPotion"},{"floor":14,"key":"Block Potion"},{"floor":18,"key":"GamblersBrew"},{"floor":20,"key":"Block Potion"},{"floor":21,"key":"Block Potion"}],"is_trial":false,"path_per_floor":["M","?","M","M","M","R","E","?","T","M","?","M","$","M","R","B",null,"M","?","M","M","?","R","E","R","T","R"],"character_chosen":"THE_SILENT","items_purchased":["Whetstone"],"campfire_rested":2,"item_purchase_floors":[13],"current_hp_per_floor":[58,38,37,37,37,37,11,27,27,9,9,7,7,7,7,1,50,20,20,1,1,14,33,9,28,28,28,28],"gold":114,"neow_bonus":"THREE_SMALL_POTIONS","is_prod":false,"is_daily":false,"chose_seed":false,"campfire_upgraded":3,"win_rate":0,"timestamp":1540678967,"path_taken":["M","?","M","M","M","R","E","?","T","?","?","M","$","M","R","BOSS","M","?","?","M","?","R","E","R","T","R","E"],"build_version":"2018-10-25v2","purchased_purges":0,"victory":false,"max_hp_per_floor":[66,66,66,66,66,66,66,66,66,66,66,66,66,66,66,66,66,66,66,66,66,66,66,66,66,66,66,66],"card_choices":[{"not_picked":["Deadly Poison","Backflip"],"picked":"Bane","floor":1},{"not_picked":["Underhanded Strike","Tactician"],"picked":"Sucker Punch","floor":3},{"not_picked":["Dagger Spray","Backflip"],"picked":"Poisoned Stab","floor":4},{"not_picked":["Deflect","Masterful Stab"],"picked":"Dagger Spray","floor":5},{"not_picked":["Tactician","Distraction"],"picked":"Quick Slash","floor":7},{"not_picked":["Prepared","PiercingWail"],"picked":"Well Laid Plans","floor":10},{"not_picked":["Concentrate","Skewer"],"picked":"Flying Knee","floor":12},{"not_picked":["Predator","Bane"],"picked":"Deadly Poison","floor":14},{"not_picked":["Glass Knife","Storm of Steel"],"picked":"After Image","floor":16},{"not_picked":["Deadly Poison","PiercingWail"],"picked":"Deflect","floor":18},{"not_picked":["Dagger Spray","Quick Slash","Acrobatics"],"picked":"SKIP","floor":20},{"not_picked":["Calculated Gamble","Underhanded Strike"],"picked":"Terror","floor":21},{"not_picked":["Deflect","Acrobatics"],"picked":"Catalyst","floor":24}],"player_experience":848990,"relics_obtained":[{"floor":7,"key":"Bag of Preparation"},{"floor":9,"key":"Boot"},{"floor":24,"key":"Potion Belt"},{"floor":26,"key":"Ancient Tea Set"}],"event_choices":[{"damage_healed":0,"gold_gain":0,"player_choice":"Entered Light","damage_taken":20,"max_hp_gain":0,"max_hp_loss":0,"event_name":"Shining Light","floor":2,"gold_loss":0,"cards_upgraded":["Defend_G","Strike_G"]},{"damage_healed":16,"gold_gain":0,"player_choice":"Healed","damage_taken":0,"max_hp_gain":0,"max_hp_loss":0,"event_name":"The Cleric","floor":8,"gold_loss":35},{"damage_healed":0,"gold_gain":0,"player_choice":"Fled","damage_taken":0,"max_hp_gain":0,"max_hp_loss":0,"event_name":"Scrap Ooze","floor":11,"gold_loss":0},{"damage_healed":0,"gold_gain":0,"player_choice":"Paid Fearfully","damage_taken":0,"max_hp_gain":0,"max_hp_loss":0,"event_name":"Masked Bandits","floor":19,"gold_loss":142},{"damage_healed":13,"gold_gain":0,"player_choice":"Heal","damage_taken":0,"max_hp_gain":0,"max_hp_loss":0,"event_name":"The Library","floor":22,"gold_loss":0}],"is_beta":false,"boss_relics":[{"not_picked":["White Beast Statue","Coffee Dripper"],"picked":"Cursed Key"}],"items_purged_floors":[],"is_endless":false,"potions_floor_spawned":[1,4,10,14,18,20,21],"killed_by":"Gremlin Leader","ascension_level":20}