{"gold_per_floor":[113,187,200,210,224,252,252,286,334,344,355,355,366,376,376,478,478,495,512,542,467,467,467,480,480,507,507],"floor_reached":27,"playtime":1446,"items_purged":["Eviscerate"],"score":250,"play_id":"38a8f525-b2d0-4e6b-b941-17718ab97520","local_time":"20190117134137","is_ascension_mode":true,"campfire_choices":[{"floor":12.0,"key":"REST"},{"data":"Choke","floor":15.0,"key":"SMITH"},{"floor":23,"key":"REST"},{"floor":25,"key":"REST"}],"neow_cost":"NONE","seed_source_timestamp":0,"circlet_count":0,"master_deck":["Survivor","Neutralize","Grand Finale","Quick Slash","Backstab","Deadly Poison","Choke+1","Backflip","Blade Dance","Deflect","Catalyst","A Thousand Cuts","Distraction","Choke","Bullet Time","Die Die Die","Night Terror","Terror","Underhanded Strike","Phantasmal Killer","Catalyst","Footwork","Backflip+1","Dash+1"],"special_seed":0,"relics":["Ring of the Snake","Kunai","Shuriken","Pandora\u0027s Box","Red Mask","MutagenicStrength","Lantern"],"potions_floor_usage":[27],"damage_taken":[{"damage":0.0,"enemies":"2 Louse","floor":1.0,"turns":4.0},{"damage":2.0,"enemies":"Small Slimes","floor":3.0,"turns":5.0},{"damage":2.0,"enemies":"Jaw Worm","floor":4.0,"turns":5.0},{"damage":4.0,"enemies":"Looter","floor":5.0,"turns":3.0},{"damage":48.0,"enemies":"Lagavulin","floor":6.0,"turns":8.0},{"damage":18.0,"enemies":"Gremlin Nob","floor":8.0,"turns":4.0},{"damage":0.0,"enemies":"Red Slaver","floor":10.0,"turns":3.0},{"damage":8.0,"enemies":"Blue Slaver","floor":11.0,"turns":3.0},{"damage":1.0,"enemies":"Lots of Slimes","floor":13.0,"turns":3.0},{"damage":0.0,"enemies":"Gremlin Gang","floor":14.0,"turns":1.0},{"damage":34.0,"enemies":"Hexaghost","floor":16.0,"turns":13.0},{"damage":22,"enemies":"Spheric Guardian","floor":18,"turns":4},{"damage":33,"enemies":"3 Byrds","floor":19,"turns":5},{"damage":12,"enemies":"Masked Bandits","floor":20,"turns":3},{"damage":18,"enemies":"Snake Plant","floor":24,"turns":3},{"damage":28,"enemies":"Slavers","floor":27,"turns":4}],"seed_played":"8454593146871629486","potions_obtained":[{"floor":3.0,"key":"GhostInAJar"},{"floor":4.0,"key":"SteroidPotion"},{"floor":5.0,"key":"Regen Potion"},{"floor":10.0,"key":"GamblersBrew"},{"floor":13.0,"key":"Explosive Potion"},{"floor":24,"key":"Weak Potion"}],"is_trial":false,"path_per_floor":["M","?","M","M","M","E","?","E","T","M","M","R","M","M","R","B",null,"M","M","?","$","?","R","M","R","T","E"],"character_chosen":"THE_SILENT","items_purchased":[],"campfire_rested":3,"item_purchase_floors":[],"current_hp_per_floor":[70,70,68,66,62,28,51,33,33,33,25,46,45,45,45,11,70,48,15,3,3,3,24,6,27,27,0],"gold":507,"neow_bonus":"ONE_RANDOM_RARE_CARD","is_prod":false,"is_daily":false,"chose_seed":false,"campfire_upgraded":1,"win_rate":0,"timestamp":1547750497,"path_taken":["M","?","M","M","M","E","?","E","T","M","M","R","M","M","R","BOSS","M","M","?","$","?","R","M","R","T","E"],"build_version":"2019-01-10","purchased_purges":1,"victory":false,"max_hp_per_floor":[70,70,70,70,70,70,70,70,70,70,70,70,70,70,70,70,70,70,70,70,70,70,70,70,70,70,70],"card_choices":[{"not_picked":["Acrobatics","Reflex"],"picked":"Quick Slash","floor":1.0},{"not_picked":["Poisoned Stab","Dagger Throw"],"picked":"Backstab","floor":3.0},{"not_picked":["Quick Slash","Outmaneuver"],"picked":"Deadly Poison","floor":4.0},{"not_picked":["Accuracy","Quick Slash","Dagger Throw"],"picked":"SKIP","floor":5.0},{"not_picked":["Predator","Flechettes"],"picked":"Choke","floor":6.0},{"not_picked":["Choke","Caltrops","Dash"],"picked":"SKIP","floor":8.0},{"not_picked":["Predator","Dodge and Roll"],"picked":"Backflip","floor":10.0},{"not_picked":["Calculated Gamble","Eviscerate"],"picked":"Blade Dance","floor":11.0},{"not_picked":["PiercingWail","Underhanded Strike"],"picked":"Deflect","floor":13.0},{"not_picked":["Grand Finale","Bane"],"picked":"Catalyst","floor":14.0},{"not_picked":["Doppelganger","Wraith Form v2"],"picked":"A Thousand Cuts","floor":16.0},{"not_picked":["Deadly Poison","Backflip"],"picked":"Footwork","floor":18},{"not_picked":["Quick Slash","Bane"],"picked":"Backflip+1","floor":19},{"not_picked":["PiercingWail","Dagger Throw+1"],"picked":"Dash+1","floor":20},{"not_picked":["Underhanded Strike","Bane+1","Accuracy"],"picked":"SKIP","floor":24}],"player_experience":126681,"relics_obtained":[{"floor":6.0,"key":"Kunai"},{"floor":8.0,"key":"Shuriken"},{"floor":20,"key":"Red Mask"},{"floor":26,"key":"Lantern"}],"event_choices":[{"damage_healed":0.0,"max_hp_gain":0.0,"max_hp_loss":0.0,"gold_gain":74.0,"event_name":"Golden Wing","player_choice":"Gained Gold","floor":2.0,"gold_loss":0.0,"damage_taken":0.0},{"damage_healed":23.0,"max_hp_gain":0.0,"max_hp_loss":0.0,"gold_gain":0.0,"event_name":"Big Fish","player_choice":"Banana","floor":7.0,"gold_loss":0.0,"damage_taken":0.0},{"damage_healed":0,"gold_gain":0,"player_choice":"Fought Bandits","damage_taken":0,"max_hp_gain":0,"max_hp_loss":0,"event_name":"Masked Bandits","floor":20,"gold_loss":0},{"damage_healed":0,"gold_gain":0,"player_choice":"Inject Mutagens","damage_taken":0,"relics_obtained":["MutagenicStrength"],"max_hp_gain":0,"max_hp_loss":0,"event_name":"Drug Dealer","floor":22,"gold_loss":0}],"is_beta":false,"boss_relics":[{"not_picked":["Empty Cage","Calling Bell"],"picked":"Pandora\u0027s Box"}],"items_purged_floors":[21],"is_endless":false,"potions_floor_spawned":[3,4,5,10,13,24],"killed_by":"Slavers","ascension_level":2}