{"path_per_floor":["M","?","M","$","?","R","E","R","T","M","M","?","M","M","R","B",null,"M","?"],"character_chosen":"IRONCLAD","items_purchased":["Shrug It Off"],"gold_per_floor":[113,113,127,27,27,27,62,62,88,107,120,120,136,154,154,249,249,264,179,179],"floor_reached":20,"campfire_rested":0,"playtime":2200,"current_hp_per_floor":[80,77,78,78,78,78,45,45,45,49,55,75,77,76,76,26,80,71,71,0],"items_purged":["Strike_R"],"gold":179,"score":174,"play_id":"506bab1e-2990-40f6-ab2f-28b275022354","local_time":"20180524233835","is_prod":false,"is_daily":false,"chose_seed":false,"is_ascension_mode":false,"campfire_upgraded":3,"timestamp":1527201515,"campfire_choices":[{"data":"Shrug It Off","floor":6.0,"key":"SMITH"},{"data":"Rampage","floor":8.0,"key":"SMITH"},{"data":"Armaments","floor":15,"key":"SMITH"}],"path_taken":["M","?","M","$","?","R","E","R","T","M","M","?","?","M","R","BOSS","M","?","?"],"build_version":"2018-05-17","seed_source_timestamp":0,"purchased_purges":1,"victory":false,"master_deck":["Strike_R","Strike_R","Strike_R","Strike_R","Defend_R","Defend_R","Defend_R","Defend_R","Bash","True Grit","Shrug It Off+1","Rampage+1","Armaments+1","Parasite","Limit Break","Flex"],"max_hp_per_floor":[80,80,80,80,80,80,80,80,80,80,80,80,80,80,80,80,80,80,80,80],"relics":["Burning Blood","Peace Pipe","Bottled Lightning","Vajra","Sozu","Regal Pillow"],"card_choices":[{"not_picked":["Body Slam","Hemokinesis","Flame Barrier"],"picked":"SKIP","floor":1.0},{"not_picked":["Infernal Blade","Sentinel"],"picked":"True Grit","floor":3.0},{"not_picked":["Entrench","Body Slam"],"picked":"Rampage","floor":7.0},{"not_picked":["Clash","Blood for Blood"],"picked":"Armaments","floor":10.0},{"not_picked":["Clash","Pommel Strike","Warcry"],"picked":"SKIP","floor":11.0},{"not_picked":["Pommel Strike","Reckless Charge","Infernal Blade"],"picked":"SKIP","floor":13},{"not_picked":["Infernal Blade","True Grit","Warcry"],"picked":"SKIP","floor":14},{"not_picked":["Fiend Fire","Dark Embrace"],"picked":"Limit Break","floor":16},{"not_picked":["Clothesline","Body Slam"],"picked":"Flex","floor":18}],"player_experience":129572,"potions_floor_usage":[16],"damage_taken":[{"damage":5.0,"enemies":"2 Louse","floor":1.0,"turns":2.0},{"damage":5.0,"enemies":"Jaw Worm","floor":3.0,"turns":5.0},{"damage":39.0,"enemies":"Lagavulin","floor":7.0,"turns":12.0},{"damage":2.0,"enemies":"Small Slimes","floor":10.0,"turns":3.0},{"damage":0.0,"enemies":"Blue Slaver","floor":11.0,"turns":6.0},{"damage":4,"enemies":"Large Slime","floor":13,"turns":9},{"damage":7,"enemies":"Looter","floor":14,"turns":4},{"damage":56,"enemies":"Slime Boss","floor":16,"turns":16},{"damage":15,"enemies":"Shell Parasite","floor":18,"turns":8},{"damage":79,"enemies":"Masked Bandits","floor":20,"turns":7}],"relics_obtained":[{"floor":7.0,"key":"Bottled Lightning"},{"floor":9.0,"key":"Vajra"}],"event_choices":[{"event_name":"Scrap Ooze","player_choice":"success","floor":2.0,"damage_taken":3.0},{"event_name":"The Cleric","player_choice":"Leave","floor":5.0,"damage_taken":0.0},{"event_name":"Mushrooms","player_choice":"Healed and dodged fight","floor":12.0,"damage_taken":0.0},{"event_name":"Addict","player_choice":"Obtained Relic","floor":19,"damage_taken":0},{"event_name":"Masked Bandits","player_choice":"Fought over 179 gold","floor":20,"damage_taken":0}],"boss_relics":[{"not_picked":["Philosopher\u0027s Stone","Runic Pyramid"],"picked":"Sozu"}],"potions_floor_spawned":[3,7,14],"seed_played":"-3985966932006123698","killed_by":"Masked Bandits","ascension_level":0,"potions_obtained":[{"floor":3.0,"key":"AttackPotion"},{"floor":7.0,"key":"Poison Potion"},{"floor":14,"key":"FearPotion"}],"is_trial":false}