{"gold_per_floor":[112,112,137,149,18,18,48,65,115,135,145,145,178,195,195,195],"floor_reached":16,"playtime":720,"items_purged":[],"score":224,"play_id":"67ded29e-378f-49bd-b5b1-e6669b588e16","local_time":"20181023231338","is_ascension_mode":true,"campfire_choices":[{"data":"Footwork","floor":6.0,"key":"SMITH"},{"data":"Footwork","floor":15.0,"key":"SMITH"}],"neow_cost":"NONE","seed_source_timestamp":1219750130995074,"circlet_count":0,"master_deck":["Defend_G","Defend_G","Defend_G","Defend_G","Defend_G","Strike_G","Strike_G","Strike_G","Strike_G","Strike_G","Survivor","Neutralize+1","AscendersBane","Footwork+1","Leg Sweep","Dagger Spray","Crippling Poison","Riddle With Holes","Poisoned Stab","Parasite","Die Die Die","Footwork+1"],"special_seed":0,"relics":["Ring of the Snake","Bag of Preparation","MawBank","Centennial Puzzle","Snake Skull","Pear"],"potions_floor_usage":[16],"damage_taken":[{"damage":3.0,"enemies":"Small Slimes","floor":1.0,"turns":5.0},{"damage":6.0,"enemies":"Cultist","floor":3.0,"turns":5.0},{"damage":22.0,"enemies":"3 Sentries","floor":7.0,"turns":14.0},{"damage":0.0,"enemies":"Jaw Worm","floor":8.0,"turns":7.0},{"damage":6.0,"enemies":"Red Slaver","floor":10.0,"turns":6.0},{"damage":1.0,"enemies":"Blue Slaver","floor":11.0,"turns":6.0},{"damage":11.0,"enemies":"Lagavulin","floor":13.0,"turns":6.0},{"damage":0.0,"enemies":"Looter","floor":14.0,"turns":4.0},{"damage":29,"enemies":"Slime Boss","floor":16,"turns":12}],"seed_played":"-2510550745743518421","potions_obtained":[{"floor":3.0,"key":"SneckoOil"},{"floor":10.0,"key":"Strength Potion"},{"floor":11.0,"key":"LiquidBronze"}],"is_trial":false,"path_per_floor":["M","?","M","?","$","R","E","M","T","M","M","?","E","M","R"],"character_chosen":"THE_SILENT","items_purchased":["Leg Sweep","Strength Potion"],"campfire_rested":0,"item_purchase_floors":[5,5],"current_hp_per_floor":[56,56,50,50,50,50,28,28,28,22,21,37,36,36,36,7],"gold":195,"neow_bonus":"RANDOM_COMMON_RELIC","is_prod":false,"is_daily":false,"chose_seed":false,"campfire_upgraded":2,"win_rate":0,"timestamp":1540350818,"path_taken":["M","?","?","?","$","R","E","M","T","M","M","?","E","M","R","BOSS"],"build_version":"2018-10-18","purchased_purges":0,"victory":false,"max_hp_per_floor":[66,66,66,66,66,66,66,66,66,66,66,66,76,76,76,76],"card_choices":[{"not_picked":["Acrobatics","Flying Knee"],"picked":"PiercingWail","floor":1.0},{"not_picked":["Caltrops","Deflect"],"picked":"Footwork","floor":3.0},{"not_picked":["Leg Sweep","Reflex"],"picked":"Dagger Spray","floor":7.0},{"not_picked":["Blade Dance","Leg Sweep"],"picked":"Crippling Poison","floor":8.0},{"not_picked":["Deflect","Infinite Blades"],"picked":"Riddle With Holes","floor":10.0},{"not_picked":["Concentrate","Cloak And Dagger"],"picked":"Poisoned Stab","floor":11.0},{"not_picked":["Backflip","Dodge and Roll"],"picked":"Die Die Die","floor":13.0},{"not_picked":["Quick Slash","Leg Sweep"],"picked":"Footwork","floor":14.0}],"player_experience":812432,"relics_obtained":[{"floor":7.0,"key":"Centennial Puzzle"},{"floor":9.0,"key":"Snake Skull"},{"floor":13.0,"key":"Pear"}],"event_choices":[{"cards_removed":["PiercingWail"],"damage_healed":0.0,"max_hp_gain":0.0,"max_hp_loss":0.0,"gold_gain":0.0,"event_name":"WeMeetAgain","player_choice":"Gave Card","floor":2.0,"gold_loss":0.0,"damage_taken":0.0,"relics_obtained":["MawBank"]},{"damage_healed":0.0,"max_hp_gain":0.0,"max_hp_loss":0.0,"gold_gain":0.0,"event_name":"Upgrade Shrine","player_choice":"Upgraded","floor":4.0,"gold_loss":0.0,"damage_taken":0.0,"cards_upgraded":["Neutralize"]},{"damage_healed":16.0,"max_hp_gain":0.0,"max_hp_loss":0.0,"gold_gain":0.0,"event_name":"Mushrooms","player_choice":"Healed and dodged fight","floor":12.0,"gold_loss":0.0,"damage_taken":0.0,"cards_obtained":["Parasite"]}],"is_beta":false,"boss_relics":[],"items_purged_floors":[],"is_endless":false,"potions_floor_spawned":[3,10,11],"killed_by":"Slime Boss","ascension_level":20}