{"gold_per_floor":[119,294,294,311,36,62,62,75,155,186,205,205,215,202,202,297,297,313,107,120,120,139,139,153,153],"floor_reached":25,"playtime":1212,"items_purged":["Doubt","Defend_G"],"score":323,"play_id":"cd8b8c60-a356-492e-be71-3422497cbab0","local_time":"20190308200347","is_ascension_mode":true,"campfire_choices":[{"data":"Noxious Fumes","floor":7,"key":"SMITH"},{"floor":12,"key":"REST"},{"data":"Deadly Poison","floor":15,"key":"SMITH"}],"neow_cost":"NONE","seed_source_timestamp":311947914832179,"circlet_count":0,"master_deck":["AscendersBane","Defend_G","Defend_G","Strike_G+1","Strike_G+1","Survivor","Neutralize","Malaise+1","Deadly Poison+1","Choke+1","Deadly Poison+1","PiercingWail","Noxious Fumes+1","Backflip","Blur","Leg Sweep","Cloak And Dagger","PiercingWail","Cloak And Dagger","Corpse Explosion","Catalyst","Crippling Poison","Caltrops","Deflect","Concentrate","Dagger Spray","Dagger Spray"],"relics":["Astrolabe","GremlinMask","Whetstone","Question Card","Bottled Flame","Sozu","Omamori"],"potions_floor_usage":[20],"damage_taken":[{"damage":0,"enemies":"Jaw Worm","floor":1,"turns":3},{"damage":0,"enemies":"2 Louse","floor":4,"turns":3},{"damage":20,"enemies":"3 Sentries","floor":6,"turns":9},{"damage":0,"enemies":"Cultist","floor":8,"turns":3},{"damage":32,"enemies":"Gremlin Nob","floor":10,"turns":5},{"damage":1,"enemies":"Large Slime","floor":11,"turns":7},{"damage":0,"enemies":"3 Louse","floor":13,"turns":4},{"damage":0,"enemies":"Exordium Thugs","floor":14,"turns":4},{"damage":11,"enemies":"Hexaghost","floor":16,"turns":9},{"damage":5,"enemies":"2 Thieves","floor":18,"turns":4},{"damage":2,"enemies":"Spheric Guardian","floor":20,"turns":5},{"damage":10,"enemies":"Snake Plant","floor":22,"turns":4},{"damage":17,"enemies":"Centurion and Healer","floor":24,"turns":7},{"damage":26,"enemies":"Gremlin Leader","floor":25,"turns":4}],"seed_played":"2121972749459361955","potions_obtained":[{"floor":4,"key":"Fire Potion"},{"floor":6,"key":"SteroidPotion"}],"is_trial":false,"path_per_floor":["M","?","?","M","$","E","R","M","T","E","M","R","M","M","R","B",null,"M","$","M","?","M","?","M","E"],"character_chosen":"THE_SILENT","items_purchased":["Noxious Fumes","Backflip","GhostInAJar","Crippling Poison","Caltrops"],"campfire_rested":1,"item_purchase_floors":[5,5,5,19,19],"current_hp_per_floor":[63,63,63,63,63,43,43,43,43,11,10,31,31,31,31,20,58,53,53,51,51,41,41,24,0],"gold":153,"neow_bonus":"BOSS_RELIC","is_prod":false,"is_daily":false,"chose_seed":false,"campfire_upgraded":2,"win_rate":0,"timestamp":1552093427,"path_taken":["M","?","?","M","$","E","R","M","T","E","?","R","M","M","R","BOSS","M","$","M","?","M","?","M","E"],"build_version":"2019-01-23","purchased_purges":2,"victory":false,"max_hp_per_floor":[70,70,70,70,70,70,70,70,70,70,70,70,70,70,70,70,70,70,70,70,70,70,70,70,70],"card_choices":[{"not_picked":["Poisoned Stab","Blade Dance"],"picked":"Deadly Poison","floor":1},{"not_picked":["Finisher","Underhanded Strike"],"picked":"PiercingWail","floor":4},{"not_picked":["Expertise","Masterful Stab"],"picked":"Blur","floor":6},{"not_picked":["Concentrate","Reflex"],"picked":"Leg Sweep","floor":8},{"not_picked":["Tactician","Dodge and Roll","Poisoned Stab"],"picked":"Cloak And Dagger","floor":10},{"not_picked":["Deflect","Dodge and Roll","Terror"],"picked":"PiercingWail","floor":11},{"not_picked":["Dodge and Roll","Unload","Blur"],"picked":"Cloak And Dagger","floor":13},{"not_picked":["Outmaneuver","Skewer","Blur","Bane"],"picked":"SKIP","floor":14},{"not_picked":["Tools of the Trade","A Thousand Cuts","Adrenaline"],"picked":"Corpse Explosion","floor":16},{"not_picked":["Finisher","Bane","Caltrops"],"picked":"Catalyst","floor":18},{"not_picked":["Slice","Dagger Throw","Bane"],"picked":"Deflect","floor":20},{"not_picked":["Prepared","Blade Dance","Dodge and Roll","Acrobatics+1"],"picked":"SKIP","floor":22},{"not_picked":["Finisher","Deadly Poison","Dodge and Roll"],"picked":"Dagger Spray","floor":24}],"player_experience":427020,"relics_obtained":[{"floor":6,"key":"Whetstone"},{"floor":9,"key":"Question Card"},{"floor":10,"key":"Bottled Flame"},{"floor":23,"key":"Omamori"}],"event_choices":[{"damage_healed":0,"gold_gain":175,"player_choice":"AGREE","damage_taken":0,"max_hp_gain":0,"max_hp_loss":0,"event_name":"Liars Game","floor":2,"gold_loss":0,"cards_obtained":["Doubt"]},{"damage_healed":0,"gold_gain":0,"player_choice":"Trade","damage_taken":0,"relics_obtained":["GremlinMask"],"max_hp_gain":0,"max_hp_loss":0,"event_name":"FaceTrader","floor":3,"gold_loss":0},{"damage_healed":0,"gold_gain":0,"cards_transformed":["Defend_G","Defend_G"],"player_choice":"Became Test Subject","damage_taken":0,"max_hp_gain":0,"max_hp_loss":0,"event_name":"Drug Dealer","floor":21,"gold_loss":0,"cards_obtained":["Concentrate","Dagger Spray"]},{"damage_healed":0,"gold_gain":0,"player_choice":"Relic","damage_taken":0,"max_hp_gain":0,"max_hp_loss":0,"event_name":"Wheel of Change","floor":23,"gold_loss":0}],"is_beta":false,"boss_relics":[{"not_picked":["Empty Cage","Calling Bell"],"picked":"Sozu"}],"items_purged_floors":[5,19],"is_endless":false,"potions_floor_spawned":[4,6,8,18,22],"killed_by":"Gremlin Leader","ascension_level":10}