{"gold_per_floor":[110,110,110,121,135,135,146,170,193,193,218,88,116,22,22,119,119,139,64,79,97,0,34,34,65,90,90,108,127,156,169,169,169],"floor_reached":33,"playtime":1730,"items_purged":[],"score":456,"play_id":"92efbef2-17f1-4326-8f5c-47df2ebe693a","local_time":"20190117071242","is_ascension_mode":true,"campfire_choices":[{"data":"Zap","floor":6,"key":"SMITH"},{"data":"Redo","floor":10,"key":"SMITH"},{"floor":15,"key":"REST"},{"floor":24,"key":"REST"},{"data":"Discovery","floor":27,"key":"SMITH"},{"data":"Redo","floor":32,"key":"SMITH"}],"neow_cost":"NONE","seed_source_timestamp":651783234703535,"circlet_count":0,"master_deck":["Strike_B+1","Strike_B","Strike_B","Defend_B","Defend_B","Defend_B+1","Defend_B","Zap+1","Dualcast","Steam","Redo+1","Beam Cell","Chill","FTL","Self Repair","Leap","Discovery+1","Electrodynamics","Leap","Ball Lightning","Consume","Cold Snap","Auto Shields+1","Auto Shields+1","Reboot","Redo+1"],"relics":["Cracked Core","DataDisk","Strawberry","Bag of Marbles","Lantern","Ginger","Oddly Smooth Stone","Blood Vial","Anchor","Unceasing Top"],"potions_floor_usage":[11,13,23,25,29,30,33,33],"damage_taken":[{"damage":7,"enemies":"Jaw Worm","floor":1,"turns":3},{"damage":0,"enemies":"Small Slimes","floor":4,"turns":3},{"damage":1,"enemies":"2 Louse","floor":5,"turns":2},{"damage":6,"enemies":"Exordium Thugs","floor":7,"turns":4},{"damage":6,"enemies":"3 Sentries","floor":11,"turns":7},{"damage":20,"enemies":"Gremlin Nob","floor":13,"turns":4},{"damage":8,"enemies":"The Guardian","floor":16,"turns":11},{"damage":0,"enemies":"Chosen","floor":18,"turns":4},{"damage":0,"enemies":"2 Thieves","floor":20,"turns":3},{"damage":0,"enemies":"Shelled Parasite and Fungi","floor":21,"turns":1},{"damage":62,"enemies":"Book of Stabbing","floor":23,"turns":6},{"damage":0,"enemies":"Gremlin Leader","floor":25,"turns":6},{"damage":0,"enemies":"3 Cultists","floor":28,"turns":2},{"damage":5,"enemies":"Chosen and Byrds","floor":29,"turns":5},{"damage":0,"enemies":"Slavers","floor":30,"turns":4},{"damage":15,"enemies":"Cultist and Chosen","floor":31,"turns":5},{"damage":93,"enemies":"Champ","floor":33,"turns":14}],"seed_played":"2242566382403859454","potions_obtained":[{"floor":7,"key":"SpeedPotion"},{"floor":11,"key":"PowerPotion"},{"floor":13,"key":"SpeedPotion"},{"floor":16,"key":"Swift Potion"},{"floor":21,"key":"Block Potion"},{"floor":25,"key":"Strength Potion"},{"floor":28,"key":"Block Potion"},{"floor":30,"key":"FairyPotion"},{"floor":31,"key":"SteroidPotion"}],"is_trial":false,"path_per_floor":["M","?","?","M","M","R","M","T","T","R","E","$","E","$","R","B",null,"M","?","M","M","?","E","R","E","T","R","M","M","E","M","R","B"],"character_chosen":"DEFECT","items_purchased":["Self Repair","Leap","Discovery"],"campfire_rested":2,"item_purchase_floors":[12,12,14],"current_hp_per_floor":[68,68,53,53,52,52,46,53,53,53,47,47,34,34,58,57,76,82,82,82,82,82,27,51,58,58,58,60,64,66,60,60,0],"gold":169,"neow_bonus":"RANDOM_COMMON_RELIC","is_prod":false,"is_daily":false,"chose_seed":false,"campfire_upgraded":4,"win_rate":0,"timestamp":1547727162,"path_taken":["M","?","?","M","M","R","M","?","T","R","E","$","E","?","R","BOSS","M","?","M","M","?","E","R","E","T","R","?","M","E","M","R","BOSS"],"build_version":"2019-01-10","purchased_purges":0,"victory":false,"max_hp_per_floor":[75,75,75,75,75,75,75,82,82,82,82,82,82,82,82,82,82,82,82,82,82,82,82,82,82,82,82,82,82,82,82,82,82],"card_choices":[{"not_picked":["Redo","Coolheaded"],"picked":"Steam","floor":1},{"not_picked":["Skim","Cold Snap"],"picked":"Redo","floor":4},{"not_picked":["Hologram","Cold Snap"],"picked":"Beam Cell","floor":5},{"not_picked":["Capacitor","Streamline"],"picked":"Chill","floor":7},{"not_picked":["Compile Driver","Reinforced Body"],"picked":"FTL","floor":11},{"not_picked":["Storm","Streamline","Amplify"],"picked":"SKIP","floor":13},{"not_picked":["Hyperbeam","Creative AI"],"picked":"Electrodynamics","floor":16},{"not_picked":["Chill+1","Turbo"],"picked":"Leap","floor":18},{"not_picked":["Stack","Hologram"],"picked":"Ball Lightning","floor":20},{"not_picked":["Ball Lightning","Go for the Eyes"],"picked":"Consume","floor":21},{"not_picked":["Consume","Darkness"],"picked":"Cold Snap","floor":23},{"not_picked":["Gash+1","Skim"],"picked":"Auto Shields+1","floor":25},{"not_picked":["Chaos","Storm"],"picked":"Auto Shields+1","floor":28},{"not_picked":["Coolheaded","Streamline"],"picked":"Reboot","floor":29},{"not_picked":["Chaos","Multi-Cast"],"picked":"Redo","floor":30},{"not_picked":["Coolheaded","Streamline","Steam Power"],"picked":"SKIP","floor":31}],"player_experience":113956,"relics_obtained":[{"floor":8,"key":"Strawberry"},{"floor":9,"key":"Bag of Marbles"},{"floor":11,"key":"Lantern"},{"floor":13,"key":"Ginger"},{"floor":23,"key":"Oddly Smooth Stone"},{"floor":25,"key":"Blood Vial"},{"floor":26,"key":"Anchor"},{"floor":30,"key":"Unceasing Top"}],"event_choices":[{"damage_healed":0,"gold_gain":0,"player_choice":"Leave","damage_taken":0,"max_hp_gain":0,"max_hp_loss":0,"event_name":"The Cleric","floor":2,"gold_loss":0},{"damage_healed":0,"gold_gain":0,"player_choice":"Entered Light","damage_taken":15,"max_hp_gain":0,"max_hp_loss":0,"event_name":"Shining Light","floor":3,"gold_loss":0,"cards_upgraded":["Defend_B","Strike_B"]},{"cards_removed":["Strike_B"],"damage_healed":0,"gold_gain":0,"player_choice":"Gave Gold","damage_taken":0,"max_hp_gain":0,"max_hp_loss":0,"event_name":"Beggar","floor":19,"gold_loss":75},{"damage_healed":0,"gold_gain":0,"player_choice":"Paid Fearfully","damage_taken":0,"max_hp_gain":0,"max_hp_loss":0,"event_name":"Masked Bandits","floor":22,"gold_loss":97}],"is_beta":false,"boss_relics":[{"not_picked":["Coffee Dripper","Runic Pyramid","Busted Crown"]}],"items_purged_floors":[],"is_endless":false,"potions_floor_spawned":[7,11,13,16,21,25,28,30,31],"killed_by":"Champ","ascension_level":5}