{"gold_per_floor":[110,121,121,121,139,139,165,165,235,264,414,90,123,139,139,210,210,210,210,67,67,67,67,67,67,67,67,67,67,67,67,67,67,67,67,67,67,67,67,67,67,67,67,67,67,67,67,67,67,67],"floor_reached":51,"playtime":2711,"items_purged":["Normality"],"score":1282,"play_id":"7afb3a0a-08d0-4e3f-af0f-0c234c5a3f49","local_time":"20180727001654","daily_mods":["Draft"],"is_ascension_mode":true,"campfire_choices":[{"data":"Sucker Punch","floor":6,"key":"SMITH"},{"data":"Phantasmal Killer","floor":8,"key":"SMITH"},{"floor":15,"key":"REST"},{"data":"Finisher","floor":24,"key":"SMITH"},{"data":"Cloak And Dagger","floor":29,"key":"SMITH"},{"data":"Terror","floor":32,"key":"SMITH"},{"data":"Cloak And Dagger","floor":40,"key":"SMITH"},{"data":"Leg Sweep","floor":44,"key":"SMITH"},{"data":"Skewer","floor":46,"key":"SMITH"},{"data":"Tactician","floor":49,"key":"SMITH"}],"neow_cost":"","seed_source_timestamp":0,"circlet_count":0,"master_deck":["AscendersBane","Dagger Spray","Finisher+1","Slice","Dagger Throw","Sucker Punch+1","Acrobatics+1","Dagger Spray","Flying Knee","Well Laid Plans","Prepared+1","Caltrops","Dagger Spray+1","PiercingWail","PiercingWail","Phantasmal Killer+1","Terror+1","Dramatic Entrance","Underhanded Strike","Backflip","Die Die Die","Deflect+1","Deflect+1","Cloak And Dagger+1","Flash of Steel","PiercingWail+1","Backflip","Skewer+1","Endless Agony+1","Infinite Blades","Leg Sweep+1","Footwork+1","Backflip","Cloak And Dagger+1","Tactician+1","Well Laid Plans"],"relics":["Ring of the Snake","War Paint","Matryoshka","Omamori","Paper Crane","Darkstone Periapt","Anchor","Ectoplasm","Mummified Hand","Tiny Chest","Ninja Scroll","Question Card","MawBank","WristBlade","Whetstone","Blue Candle"],"potions_floor_usage":[33,33,41,42,50],"damage_taken":[{"damage":1,"enemies":"Small Slimes","floor":1,"turns":3},{"damage":0,"enemies":"Cultist","floor":2,"turns":3},{"damage":6,"enemies":"Jaw Worm","floor":5,"turns":2},{"damage":25,"enemies":"Lagavulin","floor":7,"turns":5},{"damage":12,"enemies":"3 Sentries","floor":10,"turns":4},{"damage":7,"enemies":"Lagavulin","floor":13,"turns":5},{"damage":0,"enemies":"Gremlin Gang","floor":14,"turns":1},{"damage":6,"enemies":"Hexaghost","floor":16,"turns":5},{"damage":0,"enemies":"Shell Parasite","floor":18,"turns":2},{"damage":0,"enemies":"3 Byrds","floor":19,"turns":2},{"damage":0,"enemies":"3 Cultists","floor":22,"turns":2},{"damage":13,"enemies":"Slavers","floor":23,"turns":4},{"damage":8,"enemies":"Book of Stabbing","floor":25,"turns":5},{"damage":0,"enemies":"Centurion and Healer","floor":27,"turns":4},{"damage":0,"enemies":"Gremlin Leader","floor":28,"turns":3},{"damage":0,"enemies":"Sentry and Sphere","floor":30,"turns":1},{"damage":1,"enemies":"Slaver and Parasite","floor":31,"turns":3},{"damage":21,"enemies":"Collector","floor":33,"turns":7},{"damage":3,"enemies":"Orb Walker","floor":35,"turns":3},{"damage":0,"enemies":"Flame Bruiser 1 Orb","floor":36,"turns":1},{"damage":6,"enemies":"4 Shapes","floor":38,"turns":3},{"damage":3,"enemies":"Maw","floor":39,"turns":3},{"damage":0,"enemies":"3 Darklings","floor":41,"turns":2},{"damage":13,"enemies":"Sphere and 2 Shapes","floor":42,"turns":4},{"damage":0,"enemies":"Flame Bruiser 2 Orb","floor":47,"turns":3},{"damage":25,"enemies":"Awakened One","floor":50,"turns":9}],"seed_played":"680373601643482344","potions_obtained":[{"floor":5,"key":"SneckoOil"},{"floor":10,"key":"Dexterity Potion"},{"floor":13,"key":"Fire Potion"},{"floor":16,"key":"GhostInAJar"},{"floor":33,"key":"PowerPotion"},{"floor":36,"key":"SkillPotion"},{"floor":41,"key":"LiquidBronze"},{"floor":42,"key":"GhostInAJar"}],"is_trial":true,"path_per_floor":["M","M","?","?","M","R","E","R","T","E","?","$","E","M","R","B",null,"M","M","$","?","M","E","R","E","T","M","E","R","M","M","R","B",null,"M","M","T","M","M","R","M","M","T","R","?","R","M","$","R","B"],"character_chosen":"THE_SILENT","items_purchased":["SmokeBomb","SteroidPotion","Dramatic Entrance","Cloak And Dagger","Flash of Steel"],"campfire_rested":1,"item_purchase_floors":[12,12,12,20,20],"current_hp_per_floor":[58,58,66,66,60,60,35,35,35,23,23,23,16,16,35,29,57,57,57,57,57,57,44,44,36,36,36,36,36,36,35,35,14,53,50,50,50,44,41,41,41,28,28,28,54,54,54,54,54,29],"gold":67,"neow_bonus":"","is_prod":false,"is_daily":false,"chose_seed":false,"campfire_upgraded":9,"win_rate":0,"timestamp":1532665014,"path_taken":["M","M","?","?","?","R","E","R","T","E","?","$","E","M","R","BOSS","M","M","$","?","M","E","R","E","T","M","E","R","M","M","R","BOSS","M","M","?","?","M","R","M","?","T","R","?","R","M","?","R","BOSS"],"build_version":"2018-07-26","purchased_purges":1,"victory":true,"max_hp_per_floor":[66,66,66,66,66,66,66,66,66,66,66,66,66,66,66,66,66,66,66,66,66,66,66,66,66,66,66,66,66,66,66,66,66,66,66,66,66,66,66,66,66,66,66,66,54,54,54,54,54,54],"card_choices":[{"not_picked":["Slice","Catalyst"],"picked":"Dagger Spray","floor":0},{"not_picked":["Underhanded Strike","Poisoned Stab"],"picked":"Finisher","floor":0},{"not_picked":["Outmaneuver","Acrobatics"],"picked":"Slice","floor":0},{"not_picked":["Masterful Stab","Blade Dance"],"picked":"Dagger Throw","floor":0},{"not_picked":["Flying Knee","Quick Slash"],"picked":"Sucker Punch","floor":0},{"not_picked":["Prepared","Eviscerate"],"picked":"Acrobatics","floor":0},{"not_picked":["Slice","Underhanded Strike"],"picked":"Dagger Spray","floor":0},{"not_picked":["Flechettes","Caltrops"],"picked":"Flying Knee","floor":0},{"not_picked":["Dagger Throw","Flying Knee"],"picked":"Well Laid Plans","floor":0},{"not_picked":["Underhanded Strike","Dagger Spray"],"picked":"Prepared","floor":0},{"not_picked":["Catalyst","Setup"],"picked":"Caltrops","floor":0},{"not_picked":["Bane","Deadly Poison"],"picked":"Dagger Spray","floor":0},{"not_picked":["Poisoned Stab","Deadly Poison"],"picked":"PiercingWail","floor":0},{"not_picked":["Heel Hook","Deadly Poison"],"picked":"Noxious Fumes","floor":0},{"not_picked":["Caltrops","Riddle With Holes"],"picked":"PiercingWail","floor":0},{"not_picked":["Flechettes","Poisoned Stab","Acrobatics"],"picked":"SKIP","floor":1},{"not_picked":["Masterful Stab","Sucker Punch","Flechettes"],"picked":"SKIP","floor":2},{"not_picked":["Prepared","Dagger Spray","Poisoned Stab"],"picked":"SKIP","floor":5},{"not_picked":["Underhanded Strike","Expertise"],"picked":"Phantasmal Killer","floor":7},{"not_picked":["Distraction","Prepared"],"picked":"Terror","floor":10},{"not_picked":["Quick Slash","Bane"],"picked":"Underhanded Strike","floor":13},{"not_picked":["Masterful Stab","Underhanded Strike"],"picked":"Backflip","floor":14},{"not_picked":["Burst","Venomology"],"picked":"Die Die Die","floor":16},{"not_picked":["All Out Attack","Tactician+1"],"picked":"Deflect+1","floor":18},{"not_picked":["Predator","Riddle With Holes"],"picked":"Deflect+1","floor":19},{"not_picked":["Flechettes","Prepared"],"picked":"PiercingWail+1","floor":22},{"not_picked":["Concentrate","Flying Knee"],"picked":"Backflip","floor":23},{"not_picked":["Flying Knee","Dagger Throw","Crippling Poison"],"picked":"SKIP","floor":25},{"not_picked":["Outmaneuver","Flying Knee+1","Underhanded Strike"],"picked":"Skewer","floor":27},{"not_picked":["Slice","Backflip","Well Laid Plans"],"picked":"Endless Agony","floor":28},{"not_picked":["Blur","Slice","Acrobatics+1"],"picked":"Infinite Blades","floor":30},{"not_picked":["Deflect","Blade Dance","Underhanded Strike"],"picked":"Leg Sweep","floor":31},{"not_picked":["Deadly Poison+1","All Out Attack+1","Deflect+1"],"picked":"Footwork+1","floor":35},{"not_picked":["Prepared+1","Terror+1","Underhanded Strike","Infinite Blades"],"picked":"SKIP","floor":36},{"not_picked":["Crippling Poison","Poisoned Stab+1","Reflex+1"],"picked":"Backflip","floor":38},{"not_picked":["Well Laid Plans","Outmaneuver","Dagger Throw"],"picked":"Cloak And Dagger","floor":39},{"not_picked":["PiercingWail+1","Reflex","Dodge and Roll"],"picked":"Tactician","floor":41},{"not_picked":["Masterful Stab","Outmaneuver+1","Acrobatics"],"picked":"Well Laid Plans","floor":42},{"not_picked":["Finisher","Dash","Night Terror","Outmaneuver"],"picked":"SKIP","floor":47}],"player_experience":530754,"relics_obtained":[{"floor":7,"key":"Matryoshka"},{"floor":9,"key":"Omamori"},{"floor":9,"key":"Paper Crane"},{"floor":10,"key":"Darkstone Periapt"},{"floor":13,"key":"Anchor"},{"floor":23,"key":"Mummified Hand"},{"floor":25,"key":"Tiny Chest"},{"floor":26,"key":"Ninja Scroll"},{"floor":26,"key":"Question Card"},{"floor":28,"key":"MawBank"},{"floor":37,"key":"Whetstone"},{"floor":43,"key":"Blue Candle"}],"event_choices":[{"event_name":"Bonfire Elementals","player_choice":"UNCOMMON","floor":3,"damage_taken":0},{"event_name":"Accursed Blacksmith","player_choice":"Rummage","floor":4,"damage_taken":0},{"event_name":"Liars Game","player_choice":"agreed","floor":11,"damage_taken":0},{"event_name":"Beggar","player_choice":"Ignored","floor":21,"damage_taken":0},{"event_name":"The Moai Head","player_choice":"Heal","floor":45,"damage_taken":0}],"is_beta":false,"boss_relics":[{"not_picked":["Calling Bell","Runic Pyramid"],"picked":"Ectoplasm"},{"not_picked":["Orrery","Tiny House"],"picked":"WristBlade"}],"items_purged_floors":[12],"is_endless":false,"potions_floor_spawned":[5,10,13,16,18,19,23,30,33,36,39,41,42],"ascension_level":15}