{"path_per_floor":["M","M","?","M","M","R","E","R","T","R","E","?","E","?","R","B",null,"M","M","$","M","M"],"character_chosen":"IRONCLAD","items_purchased":["Second Wind","Apotheosis","Swift Strike"],"gold_per_floor":[119,139,139,149,159,159,191,191,191,191,217,317,343,343,343,446,446,459,471,73,91,110],"floor_reached":23,"campfire_rested":0,"playtime":1333,"current_hp_per_floor":[80,80,80,80,80,80,65,65,65,65,50,50,40,40,50,12,90,83,35,35,28,11],"items_purged":["Defend_R"],"gold":110,"score":253,"play_id":"e3005b9c-5b5e-41c5-b585-d4c83f0a79a4","is_prod":false,"is_daily":false,"is_ascension_mode":true,"campfire_upgraded":2,"path_taken":["M","M","?","M","?","R","E","R","T","R","E","?","E","?","R","BOSS","M","M","$","M","?","E"],"build_version":"2018-02-15-PROD1","purchased_purges":1,"victory":false,"master_deck":["Strike_R","Strike_R","Strike_R","Strike_R","Strike_R","Defend_R","Defend_R","Bash","Perfected Strike+1","Wild Strike","True Grit+1","Wild Strike","Inflame","Brutality","Carnage","True Grit","Warcry","Shrug It Off","Perfected Strike","Wild Strike+1","Second Wind","Apotheosis","Swift Strike","Twin Strike"],"max_hp_per_floor":[80,80,80,80,80,80,80,80,80,80,80,80,80,80,90,90,90,90,90,90,90,90],"relics":["Burning Blood","Shovel","Calipers","Ginger","Anchor","Prayer Wheel","Pear","Orrery"],"card_choices":[{"not_picked":["Clash","Power Through"],"picked":"Perfected Strike"},{"not_picked":["Armaments","Shrug It Off"],"picked":"Wild Strike"},{"not_picked":["Twin Strike","Body Slam"],"picked":"True Grit"},{"not_picked":["Metallicize","Heavy Blade"],"picked":"Wild Strike"},{"not_picked":["Anger","Sword Boomerang"],"picked":"Inflame"},{"not_picked":["Iron Wave","Shrug It Off"],"picked":"Brutality"},{"not_picked":["Disarm","Flame Barrier"],"picked":"True Grit"},{"not_picked":["Hemokinesis","Flex"],"picked":"Warcry"},{"not_picked":["Bloodletting","Dropkick"],"picked":"Shrug It Off"},{"not_picked":["Hemokinesis","Sword Boomerang"],"picked":"Perfected Strike"},{"not_picked":["Body Slam","Clothesline"],"picked":"Wild Strike"},{"not_picked":["Shockwave","Bloodletting"],"picked":"Twin Strike"}],"player_experience":152942,"potions_floor_usage":[21,23,23],"damage_taken":[{"damage":4.0,"enemies":"2 Louse","floor":1.0,"turns":4.0},{"damage":6.0,"enemies":"Cultist","floor":2.0,"turns":3.0},{"damage":0.0,"enemies":"Small Slimes","floor":4.0,"turns":3.0},{"damage":5.0,"enemies":"Gremlin Gang","floor":5.0,"turns":3.0},{"damage":21.0,"enemies":"3 Sentries","floor":7.0,"turns":7.0},{"damage":21.0,"enemies":"Lagavulin","floor":11.0,"turns":7.0},{"damage":16.0,"enemies":"Gremlin Nob","floor":13.0,"turns":4.0},{"damage":59.0,"enemies":"Slime Boss","floor":16.0,"turns":8.0},{"damage":13.0,"enemies":"Spheric Guardian","floor":18.0,"turns":4.0},{"damage":54.0,"enemies":"Shell Parasite","floor":19.0,"turns":6.0},{"damage":13,"enemies":"Centurion and Healer","floor":21,"turns":5},{"damage":23,"enemies":"Cultist and Chosen","floor":22,"turns":6},{"damage":6,"enemies":"Book of Stabbing","floor":23,"turns":3}],"event_choices":[{"event_name":"The Woman in Blue","player_choice":"Bought 0 Potions","floor":3.0,"damage_taken":0.0},{"event_name":"Golden Shrine","player_choice":"Pray","floor":12.0,"damage_taken":0.0},{"event_name":"Transmorgrifier","player_choice":"Transform","floor":14.0,"damage_taken":0.0}],"boss_relics":[],"potions_floor_spawned":[5,13,16],"seed_played":"-3404830415880280557","killed_by":"Book of Stabbing","ascension_level":4,"is_trial":false}