{"gold_per_floor":[119,131,145,157,168,168,182,182,206,252,264],"floor_reached":11,"playtime":607,"items_purged":[],"score":154,"play_id":"efe2e912-6e76-4913-b280-1a1d297c149c","local_time":"20181027180043","is_ascension_mode":true,"campfire_choices":[{"data":"Footwork","floor":6,"key":"SMITH"},{"data":"Bouncing Flask","floor":8,"key":"SMITH"}],"neow_cost":"PERCENT_DAMAGE","seed_source_timestamp":1546968939825953,"circlet_count":0,"master_deck":["Defend_G","Defend_G","Defend_G","Defend_G","Defend_G","Strike_G","Strike_G","Strike_G","Strike_G","Strike_G","Survivor","Neutralize","AscendersBane","Bouncing Flask+1","Dagger Throw","Footwork+1","Deadly Poison","Backflip"],"relics":["Ring of the Snake","Gambling Chip","MawBank","Blood Vial"],"potions_floor_usage":[10],"damage_taken":[{"damage":3,"enemies":"Jaw Worm","floor":1,"turns":6},{"damage":4,"enemies":"Small Slimes","floor":2,"turns":5},{"damage":1,"enemies":"Cultist","floor":3,"turns":3},{"damage":3,"enemies":"3 Louse","floor":4,"turns":6},{"damage":0,"enemies":"Large Slime","floor":5,"turns":6},{"damage":1,"enemies":"Exordium Thugs","floor":7,"turns":6},{"damage":13,"enemies":"3 Sentries","floor":10,"turns":8},{"damage":23,"enemies":"Exordium Wildlife","floor":11,"turns":4}],"seed_played":"5238331259380782074","potions_obtained":[{"floor":1,"key":"Ancient Potion"},{"floor":3,"key":"PowerPotion"}],"is_trial":false,"path_per_floor":["M","M","M","M","M","R","M","R","T","E"],"character_chosen":"THE_SILENT","items_purchased":[],"campfire_rested":0,"item_purchase_floors":[],"current_hp_per_floor":[41,37,36,33,33,33,32,32,32,19,0],"gold":264,"neow_bonus":"ONE_RARE_RELIC","is_prod":false,"is_daily":false,"chose_seed":false,"campfire_upgraded":2,"win_rate":0,"timestamp":1540677643,"path_taken":["M","M","M","M","M","R","M","R","T","E","M"],"build_version":"2018-10-25v2","purchased_purges":0,"victory":false,"max_hp_per_floor":[66,66,66,66,66,66,66,66,66,66,66],"card_choices":[{"not_picked":["Outmaneuver","Deflect"],"picked":"Bouncing Flask","floor":1},{"not_picked":["PiercingWail","Underhanded Strike"],"picked":"Dagger Throw","floor":2},{"not_picked":["Distraction","Quick Slash"],"picked":"Footwork","floor":3},{"not_picked":["Accuracy","Prepared"],"picked":"Deadly Poison","floor":4},{"not_picked":["Distraction","Accuracy"],"picked":"Backflip","floor":5},{"not_picked":["Grand Finale","Prepared","Outmaneuver"],"picked":"SKIP","floor":7},{"not_picked":["Underhanded Strike","Night Terror","Crippling Poison"],"picked":"SKIP","floor":10}],"player_experience":848072,"relics_obtained":[{"floor":9,"key":"MawBank"},{"floor":10,"key":"Blood Vial"}],"event_choices":[],"is_beta":false,"boss_relics":[],"items_purged_floors":[],"is_endless":false,"potions_floor_spawned":[1,3,7],"killed_by":"Exordium Wildlife","ascension_level":20}