{"gold_per_floor":[119,44,44,59,70,101,101,115,141,161,236,267,278,293,293,368,368,382,657,55,71,87,87,114,114,114,127,139,150,164,164,164,164],"floor_reached":33,"playtime":1366,"items_purged":["Regret"],"score":599,"play_id":"2e46ea86-5e1e-4728-83d5-2428b608606e","local_time":"20190407164750","is_ascension_mode":true,"campfire_choices":[{"data":"After Image","floor":7,"key":"SMITH"},{"floor":15,"key":"REST"},{"data":"Caltrops","floor":23,"key":"SMITH"},{"floor":25,"key":"REST"},{"floor":32,"key":"REST"}],"neow_cost":"NONE","seed_source_timestamp":141336155448936,"circlet_count":0,"master_deck":["AscendersBane","Defend_G","Defend_G","Defend_G","Strike_G","Strike_G","Strike_G","Survivor","Neutralize+1","Terror+1","Unload+1","Die Die Die+1","Dagger Spray","Dagger Spray","Backflip","After Image+1","Deadly Poison","Dash","Prepared","Leg Sweep","Corpse Explosion","Caltrops+1","Poisoned Stab+1","Envenom","Poisoned Stab","Acrobatics+1","Crippling Poison"],"relics":["Astrolabe","Lantern","Regal Pillow","Oddly Smooth Stone","Runic Pyramid","Mummified Hand","Happy Flower","Orichalcum","Nunchaku"],"potions_floor_usage":[5,13,21,22,24,30],"damage_taken":[{"damage":0,"enemies":"Cultist","floor":1,"turns":3},{"damage":0,"enemies":"2 Louse","floor":4,"turns":1},{"damage":2,"enemies":"Small Slimes","floor":5,"turns":2},{"damage":7,"enemies":"3 Sentries","floor":6,"turns":6},{"damage":0,"enemies":"Looter","floor":8,"turns":2},{"damage":7,"enemies":"Lots of Slimes","floor":10,"turns":2},{"damage":15,"enemies":"Lagavulin","floor":12,"turns":5},{"damage":0,"enemies":"Large Slime","floor":13,"turns":4},{"damage":0,"enemies":"2 Fungi Beasts","floor":14,"turns":3},{"damage":0,"enemies":"The Guardian","floor":16,"turns":11},{"damage":2,"enemies":"Spheric Guardian","floor":18,"turns":9},{"damage":6,"enemies":"2 Thieves","floor":21,"turns":4},{"damage":0,"enemies":"Snake Plant","floor":22,"turns":5},{"damage":31,"enemies":"Slavers","floor":24,"turns":5},{"damage":37,"enemies":"Shelled Parasite and Fungi","floor":27,"turns":4},{"damage":11,"enemies":"Centurion and Healer","floor":28,"turns":5},{"damage":5,"enemies":"Snake Plant","floor":29,"turns":4},{"damage":0,"enemies":"Chosen and Byrds","floor":30,"turns":4},{"damage":28,"enemies":"Collector","floor":33,"turns":6}],"seed_played":"-491563561840520085","potions_obtained":[{"floor":4,"key":"Explosive Potion"},{"floor":6,"key":"Fire Potion"},{"floor":10,"key":"GhostInAJar"},{"floor":14,"key":"Dexterity Potion"},{"floor":22,"key":"EssenceOfSteel"},{"floor":28,"key":"Dexterity Potion"}],"is_trial":false,"path_per_floor":["M","?","?","M","M","E","R","M","T","M","?","E","M","M","R","B",null,"M","?","$","M","M","R","E","R","T","M","M","M","M","?","R","B"],"character_chosen":"THE_SILENT","items_purchased":["Mummified Hand","Caltrops","Happy Flower"],"campfire_rested":3,"item_purchase_floors":[20,20,20],"current_hp_per_floor":[59,59,59,59,57,50,50,50,50,43,32,17,17,17,51,51,62,60,60,60,54,54,54,23,57,57,20,9,4,4,4,38,10],"gold":164,"neow_bonus":"BOSS_RELIC","is_prod":false,"is_daily":false,"chose_seed":false,"campfire_upgraded":2,"win_rate":0,"timestamp":1554670070,"path_taken":["M","?","?","M","M","E","R","M","T","?","?","E","M","M","R","BOSS","M","?","$","M","M","R","E","R","T","?","M","M","M","?","R","BOSS"],"build_version":"2019-01-23","purchased_purges":1,"victory":false,"max_hp_per_floor":[66,66,66,66,66,66,66,66,66,66,66,66,66,66,66,66,66,66,66,66,66,66,66,66,66,66,66,66,66,66,66,66,66],"card_choices":[{"not_picked":["Slice","Accuracy"],"picked":"Dagger Spray","floor":1},{"not_picked":["Deflect","Quick Slash"],"picked":"Dagger Spray","floor":4},{"not_picked":["Catalyst","Bane"],"picked":"Backflip","floor":5},{"not_picked":["Acrobatics","Cloak And Dagger"],"picked":"After Image","floor":6},{"not_picked":["Slice","Dagger Spray"],"picked":"Deadly Poison","floor":8},{"not_picked":["Deadly Poison","Setup"],"picked":"Dash","floor":10},{"not_picked":["Blade Dance","Quick Slash"],"picked":"Prepared","floor":12},{"not_picked":["Infinite Blades","Eviscerate"],"picked":"Leg Sweep","floor":13},{"not_picked":["Slice","Predator","Backstab"],"picked":"SKIP","floor":14},{"not_picked":["Envenom","Die Die Die"],"picked":"Corpse Explosion","floor":16},{"not_picked":["Bane","Choke","Cloak And Dagger"],"picked":"SKIP","floor":18},{"not_picked":["Predator","Finisher+1","Skewer"],"picked":"SKIP","floor":21},{"not_picked":["Well Laid Plans+1","Slice"],"picked":"Poisoned Stab+1","floor":22},{"not_picked":["Prepared","Night Terror"],"picked":"Envenom","floor":24},{"not_picked":["Dash","Heel Hook"],"picked":"Poisoned Stab","floor":27},{"not_picked":["Infinite Blades","Accuracy"],"picked":"Acrobatics+1","floor":28},{"not_picked":["Bane","Outmaneuver","Flying Knee"],"picked":"SKIP","floor":29},{"not_picked":["Flying Knee","Cloak And Dagger","Sucker Punch"],"picked":"SKIP","floor":30}],"player_experience":485748,"relics_obtained":[{"floor":6,"key":"Lantern"},{"floor":9,"key":"Regal Pillow"},{"floor":12,"key":"Oddly Smooth Stone"},{"floor":24,"key":"Orichalcum"},{"floor":26,"key":"Nunchaku"}],"event_choices":[{"cards_removed":["Defend_G"],"damage_healed":0,"gold_gain":0,"player_choice":"Card Removal","damage_taken":0,"max_hp_gain":0,"max_hp_loss":0,"event_name":"The Cleric","floor":2,"gold_loss":75},{"damage_healed":0,"gold_gain":0,"player_choice":"Forge","damage_taken":0,"max_hp_gain":0,"max_hp_loss":0,"event_name":"Accursed Blacksmith","floor":3,"gold_loss":0,"cards_upgraded":["Neutralize"]},{"damage_healed":0,"gold_gain":75,"player_choice":"Gather Gold","damage_taken":11,"max_hp_gain":0,"max_hp_loss":0,"event_name":"World of Goop","floor":11,"gold_loss":0},{"damage_healed":0,"gold_gain":275,"player_choice":"Desecrate","damage_taken":0,"max_hp_gain":0,"max_hp_loss":0,"event_name":"Golden Shrine","floor":19,"gold_loss":0,"cards_obtained":["Regret"]},{"damage_healed":0,"gold_gain":0,"player_choice":"Read","damage_taken":0,"max_hp_gain":0,"max_hp_loss":0,"event_name":"The Library","floor":31,"gold_loss":0,"cards_obtained":["Crippling Poison"]}],"is_beta":false,"boss_relics":[{"not_picked":["Eternal Feather","Black Star"],"picked":"Runic Pyramid"}],"items_purged_floors":[20],"is_endless":false,"potions_floor_spawned":[4,6,10,14,18,22,28],"killed_by":"Collector","ascension_level":16}