{"gold_per_floor":[113,63,63,138,138,173,173,173,255,255,255,355,355,394,394,524,524,542,562,263,294,308,308,383,422,422,435,435,435,435,90,90,211,211,225,225,246,246,246,290,290,321,321,458,484,54,54,78,78,78,78,78,26,26],"floor_reached":54,"playtime":2736,"items_purged":["Adrenaline","Strike_G+1"],"score":899,"play_id":"9964d433-6510-49e0-ad22-5b6dff736402","local_time":"20181121211027","is_ascension_mode":true,"campfire_choices":[{"data":"Noxious Fumes","floor":7.0,"key":"SMITH"},{"floor":11.0,"key":"REST"},{"floor":13.0,"key":"RECALL"},{"data":"Dagger Spray","floor":15.0,"key":"SMITH"},{"floor":23.0,"key":"REST"},{"data":"Finisher","floor":29.0,"key":"SMITH"},{"floor":32.0,"key":"REST"},{"floor":41,"key":"REST"},{"floor":49,"key":"REST"},{"data":"Footwork","floor":52,"key":"SMITH"}],"neow_cost":"NONE","seed_source_timestamp":532770226503677,"circlet_count":0,"master_deck":["Defend_G+1","Defend_G+1","Defend_G+1","Defend_G+1","Defend_G+1","Strike_G+1","Strike_G+1","Survivor","Neutralize+1","Finisher+1","Noxious Fumes+1","Dagger Spray+1","Footwork+1","Slice","Blade Dance","PiercingWail","Infinite Blades+1","Escape Plan","After Image","Accuracy+1","A Thousand Cuts","Backstab","Adrenaline","Finisher+1","Infinite Blades+1","Heel Hook+1","Madness","Madness","Dodge and Roll+1","Cloak And Dagger+1","Deflect"],"special_seed":0,"relics":["Ring of the Serpent","NeowsBlessing","Juzu Bracelet","Golden Idol","Torii","Meat on the Bone","Vajra","Strawberry","Red Mask","Boot","Oddly Smooth Stone","WristBlade","Art of War","Ice Cream","MawBank","Tough Bandages","Dead Branch"],"potions_floor_usage":[37,40,40,40,44,50],"damage_taken":[{"damage":0.0,"enemies":"2 Louse","floor":1.0,"turns":1.0},{"damage":0.0,"enemies":"3 Sentries","floor":6.0,"turns":1.0},{"damage":0.0,"enemies":"Lagavulin","floor":14.0,"turns":1.0},{"damage":20.0,"enemies":"Slime Boss","floor":16.0,"turns":9.0},{"damage":18.0,"enemies":"2 Thieves","floor":18.0,"turns":4.0},{"damage":8.0,"enemies":"Shell Parasite","floor":19.0,"turns":6.0},{"damage":28.0,"enemies":"Masked Bandits","floor":21.0,"turns":4.0},{"damage":20.0,"enemies":"3 Cultists","floor":22.0,"turns":5.0},{"damage":2.0,"enemies":"Gremlin Leader","floor":25.0,"turns":6.0},{"damage":1.0,"enemies":"Centurion and Healer","floor":27.0,"turns":9.0},{"damage":26.0,"enemies":"Automaton","floor":33.0,"turns":9.0},{"damage":25.0,"enemies":"3 Shapes","floor":35.0,"turns":8.0},{"damage":35,"enemies":"3 Darklings","floor":37,"turns":5},{"damage":29,"enemies":"Reptomancer","floor":40,"turns":7},{"damage":27,"enemies":"Nemesis","floor":42,"turns":5},{"damage":1,"enemies":"Mind Bloom Boss Battle","floor":44,"turns":4},{"damage":0,"enemies":"Transient","floor":45,"turns":5},{"damage":7,"enemies":"Sphere and 2 Shapes","floor":48,"turns":4},{"damage":46,"enemies":"Time Eater","floor":50,"turns":12},{"damage":74,"enemies":"Shield and Spear","floor":54,"turns":5}],"seed_played":"-1817749258391226688","potions_obtained":[{"floor":1.0,"key":"EssenceOfSteel"},{"floor":14.0,"key":"Poison Potion"},{"floor":19.0,"key":"Poison Potion"},{"floor":25.0,"key":"Poison Potion"},{"floor":27.0,"key":"EssenceOfSteel"},{"floor":37,"key":"SkillPotion"},{"floor":40,"key":"EssenceOfSteel"}],"is_trial":false,"path_per_floor":["M","?","?","?","?","E","R","?","T","?","R","?","R","E","R","B",null,"M","M","$","?","M","R","?","E","T","M","?","R","?","$","R","B","B",null,"M","?","M","?","?","E","R","E","T","?","M","$","$","M","R","B",null,"R","$","E"],"character_chosen":"THE_SILENT","items_purchased":["Blade Dance","Strawberry","PiercingWail","A Thousand Cuts","Oddly Smooth Stone","Backstab","SteroidPotion","Dexterity Potion","Dead Branch","Deflect"],"campfire_rested":5,"item_purchase_floors":[20,20,20,31,31,31,31,46,46,53],"current_hp_per_floor":[70,70,70,59,42,42,42,42,42,42,63,63,63,63,63,43,70,52,44,51,35,27,50,43,41,41,40,40,40,40,40,63,49,77,52,52,29,67,59,42,62,35,35,34,34,34,34,39,59,25,67,67,67,0],"gold":26,"neow_bonus":"THREE_ENEMY_KILL","is_prod":false,"is_daily":false,"chose_seed":false,"campfire_upgraded":4,"win_rate":0,"timestamp":1542831027,"path_taken":["M","?","?","?","?","E","R","?","T","?","R","?","R","E","R","BOSS","M","M","?","?","M","R","?","E","T","M","?","R","?","$","R","BOSS","BOSS","M","?","M","?","?","E","R","E","T","?","M","?","$","M","R","BOSS","R","$","E"],"build_version":"2018-11-15","purchased_purges":2,"victory":false,"max_hp_per_floor":[70,70,70,70,70,70,70,70,70,70,70,70,70,70,70,70,70,70,70,77,77,77,77,77,77,77,77,77,77,77,77,77,77,77,77,77,77,67,67,67,67,67,67,67,67,67,67,67,67,67,67,67,67,67],"card_choices":[{"not_picked":["Slice","Caltrops"],"picked":"Finisher","floor":1.0},{"not_picked":["Sucker Punch","Predator"],"picked":"Noxious Fumes","floor":6.0},{"not_picked":["Dagger Throw","Tactician"],"picked":"Dagger Spray","floor":14.0},{"not_picked":["Doppelganger","Glass Knife"],"picked":"Adrenaline","floor":16.0},{"not_picked":["Reflex","Terror"],"picked":"Footwork","floor":18.0},{"not_picked":["Escape Plan","Catalyst"],"picked":"Slice","floor":19.0},{"not_picked":["Underhanded Strike+1","Acrobatics"],"picked":"Infinite Blades+1","floor":21.0},{"not_picked":["Footwork","Dagger Spray"],"picked":"Escape Plan","floor":22.0},{"not_picked":["Well Laid Plans","All Out Attack"],"picked":"After Image","floor":25.0},{"not_picked":["Bane","PiercingWail"],"picked":"Accuracy+1","floor":27.0},{"not_picked":["Wraith Form v2","Corpse Explosion"],"picked":"Adrenaline","floor":33.0},{"not_picked":["Sucker Punch","Prepared+1"],"picked":"Finisher+1","floor":35.0},{"not_picked":["Footwork+1","Sucker Punch+1"],"picked":"Heel Hook+1","floor":37},{"not_picked":["Quick Slash","Outmaneuver+1"],"picked":"Dodge and Roll+1","floor":40},{"not_picked":["Dagger Spray","Riddle With Holes+1"],"picked":"Cloak And Dagger+1","floor":42},{"not_picked":["Noxious Fumes+1","Endless Agony","Prepared+1"],"picked":"SKIP","floor":45},{"not_picked":["Catalyst+1","Deadly Poison+1","Flechettes"],"picked":"SKIP","floor":48}],"player_experience":245918,"relics_obtained":[{"floor":6.0,"key":"Torii"},{"floor":9.0,"key":"Meat on the Bone"},{"floor":14.0,"key":"Vajra"},{"floor":21.0,"key":"Red Mask"},{"floor":25.0,"key":"Boot"},{"floor":40,"key":"Art of War"},{"floor":42,"key":"Ice Cream"},{"floor":43,"key":"MawBank"},{"floor":44,"key":"Tough Bandages"}],"event_choices":[{"cards_removed":["Strike_G"],"damage_healed":0.0,"max_hp_gain":0.0,"max_hp_loss":0.0,"gold_gain":0.0,"event_name":"The Cleric","player_choice":"Card Removal","floor":2.0,"gold_loss":50.0,"damage_taken":0.0},{"damage_healed":0.0,"max_hp_gain":0.0,"max_hp_loss":0.0,"gold_gain":0.0,"event_name":"WeMeetAgain","player_choice":"Gave Potion","floor":3.0,"gold_loss":0.0,"damage_taken":0.0,"relics_obtained":["Juzu Bracelet"]},{"damage_healed":0.0,"max_hp_gain":0.0,"max_hp_loss":0.0,"gold_gain":75.0,"event_name":"World of Goop","player_choice":"Gather Gold","floor":4.0,"gold_loss":0.0,"damage_taken":11.0},{"damage_healed":0.0,"max_hp_gain":0.0,"max_hp_loss":0.0,"gold_gain":0.0,"event_name":"Golden Idol","player_choice":"Take Damage","floor":5.0,"gold_loss":0.0,"damage_taken":17.0,"relics_obtained":["Golden Idol"]},{"damage_healed":0.0,"max_hp_gain":0.0,"max_hp_loss":0.0,"gold_gain":0.0,"event_name":"Upgrade Shrine","player_choice":"Upgraded","floor":8.0,"gold_loss":0.0,"damage_taken":0.0,"cards_upgraded":["Neutralize"]},{"cards_removed":["Strike_G"],"damage_healed":0.0,"max_hp_gain":0.0,"max_hp_loss":0.0,"gold_gain":0.0,"event_name":"Living Wall","player_choice":"Forget","floor":10.0,"gold_loss":0.0,"damage_taken":0.0},{"damage_healed":0.0,"max_hp_gain":0.0,"max_hp_loss":0.0,"gold_gain":100.0,"event_name":"Golden Shrine","player_choice":"Pray","floor":12.0,"gold_loss":0.0,"damage_taken":0.0},{"damage_healed":0.0,"max_hp_gain":0.0,"max_hp_loss":0.0,"gold_gain":0.0,"event_name":"Masked Bandits","player_choice":"Fought Bandits","floor":21.0,"gold_loss":0.0,"damage_taken":0.0},{"damage_healed":0.0,"max_hp_gain":0.0,"max_hp_loss":0.0,"gold_gain":75.0,"event_name":"FaceTrader","player_choice":"Touch","floor":24.0,"gold_loss":0.0,"damage_taken":7.0},{"damage_healed":0.0,"max_hp_gain":0.0,"max_hp_loss":0.0,"gold_gain":0.0,"event_name":"Vampires","player_choice":"Ignored","floor":28.0,"gold_loss":0.0,"damage_taken":0.0},{"damage_healed":0.0,"max_hp_gain":0.0,"max_hp_loss":0.0,"gold_gain":0.0,"event_name":"Back to Basics","player_choice":"Simplicity","floor":30.0,"gold_loss":0.0,"damage_taken":0.0,"cards_upgraded":["Defend_G","Defend_G","Defend_G","Defend_G","Defend_G","Strike_G","Strike_G","Strike_G"]},{"damage_healed":0.0,"max_hp_gain":0.0,"max_hp_loss":0.0,"gold_gain":0.0,"event_name":"Duplicator","player_choice":"Copied","floor":36.0,"gold_loss":0.0,"damage_taken":0.0,"cards_obtained":["Infinite Blades"]},{"damage_healed":67,"gold_gain":0,"player_choice":"Heal","damage_taken":0,"max_hp_gain":0,"max_hp_loss":10,"event_name":"The Moai Head","floor":38,"gold_loss":0},{"damage_healed":0,"gold_gain":0,"player_choice":"Embrace Madness","damage_taken":8,"max_hp_gain":0,"max_hp_loss":0,"event_name":"Winding Halls","floor":39,"gold_loss":0,"cards_obtained":["Madness","Madness"]},{"damage_healed":0,"gold_gain":0,"player_choice":"Fight","damage_taken":0,"max_hp_gain":0,"max_hp_loss":0,"event_name":"MindBloom","floor":44,"gold_loss":0}],"is_beta":true,"boss_relics":[{"not_picked":["Black Star","HoveringKite"],"picked":"Ring of the Serpent"},{"not_picked":["Velvet Choker","Cursed Key"],"picked":"WristBlade"}],"items_purged_floors":[20,46],"is_endless":false,"potions_floor_spawned":[1,14,19,25,27,37,40],"killed_by":"Shield and Spear","ascension_level":3}