{"gold_per_floor":[109,59,69,82,82,109,109,123,147,167,202,213,213,229,229,332,332,343,363,208,15,25,25,57,109,155,30,49,49,61,61,61,162,162,182,182,201,201,201,201,220,236,236,236,264,264,114,132,132,132],"floor_reached":51,"playtime":8414,"items_purged":["Defend_G","Strike_G","Strike_G","Pain"],"score":959,"play_id":"54c4d323-3817-4c62-a105-ccb26085598a","local_time":"20180701225224","is_ascension_mode":false,"campfire_choices":[{"floor":7,"key":"REST"},{"floor":13,"key":"REST"},{"data":"Terror","floor":15,"key":"SMITH"},{"data":"Footwork","floor":23,"key":"SMITH"},{"data":"Endless Agony","floor":29,"key":"SMITH"},{"data":"Distraction","floor":32,"key":"SMITH"},{"data":"Noxious Fumes","floor":40,"key":"SMITH"},{"data":"Noxious Fumes","floor":44,"key":"SMITH"},{"floor":49,"key":"REST"}],"neow_cost":"NONE","seed_source_timestamp":264173728131758,"circlet_count":0,"master_deck":["Defend_G","Strike_G","Survivor","Neutralize","Quick Slash","Escape Plan","Terror+1","Distraction","Escape Plan","Distraction+1","Footwork+1","Venomology","Leg Sweep+1","Bouncing Flask+1","Cloak And Dagger+1","Noxious Fumes+1","Noxious Fumes+1","Flash of Steel","Endless Agony+1","Finisher+1","Envenom","Madness","Madness","Deadly Poison+1","Expertise+1","Leg Sweep+1","All Out Attack+1"],"special_seed":17713,"relics":["Ring of the Snake","Singing Bowl","Strawberry","Dream Catcher","Regal Pillow","Astrolabe","Happy Flower","Pen Nib","Snake Skull","Cursed Key","Bottled Flame","Tough Bandages","The Specimen"],"potions_floor_usage":[6,6,14,14,19,22,24,28,30,30,33,35,42,42,45,45,48,50,50],"damage_taken":[{"damage":5,"enemies":"Jaw Worm","floor":1,"turns":7},{"damage":0,"enemies":"2 Louse","floor":3,"turns":3},{"damage":0,"enemies":"Small Slimes","floor":4,"turns":3},{"damage":42,"enemies":"Lagavulin","floor":6,"turns":12},{"damage":0,"enemies":"3 Louse","floor":8,"turns":5},{"damage":1,"enemies":"Blue Slaver","floor":10,"turns":4},{"damage":23,"enemies":"3 Sentries","floor":11,"turns":11},{"damage":1,"enemies":"Red Slaver","floor":12,"turns":5},{"damage":1,"enemies":"Exordium Thugs","floor":14,"turns":6},{"damage":34,"enemies":"The Guardian","floor":16,"turns":19},{"damage":9,"enemies":"Chosen","floor":18,"turns":7},{"damage":17,"enemies":"3 Byrds","floor":19,"turns":7},{"damage":1,"enemies":"Snake Plant","floor":22,"turns":5},{"damage":22,"enemies":"Slavers","floor":24,"turns":8},{"damage":0,"enemies":"Snecko","floor":28,"turns":5},{"damage":8,"enemies":"Centurion and Healer","floor":30,"turns":5},{"damage":54,"enemies":"Champ","floor":33,"turns":10},{"damage":5,"enemies":"Orb Walker","floor":35,"turns":4},{"damage":3,"enemies":"3 Shapes","floor":37,"turns":5},{"damage":7,"enemies":"3 Darklings","floor":41,"turns":4},{"damage":0,"enemies":"Maw","floor":42,"turns":5},{"damage":46,"enemies":"Giant Head","floor":45,"turns":8},{"damage":2,"floor":46,"turns":6},{"damage":7,"enemies":"4 Shapes","floor":48,"turns":5},{"damage":22,"enemies":"Awakened One","floor":50,"turns":12}],"seed_played":"4188138855513765663","potions_obtained":[{"floor":1,"key":"SpeedPotion"},{"floor":4,"key":"Explosive Potion"},{"floor":10,"key":"Strength Potion"},{"floor":11,"key":"EssenceOfSteel"},{"floor":16,"key":"Regen Potion"},{"floor":18,"key":"Ancient Potion"},{"floor":22,"key":"GhostInAJar"},{"floor":24,"key":"AttackPotion"},{"floor":30,"key":"Swift Potion"},{"floor":41,"key":"Swift Potion"},{"floor":42,"key":"GhostInAJar"}],"is_trial":false,"path_per_floor":["M","?","M","M","?","E","R","M","T","M","E","M","R","M","R","B",null,"M","M","$","$","M","R","E","T","T","$","M","R","M","?","R","B",null,"M","?","M","?","?","R","M","M","T","R","E","?","$","M","R","B"],"character_chosen":"THE_SILENT","items_purchased":["Noxious Fumes","Flash of Steel"],"campfire_rested":3,"item_purchase_floors":[20,21],"current_hp_per_floor":[67,67,67,67,67,32,55,55,55,56,33,32,73,72,72,38,83,76,74,74,74,73,73,51,51,51,51,53,53,47,76,76,22,89,86,75,74,74,74,74,67,69,69,69,23,21,21,16,60,38],"gold":132,"neow_bonus":"RANDOM_COMMON_RELIC","is_prod":false,"is_daily":false,"chose_seed":false,"campfire_upgraded":6,"win_rate":0,"timestamp":1530481944,"path_taken":["M","?","M","M","?","E","R","M","T","M","E","M","R","M","R","BOSS","M","M","?","$","M","R","E","?","T","?","M","R","M","?","R","BOSS","M","?","M","?","?","R","M","?","T","R","E","?","$","M","R","BOSS"],"build_version":"2018-06-28","purchased_purges":4,"victory":true,"max_hp_per_floor":[72,72,72,72,72,79,79,79,79,81,81,81,83,83,83,83,83,85,85,85,85,85,85,85,85,85,85,87,87,89,89,89,89,89,91,91,93,93,93,93,93,95,95,95,95,95,95,97,97,97],"card_choices":[{"not_picked":["Accuracy","Deflect","Cloak And Dagger"],"picked":"Singing Bowl","floor":1},{"not_picked":["Deadly Poison","Calculated Gamble"],"picked":"Quick Slash","floor":3},{"not_picked":["PiercingWail","Acrobatics"],"picked":"Escape Plan","floor":4},{"not_picked":["Reflex","Escape Plan"],"picked":"Terror","floor":6},{"not_picked":["Cloak And Dagger","Infinite Blades"],"picked":"Distraction","floor":8},{"not_picked":["Flying Knee","Deadly Poison","Terror"],"picked":"Singing Bowl","floor":10},{"not_picked":["Tactician","Slice"],"picked":"Escape Plan","floor":11},{"not_picked":["Blur","Deflect"],"picked":"Distraction","floor":12},{"not_picked":["Choke","Terror","Leg Sweep"],"picked":"Singing Bowl","floor":13},{"not_picked":["All Out Attack","Slice"],"picked":"Footwork","floor":14},{"not_picked":["Glass Knife","Unload"],"picked":"Venomology","floor":16},{"not_picked":["PiercingWail","Dagger Throw","Dodge and Roll"],"picked":"Singing Bowl","floor":18},{"not_picked":["Infinite Blades","Caltrops+1"],"picked":"Noxious Fumes","floor":19},{"not_picked":["Underhanded Strike","Flying Knee+1"],"picked":"Endless Agony","floor":22},{"not_picked":["Dodge and Roll+1","Backflip"],"picked":"Finisher+1","floor":24},{"not_picked":["Underhanded Strike","Flying Knee","Deflect+1"],"picked":"Singing Bowl","floor":28},{"not_picked":["Slice","Prepared","Dagger Throw"],"picked":"Singing Bowl","floor":30},{"not_picked":["Bullet Time","Tools of the Trade"],"picked":"Envenom","floor":33},{"not_picked":["PiercingWail","Choke","Underhanded Strike+1"],"picked":"Singing Bowl","floor":35},{"not_picked":["Dagger Spray+1","Slice","Dodge and Roll+1"],"picked":"Singing Bowl","floor":37},{"not_picked":["Cloak And Dagger","Eviscerate+1"],"picked":"Deadly Poison+1","floor":41},{"not_picked":["Poisoned Stab","All Out Attack","Outmaneuver"],"picked":"Singing Bowl","floor":42},{"not_picked":["PiercingWail+1","Sucker Punch"],"picked":"Expertise+1","floor":45},{"not_picked":["Dash+1","Accuracy"],"picked":"Leg Sweep+1","floor":46},{"not_picked":["Dodge and Roll+1","Sucker Punch","Caltrops+1"],"picked":"Singing Bowl","floor":48},{"not_picked":["Slice","Dodge and Roll"],"picked":"All Out Attack+1","floor":49}],"player_experience":238220,"relics_obtained":[{"floor":6,"key":"Strawberry"},{"floor":9,"key":"Dream Catcher"},{"floor":11,"key":"Regal Pillow"},{"floor":24,"key":"Happy Flower"},{"floor":25,"key":"Pen Nib"},{"floor":26,"key":"Snake Skull"},{"floor":43,"key":"Bottled Flame"},{"floor":45,"key":"Tough Bandages"},{"floor":46,"key":"The Specimen"}],"event_choices":[{"event_name":"The Cleric","player_choice":"Card Removal","floor":2,"damage_taken":0},{"event_name":"Liars Game","player_choice":"disagreed","floor":5,"damage_taken":0},{"event_name":"The Library","player_choice":"Heal","floor":31,"damage_taken":0},{"event_name":"Winding Halls","player_choice":"Embrace Madness","floor":36,"damage_taken":0},{"event_name":"Tomb of Lord Red Mask","player_choice":"Ignored","floor":38,"damage_taken":0},{"event_name":"Falling","player_choice":"Removed Skill","floor":39,"damage_taken":0},{"event_name":"MindBloom","player_choice":"Fight","floor":46,"damage_taken":0}],"boss_relics":[{"not_picked":["Busted Crown","Runic Dome"],"picked":"Astrolabe"},{"not_picked":["Tiny House","Runic Pyramid"],"picked":"Cursed Key"}],"items_purged_floors":[20,21,27,47],"is_endless":false,"potions_floor_spawned":[1,4,10,11,16,18,22,24,30,41,42,46],"ascension_level":0}