{"gold_per_floor":[359,378,5,5,5,5,5,40,40,40,65,81,122,136,136,234,234,249,95,95,95,95],"floor_reached":22,"playtime":1758,"items_purged":["Doubt"],"score":354,"play_id":"80722206-0ddb-435d-9ed1-ee7e8e329158","local_time":"20190522205106","is_ascension_mode":true,"campfire_choices":[{"data":"Neutralize","floor":6,"key":"SMITH"},{"floor":10,"key":"REST"},{"floor":15,"key":"REST"}],"neow_cost":"TEN_PERCENT_HP_LOSS","seed_source_timestamp":281401307384246,"circlet_count":0,"master_deck":["AscendersBane","Defend_G","Defend_G","Defend_G","Defend_G","Defend_G","Strike_G","Strike_G","Strike_G","Strike_G","Strike_G","Survivor","Neutralize+1","Backflip","Bane","Noxious Fumes+1","Poisoned Stab","Infinite Blades","Acrobatics","Finisher","Prepared","A Thousand Cuts","Decay","Writhe","Predator+1","Accuracy","RitualDagger"],"relics":["Ring of the Snake","Mercury Hourglass","Golden Idol","Spirit Poop","Kunai","Question Card","Calipers","Calling Bell","Ancient Tea Set","Sundial","Bird Faced Urn"],"potions_floor_usage":[14,16,18],"damage_taken":[{"damage":10,"enemies":"Small Slimes","floor":1,"turns":4},{"damage":1,"enemies":"2 Louse","floor":2,"turns":5},{"damage":28,"enemies":"Gremlin Nob","floor":8,"turns":5},{"damage":0,"enemies":"Cultist","floor":11,"turns":3},{"damage":5,"enemies":"Large Slime","floor":12,"turns":6},{"damage":22,"enemies":"3 Sentries","floor":13,"turns":5},{"damage":3,"enemies":"Looter","floor":14,"turns":3},{"damage":9,"enemies":"Hexaghost","floor":16,"turns":10},{"damage":33,"enemies":"Spheric Guardian","floor":18,"turns":6},{"damage":43,"enemies":"Shell Parasite","floor":22,"turns":6}],"seed_played":"-6074438680654065566","potions_obtained":[{"floor":8,"key":"EssenceOfSteel"},{"floor":12,"key":"Weak Potion"},{"floor":16,"key":"Regen Potion"}],"is_trial":false,"path_per_floor":["M","M","$","?","?","R","?","E","T","R","M","M","E","M","R","B",null,"M","$","?","?","M"],"character_chosen":"THE_SILENT","items_purchased":["Mercury Hourglass","Noxious Fumes","Accuracy"],"campfire_rested":2,"item_purchase_floors":[3,3,19],"current_hp_per_floor":[49,48,48,48,48,48,48,20,20,38,38,33,11,8,26,17,49,34,34,28,28,0],"gold":95,"neow_bonus":"TWO_FIFTY_GOLD","is_prod":false,"is_daily":false,"chose_seed":false,"campfire_upgraded":1,"win_rate":0,"timestamp":1558583466,"path_taken":["M","M","$","?","?","R","?","E","T","R","M","?","E","M","R","BOSS","M","$","?","?","M"],"build_version":"2019-01-23","purchased_purges":1,"victory":false,"max_hp_per_floor":[60,60,60,60,60,60,60,60,60,60,60,60,60,60,60,60,60,60,60,60,60,60],"card_choices":[{"not_picked":["Cloak And Dagger","Deadly Poison"],"picked":"Backflip","floor":1},{"not_picked":["Slice","Acrobatics"],"picked":"Bane","floor":2},{"not_picked":["Caltrops","Quick Slash"],"picked":"Poisoned Stab","floor":8},{"not_picked":["Underhanded Strike","All Out Attack","Prepared"],"picked":"Infinite Blades","floor":11},{"not_picked":["Quick Slash","Backflip","All Out Attack"],"picked":"Acrobatics","floor":12},{"not_picked":["Bouncing Flask","Choke","Slice"],"picked":"Finisher","floor":13},{"not_picked":["Outmaneuver","Quick Slash","Tactician"],"picked":"Prepared","floor":14},{"not_picked":["Malaise","Grand Finale","After Image"],"picked":"A Thousand Cuts","floor":16},{"not_picked":["Tactician","Acrobatics","Backflip"],"picked":"Predator+1","floor":18}],"player_experience":668513,"relics_obtained":[{"floor":8,"key":"Kunai"},{"floor":9,"key":"Question Card"},{"floor":13,"key":"Calipers"},{"floor":17,"key":"Ancient Tea Set"},{"floor":17,"key":"Sundial"},{"floor":17,"key":"Bird Faced Urn"}],"event_choices":[{"damage_healed":0,"gold_gain":0,"player_choice":"Grow","damage_taken":0,"max_hp_gain":0,"max_hp_loss":0,"event_name":"Living Wall","floor":4,"gold_loss":0,"cards_upgraded":["Noxious Fumes"]},{"damage_healed":0,"gold_gain":0,"player_choice":"Take Wound","damage_taken":0,"relics_obtained":["Golden Idol"],"max_hp_gain":0,"max_hp_loss":0,"event_name":"Golden Idol","floor":5,"gold_loss":0,"cards_obtained":["Injury"]},{"cards_removed":["Injury"],"damage_healed":0,"gold_gain":0,"player_choice":"Offered Curse","damage_taken":0,"relics_obtained":["Spirit Poop"],"max_hp_gain":0,"max_hp_loss":0,"event_name":"Bonfire Elementals","floor":7,"gold_loss":0},{"damage_healed":0,"gold_gain":0,"player_choice":"Joined the Cult","damage_taken":6,"max_hp_gain":0,"max_hp_loss":0,"event_name":"Nest","floor":20,"gold_loss":0,"cards_obtained":["RitualDagger"]},{"damage_healed":0,"gold_gain":0,"player_choice":"Ignored","damage_taken":0,"max_hp_gain":0,"max_hp_loss":0,"event_name":"Ghosts","floor":21,"gold_loss":0}],"is_beta":false,"boss_relics":[{"not_picked":["Ectoplasm","HoveringKite"],"picked":"Calling Bell"}],"items_purged_floors":[19],"is_endless":false,"potions_floor_spawned":[8,12,16],"killed_by":"Shell Parasite","ascension_level":17}