{"gold_per_floor":[112,187,197,6,6,25,50,50,76,76,76,1,1,19,19,91,91,91,46,46,46,0,0,0,0,0,0,0,0,0,0,0,0,0,0,0,0,0,0,0,0,0,0,0,0,0,0,0,0,0],"floor_reached":50,"playtime":2910,"items_purged":["Strike_G"],"score":1209,"play_id":"fe0bda06-c87b-47cf-8ec9-a35fe4d8dfe4","local_time":"20180810224341","is_ascension_mode":true,"campfire_choices":[{"data":"Dash","floor":8,"key":"SMITH"},{"floor":11,"key":"REST"},{"data":"Skewer","floor":15,"key":"SMITH"},{"data":"After Image","floor":23,"key":"SMITH"},{"data":"Dagger Spray","floor":28,"key":"SMITH"},{"data":"Cloak And Dagger","floor":32,"key":"SMITH"},{"data":"Madness","floor":40,"key":"SMITH"},{"floor":49,"key":"REST"}],"neow_cost":"NONE","seed_source_timestamp":394342519060847,"circlet_count":0,"master_deck":["Defend_G","Defend_G","Defend_G","Defend_G","Defend_G","Strike_G","Strike_G","Strike_G","Strike_G","Survivor","Neutralize+1","AscendersBane","Dash+1","Escape Plan","Skewer+1","Flying Knee","Escape Plan","After Image+1","Backstab","Dagger Spray+1","Infinite Blades+1","Ghostly","Ghostly","Ghostly","Ghostly","Ghostly","Expertise","Well Laid Plans","Cloak And Dagger+1","Flying Knee+1","Corpse Explosion","Madness+1","Madness","Terror","Dash+1","Calculated Gamble+1","Sucker Punch+1","Setup"],"relics":["Ring of the Snake","Vajra","ClockworkSouvenir","Blood Vial","Regal Pillow","Ectoplasm","Bag of Preparation","Bottled Flame","MawBank","Ornamental Fan","Runic Pyramid","Strawberry","Oddly Smooth Stone","Ancient Tea Set","Lantern"],"potions_floor_usage":[16,16,19,27,42,44,45,50],"damage_taken":[{"damage":0,"enemies":"Small Slimes","floor":1,"turns":4},{"damage":1,"enemies":"2 Louse","floor":3,"turns":3},{"damage":0,"enemies":"Jaw Worm","floor":6,"turns":4},{"damage":32,"enemies":"Lagavulin","floor":7,"turns":8},{"damage":3,"enemies":"Looter","floor":14,"turns":3},{"damage":0,"enemies":"Hexaghost","floor":16,"turns":11},{"damage":1,"enemies":"Spheric Guardian","floor":18,"turns":5},{"damage":14,"enemies":"2 Thieves","floor":19,"turns":4},{"damage":12,"enemies":"Centurion and Healer","floor":20,"turns":8},{"damage":17,"enemies":"Slavers","floor":24,"turns":8},{"damage":0,"enemies":"Sentry and Sphere","floor":25,"turns":6},{"damage":0,"enemies":"Gremlin Leader","floor":27,"turns":5},{"damage":0,"enemies":"Snecko","floor":29,"turns":5},{"damage":0,"enemies":"Snake Plant","floor":30,"turns":5},{"damage":2,"enemies":"Book of Stabbing","floor":31,"turns":6},{"damage":15,"enemies":"Automaton","floor":33,"turns":12},{"damage":0,"enemies":"3 Darklings","floor":35,"turns":4},{"damage":0,"enemies":"3 Shapes","floor":37,"turns":3},{"damage":0,"enemies":"Transient","floor":41,"turns":5},{"damage":0,"enemies":"2 Orb Walkers","floor":42,"turns":4},{"damage":8,"enemies":"Sphere and 2 Shapes","floor":44,"turns":4},{"damage":0,"enemies":"Flame Bruiser 2 Orb","floor":45,"turns":5},{"damage":24,"enemies":"Nemesis","floor":46,"turns":7},{"damage":0,"enemies":"Spire Growth","floor":47,"turns":6},{"damage":39,"enemies":"Time Eater","floor":50,"turns":13}],"seed_played":"2322206346040061248","potions_obtained":[{"floor":1,"key":"SpeedPotion"},{"floor":14,"key":"Dexterity Potion"},{"floor":18,"key":"SkillPotion"},{"floor":25,"key":"FearPotion"},{"floor":29,"key":"Weak Potion"},{"floor":33,"key":"Swift Potion"},{"floor":42,"key":"Explosive Potion"},{"floor":45,"key":"SpeedPotion"}],"is_trial":false,"path_per_floor":["M","?","M","$","?","M","E","R","T","?","R","$","?","M","R","B",null,"M","M","M","?","?","R","E","M","T","E","R","M","M","E","R","B",null,"M","?","M","$","?","R","M","E","T","M","M","E","M","T","R"],"character_chosen":"THE_SILENT","items_purchased":["ClockworkSouvenir"],"campfire_rested":2,"item_purchase_floors":[4],"current_hp_per_floor":[59,48,47,47,47,47,15,15,15,15,49,49,54,53,53,55,67,68,56,46,35,35,35,18,20,20,22,22,24,26,26,26,13,30,32,26,28,28,28,28,30,39,39,33,35,13,15,15,42,3],"gold":0,"neow_bonus":"RANDOM_COMMON_RELIC","is_prod":false,"is_daily":false,"chose_seed":false,"campfire_upgraded":6,"win_rate":0,"timestamp":1533955421,"path_taken":["M","?","M","$","?","M","E","R","T","?","R","$","?","M","R","BOSS","M","M","?","?","?","R","E","?","T","E","R","M","M","E","R","BOSS","M","?","M","$","?","R","M","E","T","M","M","E","?","?","R","BOSS"],"build_version":"2018-08-09","purchased_purges":1,"victory":false,"max_hp_per_floor":[66,66,66,66,66,66,66,66,66,66,66,66,71,71,71,71,71,71,71,71,35,35,35,35,35,35,35,35,35,35,35,35,35,35,35,35,35,35,35,35,35,42,42,42,42,42,42,42,42,42],"card_choices":[{"not_picked":["Deflect","Slice"],"picked":"Dash","floor":1},{"not_picked":["PiercingWail","Cloak And Dagger"],"picked":"Escape Plan","floor":3},{"not_picked":["Riddle With Holes","PiercingWail"],"picked":"Skewer","floor":6},{"not_picked":["Phantasmal Killer","Infinite Blades"],"picked":"Flying Knee","floor":7},{"not_picked":["Flying Knee","Cloak And Dagger"],"picked":"Escape Plan","floor":14},{"not_picked":["Tools of the Trade","Die Die Die"],"picked":"After Image","floor":16},{"not_picked":["Caltrops","Prepared+1"],"picked":"Backstab","floor":18},{"not_picked":["Backstab","Catalyst"],"picked":"Dagger Spray","floor":19},{"not_picked":["Bane","Poisoned Stab"],"picked":"Infinite Blades+1","floor":20},{"not_picked":["Bouncing Flask","Choke"],"picked":"Expertise","floor":24},{"not_picked":["Deadly Poison","Riddle With Holes"],"picked":"Well Laid Plans","floor":25},{"not_picked":["Sucker Punch","Glass Knife"],"picked":"Cloak And Dagger","floor":27},{"not_picked":["Catalyst","Bouncing Flask","Setup"],"picked":"SKIP","floor":29},{"not_picked":["Backflip","Blade Dance"],"picked":"Flying Knee+1","floor":30},{"not_picked":["Flying Knee+1","Dagger Throw","Bane"],"picked":"SKIP","floor":31},{"not_picked":["Night Terror","Grand Finale"],"picked":"Corpse Explosion","floor":33},{"not_picked":["All Out Attack+1","Distraction","Acrobatics"],"picked":"SKIP","floor":35},{"not_picked":["Dagger Spray","Slice","Distraction+1"],"picked":"SKIP","floor":37},{"not_picked":["Skewer","Sucker Punch","Deadly Poison"],"picked":"SKIP","floor":41},{"not_picked":["Backflip","Deflect"],"picked":"Terror","floor":42},{"not_picked":["Dagger Spray","Setup+1"],"picked":"Dash+1","floor":44},{"not_picked":["Bane","Noxious Fumes"],"picked":"Calculated Gamble+1","floor":45},{"not_picked":["Prepared+1","Slice"],"picked":"Sucker Punch+1","floor":46},{"not_picked":["PiercingWail+1","Terror"],"picked":"Setup","floor":47}],"player_experience":569401,"relics_obtained":[{"floor":7,"key":"Blood Vial"},{"floor":9,"key":"Regal Pillow"},{"floor":24,"key":"Bag of Preparation"},{"floor":26,"key":"Bottled Flame"},{"floor":27,"key":"MawBank"},{"floor":31,"key":"Ornamental Fan"},{"floor":42,"key":"Strawberry"},{"floor":43,"key":"Oddly Smooth Stone"},{"floor":46,"key":"Ancient Tea Set"},{"floor":48,"key":"Lantern"}],"event_choices":[{"event_name":"World of Goop","player_choice":"Gather Gold","floor":2,"damage_taken":0},{"event_name":"The Cleric","player_choice":"Leave","floor":5,"damage_taken":0},{"event_name":"Accursed Blacksmith","player_choice":"Forge","floor":10,"damage_taken":0},{"event_name":"Big Fish","player_choice":"Donut","floor":13,"damage_taken":0},{"event_name":"Ghosts","player_choice":"Became a Ghost","floor":21,"damage_taken":0},{"event_name":"Masked Bandits","player_choice":"Paid Fearfully","floor":22,"damage_taken":0},{"event_name":"Winding Halls","player_choice":"Embrace Madness","floor":36,"damage_taken":0},{"event_name":"SecretPortal","player_choice":"Rejected Portal.","floor":39,"damage_taken":0}],"is_beta":false,"boss_relics":[{"not_picked":["WristBlade","Calling Bell"],"picked":"Ectoplasm"},{"not_picked":["Runic Dome","White Beast Statue"],"picked":"Runic Pyramid"}],"items_purged_floors":[12],"is_endless":false,"potions_floor_spawned":[1,14,18,25,29,33,41,42,45],"killed_by":"Time Eater","ascension_level":15}