{"path_per_floor":["M","?","?","?","M","E","R","?","T","M","R","E","M","M","R","B",null,"M","?","$","?","T","R","M","M","T","M","$","R","M","M","R","B",null,"M","$","?","?","M"],"character_chosen":"THE_SILENT","items_purchased":[],"gold_per_floor":[99,99,99,99,99,99,99,99,99,99,99,99,69,69,69,69,69,24,24,24,24,24,24,24,24,24,24,24,24,24,24,24,24,24,24,24,24,0,0],"floor_reached":40,"campfire_rested":4,"playtime":4814,"current_hp_per_floor":[70,56,56,56,54,32,53,53,53,53,53,20,32,44,65,43,70,70,54,54,54,54,54,45,45,45,18,18,39,38,47,68,31,70,36,36,36,36,43],"items_purged":[],"gold":0,"score":346,"play_id":"74631466-bfc3-48a2-9cd6-4a17970621f9","is_prod":false,"is_daily":false,"is_ascension_mode":false,"campfire_upgraded":2,"path_taken":["M","?","?","?","M","E","R","?","T","M","R","E","?","M","R","BOSS","M","?","$","?","?","R","M","M","T","?","?","R","M","M","R","BOSS","M","$","?","?","M","E"],"build_version":"2018-02-15-PROD1","purchased_purges":0,"victory":false,"master_deck":["Defend_G+1","Defend_G","Defend_G+1","Defend_G","Defend_G","Strike_G","Strike_G","Strike_G","Strike_G","Strike_G","Survivor","Neutralize+1","Distraction+1","Injury","Underhanded Strike","Prepared+1","Backstab","Blur","Dash","Venomology+1","Burst","PiercingWail+1","Caltrops","Acrobatics+1","All Out Attack+1","Leg Sweep","Dodge and Roll","Wraith Form","Outmaneuver+1","PiercingWail"],"max_hp_per_floor":[70,70,70,70,70,70,70,70,70,70,70,70,70,70,70,70,70,70,70,70,70,70,70,70,70,70,70,70,70,70,70,70,70,70,70,70,70,70,70],"relics":["Ectoplasm","Golden Idol","Pen Nib","Meat on the Bone","Sundial","Anchor","Happy Flower","The Specimen","Nilry\u0027s Codex","War Paint","Oddly Smooth Stone","Runic Pyramid","Red Mask"],"card_choices":[{"not_picked":["Bouncing Flask","Backflip"],"picked":"Distraction"},{"not_picked":["Finisher","Acrobatics"],"picked":"Underhanded Strike"},{"not_picked":["Bane","Distraction"],"picked":"Prepared"},{"not_picked":["Well Laid Plans","Dagger Throw"],"picked":"Backstab"},{"not_picked":["Dagger Spray","Malaise"],"picked":"Blur"},{"not_picked":["Slice","Distraction"],"picked":"Dash"},{"not_picked":["Riddle With Holes","Sucker Punch"],"picked":"Venomology"},{"not_picked":["Tools of the Trade","Venomology"],"picked":"Burst"},{"not_picked":["Underhanded Strike","Acrobatics"],"picked":"PiercingWail"},{"not_picked":["Deadly Poison","Deflect"],"picked":"Caltrops"},{"not_picked":["Caltrops","Dash"],"picked":"Acrobatics"},{"not_picked":["Acrobatics","Finisher"],"picked":"All Out Attack"},{"not_picked":["Heel Hook","Calculated Gamble"],"picked":"Leg Sweep"},{"not_picked":["Deflect","Dash"],"picked":"Dodge and Roll"},{"not_picked":["Die Die Die","Night Terror"],"picked":"Wraith Form"},{"not_picked":["Dagger Spray","Bane"],"picked":"Outmaneuver"},{"not_picked":["Poisoned Stab","Quick Slash"],"picked":"PiercingWail"}],"player_experience":87666,"potions_floor_usage":[6,6,16,16,18,24,24,24,25,27,31,31,31,33,35,39,39,39],"damage_taken":[{"damage":0,"enemies":"Jaw Worm","floor":1,"turns":4},{"damage":2,"enemies":"Small Slimes","floor":5,"turns":4},{"damage":22,"enemies":"Lagavulin","floor":6,"turns":12},{"damage":0,"enemies":"2 Louse","floor":10,"turns":3},{"damage":45,"enemies":"Gremlin Nob","floor":12,"turns":5},{"damage":0,"enemies":"Looter","floor":13,"turns":3},{"damage":0,"enemies":"Exordium Wildlife","floor":14,"turns":4},{"damage":34,"enemies":"The Guardian","floor":16,"turns":24},{"damage":0,"enemies":"2 Thieves","floor":18,"turns":4},{"damage":9,"enemies":"Chosen","floor":24,"turns":5},{"damage":12,"enemies":"Centurion and Healer","floor":25,"turns":18},{"damage":39,"enemies":"Cultist and Chosen","floor":27,"turns":7},{"damage":1,"enemies":"Snecko","floor":30,"turns":6},{"damage":3,"enemies":"Centurion and Healer","floor":31,"turns":6},{"damage":49,"enemies":"Champ","floor":33,"turns":21},{"damage":34,"enemies":"3 Darklings","floor":35,"turns":6},{"damage":5,"enemies":"3 Shapes","floor":39,"turns":7},{"damage":47,"enemies":"2 Orb Walkers","floor":40,"turns":5}],"event_choices":[{"event_name":"Shining Light","player_choice":"Entered Light","floor":2,"damage_taken":0},{"event_name":"Golden Idol","player_choice":"Take Wound","floor":3,"damage_taken":0},{"event_name":"Accursed Blacksmith","player_choice":"Rummage","floor":4,"damage_taken":0},{"event_name":"Dead Adventurer","player_choice":"Searched \u00273\u0027 times","floor":8,"damage_taken":0},{"event_name":"Cursed Tome","player_choice":"Obtained Book","floor":19,"damage_taken":0},{"event_name":"Drug Dealer","player_choice":"Ignored","floor":21,"damage_taken":0},{"event_name":"The Moai Head","player_choice":"Ignored","floor":37,"damage_taken":0},{"event_name":"Tomb of Lord Red Mask","player_choice":"Paid","floor":38,"damage_taken":0}],"boss_relics":[{"not_picked":["Orrery","Sozu"],"picked":"The Specimen"},{"not_picked":["Runic Dome","Velvet Choker"],"picked":"Runic Pyramid"}],"potions_floor_spawned":[1,5,10,16,18,30,33,35],"seed_played":"-1903960322081249471","killed_by":"2 Orb Walkers","ascension_level":0,"is_trial":false}