{"gold_per_floor":[14,28,28,43,62,88,38,38,64,90,90,103,131,151,151,247,247,266,266,266,286,299,299,327,104,104,115,115,115,141,153,153,257,257,272,237,257,257,272,272,272],"floor_reached":41,"playtime":1981,"items_purged":[],"score":705,"play_id":"f627052a-becc-4e8c-9cab-a7eb73df2453","local_time":"20190303001838","is_ascension_mode":true,"campfire_choices":[{"floor":8,"key":"REST"},{"floor":11,"key":"REST"},{"floor":15,"key":"REST"},{"data":"Wraith Form v2","floor":23,"key":"SMITH"},{"floor":29,"key":"REST"},{"floor":32,"key":"REST"},{"data":"Footwork","floor":40,"key":"SMITH"}],"neow_cost":"NO_GOLD","seed_source_timestamp":150245772513645,"circlet_count":0,"master_deck":["AscendersBane","Defend_G+1","Defend_G+1","Defend_G+1","Strike_G+1","Survivor","Neutralize+1","Unload","Bane","Deadly Poison","Tactician","Cloak And Dagger","Wraith Form v2+1","Noxious Fumes","Calculated Gamble","Caltrops","Corpse Explosion","Predator+1","Eviscerate+1","Bane+1","Backflip+1","Calculated Gamble+1","Prepared","Dash","Crippling Poison","Dodge and Roll+1","Escape Plan","Malaise","Backflip","Footwork+1","Backflip+1","Quick Slash+1"],"relics":["Ring of the Snake","Boot","Regal Pillow","Strawberry","Peace Pipe","Whetstone","Astrolabe","Mummified Hand","Anchor","Darkstone Periapt","Happy Flower","Cursed Key"],"potions_floor_usage":[4,6,13,18,24,24,30,33,33],"damage_taken":[{"damage":7,"enemies":"2 Louse","floor":1,"turns":2},{"damage":6,"enemies":"Cultist","floor":2,"turns":3},{"damage":0,"enemies":"Small Slimes","floor":4,"turns":3},{"damage":18,"enemies":"Exordium Thugs","floor":5,"turns":5},{"damage":21,"enemies":"Lagavulin","floor":6,"turns":6},{"damage":35,"enemies":"3 Sentries","floor":10,"turns":13},{"damage":10,"enemies":"Large Slime","floor":12,"turns":6},{"damage":18,"enemies":"Lagavulin","floor":13,"turns":6},{"damage":15,"enemies":"Gremlin Gang","floor":14,"turns":5},{"damage":26,"enemies":"The Guardian","floor":16,"turns":11},{"damage":5,"enemies":"2 Thieves","floor":18,"turns":3},{"damage":0,"enemies":"Chosen","floor":21,"turns":4},{"damage":12,"enemies":"Centurion and Healer","floor":22,"turns":5},{"damage":47,"enemies":"Book of Stabbing","floor":24,"turns":6},{"damage":0,"enemies":"Snecko","floor":27,"turns":5},{"damage":20,"enemies":"Slavers","floor":30,"turns":3},{"damage":27,"enemies":"Sentry and Sphere","floor":31,"turns":6},{"damage":40,"enemies":"Automaton","floor":33,"turns":12},{"damage":0,"enemies":"Orb Walker","floor":35,"turns":4},{"damage":12,"enemies":"3 Darklings","floor":37,"turns":5},{"damage":2,"enemies":"Transient","floor":39,"turns":5},{"damage":64,"enemies":"Giant Head","floor":41,"turns":11}],"seed_played":"-943250370269680995","potions_obtained":[{"floor":2,"key":"Strength Potion"},{"floor":4,"key":"Fruit Juice"},{"floor":5,"key":"Strength Potion"},{"floor":12,"key":"GhostInAJar"},{"floor":13,"key":"EssenceOfSteel"},{"floor":21,"key":"GamblersBrew"},{"floor":22,"key":"GamblersBrew"},{"floor":27,"key":"Swift Potion"},{"floor":31,"key":"Swift Potion"},{"floor":33,"key":"Weak Potion"},{"floor":35,"key":"EssenceOfSteel"},{"floor":37,"key":"Strength Potion"}],"is_trial":false,"path_per_floor":["M","M","?","M","M","E","?","R","T","E","R","M","E","M","R","B",null,"M","?","?","M","M","R","E","$","T","M","?","R","E","M","R","B",null,"M","$","M","?","M","R","E"],"character_chosen":"THE_SILENT","items_purchased":["Dash","Anchor","Footwork"],"campfire_rested":5,"item_purchase_floors":[25,25,36],"current_hp_per_floor":[56,50,50,55,37,16,16,53,60,25,64,54,36,21,60,34,70,65,49,78,78,66,66,19,19,19,19,19,60,40,13,54,14,69,69,69,57,57,55,55,0],"gold":272,"neow_bonus":"TRANSFORM_TWO_CARDS","is_prod":false,"is_daily":false,"chose_seed":false,"campfire_upgraded":2,"win_rate":0,"timestamp":1551590318,"path_taken":["M","M","?","M","?","E","?","R","T","E","R","M","E","M","R","BOSS","M","?","?","M","?","R","E","$","T","M","?","R","E","M","R","BOSS","M","$","M","?","M","R","E"],"build_version":"2019-01-23","purchased_purges":0,"victory":false,"max_hp_per_floor":[70,70,70,75,75,75,75,75,82,82,82,82,82,82,82,82,82,82,87,87,87,87,87,87,87,87,87,87,87,87,87,87,87,87,87,87,87,87,87,87,87],"card_choices":[{"not_picked":["Underhanded Strike","Tactician"],"picked":"Deadly Poison","floor":1},{"not_picked":["Acrobatics","Riddle With Holes"],"picked":"Tactician","floor":2},{"not_picked":["Flying Knee","Riddle With Holes","Acrobatics"],"picked":"SKIP","floor":4},{"not_picked":["Blur","Dodge and Roll"],"picked":"Cloak And Dagger","floor":5},{"not_picked":["Blade Dance","Acrobatics"],"picked":"Wraith Form v2","floor":6},{"not_picked":["Underhanded Strike","Eviscerate"],"picked":"Noxious Fumes","floor":10},{"not_picked":["Infinite Blades","Skewer"],"picked":"Calculated Gamble","floor":12},{"not_picked":["Dagger Throw","Choke"],"picked":"Caltrops","floor":13},{"not_picked":["Prepared","Underhanded Strike","Concentrate"],"picked":"SKIP","floor":14},{"not_picked":["Wraith Form v2","Night Terror"],"picked":"Corpse Explosion","floor":16},{"not_picked":["PiercingWail","Blade Dance+1"],"picked":"Backflip+1","floor":18},{"not_picked":["Outmaneuver","Riddle With Holes"],"picked":"Calculated Gamble+1","floor":21},{"not_picked":["Predator","Heel Hook+1"],"picked":"Prepared","floor":22},{"not_picked":["Poisoned Stab","Predator+1","Tactician"],"picked":"SKIP","floor":24},{"not_picked":["Tactician+1","Setup+1"],"picked":"Crippling Poison","floor":27},{"not_picked":["Skewer","Prepared"],"picked":"Dodge and Roll+1","floor":30},{"not_picked":["Acrobatics+1","Dagger Spray"],"picked":"Escape Plan","floor":31},{"not_picked":["Wraith Form v2","Night Terror"],"picked":"Malaise","floor":33},{"not_picked":["Deflect","Flying Knee+1"],"picked":"Backflip","floor":35},{"not_picked":["Riddle With Holes","Deflect"],"picked":"Backflip+1","floor":37},{"not_picked":["Flechettes+1","Outmaneuver"],"picked":"Quick Slash+1","floor":39}],"player_experience":417153,"relics_obtained":[{"floor":3,"key":"Boot"},{"floor":6,"key":"Regal Pillow"},{"floor":9,"key":"Strawberry"},{"floor":10,"key":"Peace Pipe"},{"floor":13,"key":"Whetstone"},{"floor":24,"key":"Mummified Hand"},{"floor":26,"key":"Darkstone Periapt"},{"floor":30,"key":"Happy Flower"}],"event_choices":[{"damage_healed":0,"gold_gain":0,"player_choice":"Relic","damage_taken":0,"max_hp_gain":0,"max_hp_loss":0,"event_name":"Wheel of Change","floor":3,"gold_loss":0},{"cards_removed":["Strike_G"],"damage_healed":0,"gold_gain":0,"player_choice":"Card Removal","damage_taken":0,"max_hp_gain":0,"max_hp_loss":0,"event_name":"The Cleric","floor":7,"gold_loss":50},{"damage_healed":0,"gold_gain":0,"player_choice":"Shed Blood","damage_taken":21,"max_hp_gain":5,"max_hp_loss":0,"event_name":"Forgotten Altar","floor":19,"gold_loss":0},{"damage_healed":29,"gold_gain":0,"player_choice":"Heal","damage_taken":0,"max_hp_gain":0,"max_hp_loss":0,"event_name":"The Library","floor":20,"gold_loss":0},{"damage_healed":0,"gold_gain":0,"player_choice":"Simplicity","damage_taken":0,"max_hp_gain":0,"max_hp_loss":0,"event_name":"Back to Basics","floor":28,"gold_loss":0,"cards_upgraded":["Defend_G","Defend_G","Defend_G"]},{"damage_healed":0,"gold_gain":0,"player_choice":"Ignored","damage_taken":0,"max_hp_gain":0,"max_hp_loss":0,"event_name":"Mysterious Sphere","floor":38,"gold_loss":0}],"is_beta":false,"boss_relics":[{"not_picked":["Calling Bell","Snecko Eye"],"picked":"Astrolabe"},{"not_picked":["Black Star","Ring of the Serpent"],"picked":"Cursed Key"}],"items_purged_floors":[],"is_endless":false,"potions_floor_spawned":[2,4,5,12,13,21,22,27,31,33,35,37,39],"killed_by":"Giant Head","ascension_level":10}