{"gold_per_floor":[119,119,130,49,49,75,75,90,117,136,166,166,182,182,182,277,277,295,310,225,255,255,289,289,316,316,316],"floor_reached":27,"playtime":1338,"items_purged":[],"score":408,"play_id":"c9ecca5f-6afd-4994-8663-1326044c9ef6","local_time":"20190119220713","is_ascension_mode":true,"campfire_choices":[{"data":"Zap","floor":7,"key":"SMITH"},{"data":"Chill","floor":12,"key":"SMITH"},{"floor":15,"key":"REST"},{"data":"Fission","floor":24,"key":"SMITH"}],"neow_cost":"NONE","seed_source_timestamp":189163705180022,"circlet_count":0,"master_deck":["Strike_B","Strike_B","Strike_B","Defend_B","Defend_B","Defend_B+1","Defend_B","Zap+1","Dualcast","Gash","Self Repair","Multi-Cast","Genetic Algorithm+1","Hologram","Chill+1","Reboot","Ball Lightning","Fission+1","Glacier+1","Thunder Strike","BootSequence"],"relics":["Cracked Core","NeowsBlessing","Potion Belt","Thread and Needle","Lantern","Pear","Runic Pyramid","Boot","Tiny Chest","Dodecahedron","Prayer Wheel","Shuriken"],"potions_floor_usage":[11,16,23,25,27],"damage_taken":[{"damage":0,"enemies":"Small Slimes","floor":1,"turns":1},{"damage":0,"enemies":"Cultist","floor":3,"turns":1},{"damage":0,"enemies":"Gremlin Nob","floor":6,"turns":1},{"damage":3,"enemies":"2 Louse","floor":8,"turns":2},{"damage":25,"enemies":"Exordium Wildlife","floor":10,"turns":4},{"damage":11,"enemies":"3 Sentries","floor":11,"turns":10},{"damage":0,"enemies":"3 Louse","floor":13,"turns":5},{"damage":43,"enemies":"Slime Boss","floor":16,"turns":12},{"damage":3,"enemies":"Shell Parasite","floor":18,"turns":7},{"damage":8,"enemies":"3 Byrds","floor":19,"turns":5},{"damage":11,"enemies":"Slavers","floor":23,"turns":10},{"damage":21,"enemies":"Book of Stabbing","floor":25,"turns":6},{"damage":32,"enemies":"3 Cultists","floor":27,"turns":6}],"seed_played":"-7091744383154684133","potions_obtained":[{"floor":3,"key":"GamblersBrew"},{"floor":8,"key":"Dexterity Potion"},{"floor":10,"key":"Explosive Potion"},{"floor":16,"key":"Swift Potion"},{"floor":18,"key":"Fire Potion"}],"is_trial":false,"path_per_floor":["M","?","M","$","?","E","R","M","T","M","E","R","M","?","R","B",null,"M","M","?","?","?","E","R","E","T","M"],"character_chosen":"DEFECT","items_purchased":["Multi-Cast"],"campfire_rested":1,"item_purchase_floors":[4],"current_hp_per_floor":[68,68,68,68,61,61,61,65,65,47,53,53,60,43,68,32,72,76,75,75,75,59,55,55,41,41,9],"gold":316,"neow_bonus":"THREE_ENEMY_KILL","is_prod":false,"is_daily":false,"chose_seed":false,"campfire_upgraded":3,"win_rate":0,"timestamp":1547953633,"path_taken":["M","?","?","$","?","E","R","M","T","M","E","R","M","?","R","BOSS","M","M","?","?","?","E","R","E","T","M"],"build_version":"2019-01-17v2","purchased_purges":0,"victory":false,"max_hp_per_floor":[75,75,75,75,75,75,75,75,75,75,85,85,85,85,85,85,85,85,85,85,85,90,90,90,90,90,90],"card_choices":[{"not_picked":["Leap","Barrage"],"picked":"Gash","floor":1},{"not_picked":["Stack","Compile Driver"],"picked":"Self Repair","floor":3},{"not_picked":["Reinforced Body","Steam Power"],"picked":"Genetic Algorithm","floor":6},{"not_picked":["Cold Snap","Conserve Battery"],"picked":"Hologram","floor":8},{"not_picked":["Genetic Algorithm","Stack"],"picked":"Chill","floor":10},{"not_picked":["Leap","Hologram"],"picked":"Reboot","floor":11},{"not_picked":["Reinforced Body","Reprogram"],"picked":"Ball Lightning","floor":13},{"not_picked":["Hyperbeam","Multi-Cast"],"picked":"Fission","floor":16},{"not_picked":["Sweeping Beam","Stack","Compile Driver"],"picked":"SKIP","floor":18},{"not_picked":["Sweeping Beam","Barrage"],"picked":"Glacier+1","floor":19},{"not_picked":["Reprogram+1","Beam Cell+1"],"picked":"Thunder Strike","floor":23},{"not_picked":["Force Field","Sweeping Beam"],"picked":"BootSequence","floor":25}],"player_experience":192233,"relics_obtained":[{"floor":6,"key":"Thread and Needle"},{"floor":9,"key":"Lantern"},{"floor":11,"key":"Pear"},{"floor":23,"key":"Dodecahedron"},{"floor":25,"key":"Prayer Wheel"},{"floor":26,"key":"Shuriken"}],"event_choices":[{"cards_removed":["Strike_B"],"damage_healed":0,"gold_gain":0,"player_choice":"Purged","damage_taken":0,"max_hp_gain":0,"max_hp_loss":0,"event_name":"Purifier","floor":2,"gold_loss":0},{"damage_healed":0,"gold_gain":0,"player_choice":"Success","damage_taken":7,"relics_obtained":["Potion Belt"],"max_hp_gain":0,"max_hp_loss":0,"event_name":"Scrap Ooze","floor":5,"gold_loss":0},{"damage_healed":0,"gold_gain":0,"player_choice":"Entered Light","damage_taken":17,"max_hp_gain":0,"max_hp_loss":0,"event_name":"Shining Light","floor":14,"gold_loss":0,"cards_upgraded":["Defend_B","Genetic Algorithm"]},{"damage_healed":0,"gold_gain":0,"player_choice":"Obtained Relic","damage_taken":0,"relics_obtained":["Boot"],"max_hp_gain":0,"max_hp_loss":0,"event_name":"Addict","floor":20,"gold_loss":85},{"damage_healed":0,"gold_gain":0,"player_choice":"Opened","damage_taken":0,"relics_obtained":["Tiny Chest"],"max_hp_gain":0,"max_hp_loss":0,"event_name":"The Mausoleum","floor":21,"gold_loss":0},{"damage_healed":0,"gold_gain":0,"player_choice":"Shed Blood","damage_taken":21,"max_hp_gain":5,"max_hp_loss":0,"event_name":"Forgotten Altar","floor":22,"gold_loss":0}],"is_beta":false,"boss_relics":[{"not_picked":["Eternal Feather","Fusion Hammer"],"picked":"Runic Pyramid"}],"items_purged_floors":[],"is_endless":false,"potions_floor_spawned":[3,8,10,16,18],"killed_by":"3 Cultists","ascension_level":7}