{"path_per_floor":["M","?","M","M","M","E","R","?","T","$","M","T","R","M","R","B",null,"M","?","$","M","?","R","$","E","T","M","R","M","M"],"character_chosen":"IRONCLAD","items_purchased":["Metallicize","Searing Blow","SkillPotion"],"gold_per_floor":[20,20,38,58,71,71,71,71,71,71,96,96,96,96,96,226,226,245,284,3,21,21,21,21,60,109,122,122,146,170,170],"floor_reached":31,"campfire_rested":2,"playtime":3625,"current_hp_per_floor":[96,77,78,83,78,56,56,32,32,32,31,31,31,45,45,7,96,99,57,57,24,24,56,56,34,34,26,59,29,19,0],"items_purged":["Strike_R"],"gold":170,"score":307,"play_id":"bc2c3e57-12e1-4310-936e-121e521684fa","local_time":"20180513215617","is_prod":false,"is_daily":false,"chose_seed":false,"is_ascension_mode":false,"campfire_upgraded":3,"timestamp":1526244977,"path_taken":["M","?","M","?","M","E","R","?","T","?","?","?","R","M","R","BOSS","M","?","$","M","?","R","?","E","T","M","R","M","M","M"],"build_version":"2018-05-10","seed_source_timestamp":166617067139017,"purchased_purges":1,"victory":false,"master_deck":["Strike_R","Strike_R","Strike_R","Strike_R","Defend_R","Defend_R","Defend_R+1","Defend_R+1","Bash","Metallicize+1","Clash+1","Seeing Red+1","Anger","Pommel Strike","Pommel Strike","Armaments","Feed","Seeing Red","Heavy Blade","Metallicize","Searing Blow","Clash+1","Second Wind+1","Clothesline","Armaments","Barricade"],"max_hp_per_floor":[96,96,96,96,96,96,96,96,96,96,96,96,96,96,96,96,96,99,104,104,107,107,107,107,107,107,110,110,110,110,110],"relics":["Burning Blood","Bottled Lightning","Golden Idol","Gremlin Horn","Kunai","Mark of Pain","Red Mask","Question Card","Happy Flower"],"card_choices":[{"not_picked":["Twin Strike","True Grit"],"picked":"Metallicize","floor":1},{"not_picked":["Headbutt","Twin Strike"],"picked":"Clash","floor":3},{"not_picked":["Pommel Strike","Corruption"],"picked":"Seeing Red","floor":4},{"not_picked":["Flex","Warcry"],"picked":"Anger","floor":5},{"not_picked":["Warcry","Corruption"],"picked":"Pommel Strike","floor":6},{"not_picked":["True Grit","Sword Boomerang"],"picked":"Pommel Strike","floor":11},{"not_picked":["Perfected Strike","Warcry"],"picked":"Armaments","floor":14},{"not_picked":["Brutality","Berserk"],"picked":"Feed","floor":16},{"not_picked":["Warcry","Thunderclap"],"picked":"Seeing Red","floor":18},{"not_picked":["Battle Trance","Hemokinesis"],"picked":"Heavy Blade","floor":19},{"not_picked":["Fire Breathing","Flex"],"picked":"Clash","floor":21},{"not_picked":["Sword Boomerang","Body Slam"],"picked":"Second Wind","floor":25},{"not_picked":["Second Wind","Intimidate","Anger"],"picked":"Clothesline","floor":27},{"not_picked":["Body Slam","Warcry","Whirlwind"],"picked":"Armaments","floor":29},{"not_picked":["Thunderclap","Infernal Blade","Pommel Strike"],"picked":"Barricade","floor":30}],"player_experience":16180,"potions_floor_usage":[14,16,19,21],"damage_taken":[{"damage":6,"enemies":"Jaw Worm","floor":1,"turns":3},{"damage":5,"enemies":"2 Louse","floor":3,"turns":3},{"damage":1,"enemies":"Cultist","floor":4,"turns":4},{"damage":11,"enemies":"Looter","floor":5,"turns":4},{"damage":28,"enemies":"3 Sentries","floor":6,"turns":13},{"damage":7,"enemies":"Blue Slaver","floor":11,"turns":3},{"damage":1,"enemies":"Exordium Wildlife","floor":14,"turns":4},{"damage":44,"enemies":"Slime Boss","floor":16,"turns":12},{"damage":6,"enemies":"Chosen","floor":18,"turns":3},{"damage":53,"enemies":"Masked Bandits","floor":19,"turns":9},{"damage":42,"enemies":"3 Byrds","floor":21,"turns":10},{"damage":28,"enemies":"Slavers","floor":25,"turns":7},{"damage":17,"enemies":"3 Cultists","floor":27,"turns":7},{"damage":36,"enemies":"Snake Plant","floor":29,"turns":6},{"damage":16,"enemies":"Sentry and Sphere","floor":30,"turns":6},{"damage":19,"enemies":"Centurion and Healer","floor":31,"turns":5}],"event_choices":[{"event_name":"Shining Light","player_choice":"Entered Light","floor":2,"damage_taken":0},{"event_name":"Golden Idol","player_choice":"Take Damage","floor":8,"damage_taken":0},{"event_name":"Masked Bandits","player_choice":"Fought over 245 gold","floor":19,"damage_taken":0},{"event_name":"Drug Dealer","player_choice":"Ignored","floor":22,"damage_taken":0}],"boss_relics":[{"not_picked":["Philosopher\u0027s Stone","Cursed Key"],"picked":"Mark of Pain"}],"potions_floor_spawned":[4,11,16,18,30],"seed_played":"5517297434243675177","killed_by":"Centurion and Healer","ascension_level":0,"is_trial":false}