{"gold_per_floor":[14,14,29,29,129,129,143,153,153,171,197,197],"floor_reached":12,"playtime":466,"items_purged":[],"score":104,"play_id":"40b22f22-addd-40ed-a34e-637ac162adef","local_time":"20180701172437","is_ascension_mode":true,"campfire_choices":[{"floor":6.0,"key":"DIG"}],"neow_cost":"","seed_source_timestamp":122656054473210,"circlet_count":0,"master_deck":["Strike_B","Strike_B","Strike_B","Strike_B","Defend_B","Defend_B","Defend_B","Defend_B","Zap","Dualcast","Creative AI","Chill+1","Turbo","Auto Shields"],"special_seed":0,"relics":["Cracked Core","Shovel","Ginger","Bag of Marbles"],"potions_floor_usage":[11,11,11],"damage_taken":[{"damage":8.0,"enemies":"Small Slimes","floor":1.0,"turns":4.0},{"damage":4.0,"enemies":"Jaw Worm","floor":3.0,"turns":5.0},{"damage":0.0,"enemies":"2 Louse","floor":7.0,"turns":2.0},{"damage":1.0,"enemies":"Lots of Slimes","floor":8.0,"turns":6.0},{"damage":1,"enemies":"2 Fungi Beasts","floor":10,"turns":4},{"damage":22,"enemies":"Gremlin Nob","floor":11,"turns":4},{"damage":16,"enemies":"Exordium Thugs","floor":12,"turns":4}],"seed_played":"-9182780831295254571","potions_obtained":[{"floor":1.0,"key":"Block Potion"},{"floor":7.0,"key":"FearPotion"},{"floor":8.0,"key":"SteroidPotion"}],"is_trial":false,"path_per_floor":["M","?","M","?","?","R","M","M","T","M","E"],"character_chosen":"DEFECT","items_purchased":[],"campfire_rested":0,"item_purchase_floors":[],"current_hp_per_floor":[60,42,38,38,38,38,38,37,37,36,14,0],"gold":197,"neow_bonus":"","is_prod":false,"is_daily":false,"chose_seed":false,"campfire_upgraded":0,"win_rate":0,"timestamp":1530480277,"path_taken":["M","?","M","?","?","R","M","M","T","?","E","M"],"build_version":"2018-06-28","purchased_purges":0,"victory":false,"max_hp_per_floor":[75,75,75,75,75,75,75,75,75,75,75,75],"card_choices":[{"not_picked":["Meteor Strike","Buffer"],"picked":"Creative AI","floor":0.0},{"not_picked":["Coolheaded","Hologram"],"picked":"Chill","floor":1.0},{"not_picked":["Stack","Skim","Streamline"],"picked":"SKIP","floor":3.0},{"not_picked":["Gash","Barrage","Rip and Tear"],"picked":"SKIP","floor":7.0},{"not_picked":["Rebound","Sweeping Beam"],"picked":"Turbo","floor":8.0},{"not_picked":["Doom and Gloom","Barrage","Sweeping Beam"],"picked":"SKIP","floor":10},{"not_picked":["Cold Snap","Conserve Battery"],"picked":"Auto Shields","floor":11}],"player_experience":350745,"relics_obtained":[{"floor":6.0,"key":"Ginger"},{"floor":11,"key":"Bag of Marbles"}],"event_choices":[{"event_name":"Scrap Ooze","player_choice":"success","floor":2.0,"damage_taken":18.0},{"event_name":"Upgrade Shrine","player_choice":"Upgraded","floor":4.0,"damage_taken":0.0},{"event_name":"Golden Shrine","player_choice":"Pray","floor":5.0,"damage_taken":0.0}],"boss_relics":[],"items_purged_floors":[],"is_endless":false,"potions_floor_spawned":[1,7,8,10],"killed_by":"Exordium Thugs","ascension_level":6}