{"gold_per_floor":[114,131,146,158,7,7,34,53,77,77,97,97,47,122,122,217,217,157,177,177,77,104,104],"floor_reached":23,"playtime":4462,"items_purged":["Strike_R","Defend_R"],"score":198,"play_id":"f2776557-02b8-4620-b517-8e9c8d239a02","local_time":"20190516230317","is_ascension_mode":true,"campfire_choices":[{"data":"Flame Barrier","floor":10,"key":"SMITH"},{"data":"Disarm","floor":12,"key":"SMITH"},{"floor":15,"key":"REST"}],"neow_cost":"NONE","seed_source_timestamp":85312339137239,"circlet_count":0,"master_deck":["Strike_R","Strike_R","Strike_R","Strike_R","Bash","Shockwave","Flame Barrier+1","Disarm+1","True Grit","Reaper","Ghostly Armor+1","Pummel"],"relics":["Burning Blood","Blue Candle","Regal Pillow","Black Star","Red Mask"],"potions_floor_usage":[7,7,23,23],"damage_taken":[{"damage":7,"enemies":"Small Slimes","floor":1,"turns":4},{"damage":0,"enemies":"2 Louse","floor":2,"turns":4},{"damage":10,"enemies":"Cultist","floor":3,"turns":4},{"damage":8,"enemies":"Large Slime","floor":4,"turns":9},{"damage":40,"enemies":"3 Sentries","floor":7,"turns":12},{"damage":0,"enemies":"Exordium Wildlife","floor":8,"turns":6},{"damage":4,"enemies":"Blue Slaver","floor":11,"turns":6},{"damage":63,"enemies":"Hexaghost","floor":16,"turns":15},{"damage":12,"enemies":"2 Thieves","floor":18,"turns":4},{"damage":21,"enemies":"Chosen","floor":19,"turns":8},{"damage":37,"enemies":"Masked Bandits","floor":22,"turns":10},{"damage":39,"enemies":"Slavers","floor":23,"turns":5}],"seed_played":"-6424259962155272091","potions_obtained":[{"floor":1,"key":"FearPotion"},{"floor":3,"key":"SkillPotion"},{"floor":4,"key":"SkillPotion"},{"floor":11,"key":"Weak Potion"},{"floor":22,"key":"Strength Potion"}],"is_trial":false,"path_per_floor":["M","M","M","M","$","?","E","M","T","R","M","R","?","?","R","B",null,"M","M","?","$","?","E"],"character_chosen":"IRONCLAD","items_purchased":["Disarm"],"campfire_rested":1,"item_purchase_floors":[5],"current_hp_per_floor":[79,80,76,74,74,74,40,46,46,46,48,48,48,37,76,19,80,80,65,50,50,31,0],"gold":104,"neow_bonus":"REMOVE_CARD","is_prod":false,"is_daily":false,"chose_seed":false,"campfire_upgraded":2,"win_rate":0,"timestamp":1558044197,"path_taken":["M","M","M","M","$","?","E","M","T","R","M","R","?","?","R","BOSS","M","M","?","$","?","E"],"build_version":"2019-01-23","purchased_purges":2,"victory":false,"max_hp_per_floor":[80,80,80,80,80,80,80,80,80,80,80,80,80,80,80,80,80,80,80,85,85,85,85],"card_choices":[{"not_picked":["Combust","Cleave"],"picked":"Shockwave","floor":1},{"not_picked":["Sword Boomerang","Headbutt","Cleave"],"picked":"SKIP","floor":2},{"not_picked":["Armaments","Thunderclap"],"picked":"Flame Barrier","floor":3},{"not_picked":["Body Slam","Twin Strike","Sentinel"],"picked":"SKIP","floor":4},{"not_picked":["Perfected Strike","Body Slam"],"picked":"True Grit","floor":7},{"not_picked":["Searing Blow","Clothesline","Immolate"],"picked":"SKIP","floor":8},{"not_picked":["Iron Wave","Power Through","Body Slam"],"picked":"SKIP","floor":11},{"not_picked":["Limit Break","Offering"],"picked":"Reaper","floor":16},{"not_picked":["Evolve","Havoc+1"],"picked":"Ghostly Armor+1","floor":18},{"not_picked":["Heavy Blade","Rampage","Evolve"],"picked":"SKIP","floor":19},{"not_picked":["Shockwave","Heavy Blade"],"picked":"Pummel","floor":22}],"player_experience":493184,"relics_obtained":[{"floor":7,"key":"Blue Candle"},{"floor":9,"key":"Regal Pillow"},{"floor":22,"key":"Red Mask"}],"event_choices":[{"cards_removed":["Defend_R"],"damage_healed":0,"gold_gain":0,"player_choice":"Forget","damage_taken":0,"max_hp_gain":0,"max_hp_loss":0,"event_name":"Living Wall","floor":6,"gold_loss":0},{"cards_removed":["Defend_R"],"damage_healed":0,"gold_gain":0,"player_choice":"Card Removal","damage_taken":0,"max_hp_gain":0,"max_hp_loss":0,"event_name":"The Cleric","floor":13,"gold_loss":50},{"damage_healed":0,"gold_gain":75,"player_choice":"Gather Gold","damage_taken":11,"max_hp_gain":0,"max_hp_loss":0,"event_name":"World of Goop","floor":14,"gold_loss":0},{"damage_healed":0,"gold_gain":0,"player_choice":"Shed Blood","damage_taken":20,"max_hp_gain":5,"max_hp_loss":0,"event_name":"Forgotten Altar","floor":20,"gold_loss":0},{"damage_healed":0,"gold_gain":0,"player_choice":"Fought Bandits","damage_taken":0,"max_hp_gain":0,"max_hp_loss":0,"event_name":"Masked Bandits","floor":22,"gold_loss":0}],"is_beta":false,"boss_relics":[{"not_picked":["Runic Cube","Empty Cage"],"picked":"Black Star"}],"items_purged_floors":[5,21],"is_endless":false,"potions_floor_spawned":[1,3,4,11,22],"killed_by":"Slavers","ascension_level":1}