{"path_per_floor":["M","?","M","?","M","R","E","?","T","M","R","E","M","?","R","B",null,"M","$","M","?","M","R","M"],"character_chosen":"THE_SILENT","items_purchased":["Underhanded Strike"],"gold_per_floor":[112,187,207,382,401,401,431,431,431,448,448,478,495,495,495,592,592,610,487,502,502,522,522,535],"floor_reached":25,"campfire_rested":3,"playtime":1896,"current_hp_per_floor":[70,59,59,59,59,59,28,45,45,36,57,31,27,27,48,26,70,53,53,49,49,37,58,42],"items_purged":["Strike_G"],"gold":535,"play_id":"bffcdd0b-f9f5-4b63-aaad-366cca5907b9","is_prod":false,"is_daily":false,"is_ascension_mode":true,"campfire_upgraded":1,"path_taken":["M","?","M","?","?","R","E","?","T","?","R","E","M","?","R","BOSS","M","$","M","?","M","R","?","E"],"build_version":"2018-01-25-PROD3","purchased_purges":1,"victory":false,"master_deck":["Defend_G","Defend_G","Defend_G","Defend_G","Defend_G","Strike_G","Strike_G","Strike_G+1","Strike_G","Survivor","Neutralize+1","Quick Slash","Escape Plan","Infinite Blades+1","Terror","Parasite","Acrobatics","Underhanded Strike","Unload","Acrobatics","Underhanded Strike","Tools of the Trade","Dagger Throw"],"max_hp_per_floor":[70,70,70,70,70,70,70,70,70,70,70,70,70,70,70,70,70,70,70,70,70,70,70,70],"relics":["Ring of the Snake","NeowsBlessing","Tingsha","Darkstone Periapt","Whetstone","Sozu","Snake Skull"],"card_choices":[{"not_picked":["Leg Sweep","Heel Hook"],"picked":"Quick Slash"},{"not_picked":["Reflex","Terror"],"picked":"Escape Plan"},{"not_picked":["PiercingWail","Dodge and Roll"],"picked":"Infinite Blades"},{"not_picked":["Bouncing Flask","Bane"],"picked":"Terror"},{"not_picked":["Slice","Outmaneuver"],"picked":"Acrobatics"},{"not_picked":["Backstab","Distraction"],"picked":"Underhanded Strike"},{"not_picked":["Wraith Form","Night Terror"],"picked":"Unload"},{"not_picked":["Quick Slash","PiercingWail"],"picked":"Acrobatics"},{"not_picked":["Dagger Spray","Backflip"],"picked":"Tools of the Trade"},{"not_picked":["Underhanded Strike","Quick Slash"],"picked":"Dagger Throw"}],"player_experience":111095,"potions_floor_usage":[12,12],"damage_taken":[{"damage":0,"enemies":"Cultist","floor":1,"turns":1},{"damage":0,"enemies":"Small Slimes","floor":3,"turns":1},{"damage":0,"enemies":"Jaw Worm","floor":5,"turns":1},{"damage":31,"enemies":"3 Sentries","floor":7,"turns":10},{"damage":9,"enemies":"Large Slime","floor":10,"turns":7},{"damage":26,"enemies":"Gremlin Nob","floor":12,"turns":4},{"damage":4,"enemies":"2 Fungi Beasts","floor":13,"turns":4},{"damage":22,"enemies":"Hexaghost","floor":16,"turns":10},{"damage":17,"enemies":"2 Thieves","floor":18,"turns":4},{"damage":4,"enemies":"Shell Parasite","floor":20,"turns":4},{"damage":12,"enemies":"3 Cultists","floor":22,"turns":6},{"damage":16,"enemies":"Snecko","floor":24,"turns":4},{"damage":43,"enemies":"Slavers","floor":25,"turns":4}],"event_choices":[{"event_name":"World of Goop","player_choice":"Gather Gold","floor":2,"damage_taken":0},{"event_name":"Liars Game","player_choice":"agreed","floor":4,"damage_taken":0},{"event_name":"Mushrooms","player_choice":"Healed and dodged fight","floor":8,"damage_taken":0},{"event_name":"Living Wall","player_choice":"Forget","floor":14,"damage_taken":0},{"event_name":"The Mausoleum","player_choice":"Yes","floor":21,"damage_taken":0}],"boss_relics":[{"not_picked":["Question Card","Snecko Eye"],"picked":"Sozu"}],"potions_floor_spawned":[3,7,12,13,16,18,22],"seed_played":"4034407538204443586","killed_by":"Slavers","ascension_level":1,"is_trial":false}