{"gold_per_floor":[15,15,31,31,42,56,56,85,112,157,169,197,238,322,334,450,462,486,515,452,464,476,488,525,42,42,42,42,60,60,80,80,177,177,194,209,227,244,22,22,55,72,118,0,0,0,10,10,10,10],"floor_reached":51,"playtime":1881,"items_purged":["Strike_R"],"score":765,"play_id":"eb77f0f0-bedb-453c-b087-6613aee13253","local_time":"20181116223941","is_ascension_mode":false,"campfire_choices":[{"data":"Bash","floor":7,"key":"SMITH"},{"data":"Corruption","floor":11,"key":"SMITH"},{"data":"Whirlwind","floor":15,"key":"SMITH"},{"data":"True Grit","floor":23,"key":"SMITH"},{"data":"Armaments","floor":27,"key":"SMITH"},{"data":"Battle Trance","floor":30,"key":"SMITH"},{"data":"Demon Form","floor":32,"key":"SMITH"},{"data":"Feed","floor":40,"key":"SMITH"},{"data":"Dual Wield","floor":45,"key":"SMITH"},{"data":"Shrug It Off","floor":49,"key":"SMITH"}],"neow_cost":"NO_GOLD","seed_source_timestamp":190533008300054,"circlet_count":0,"master_deck":["Strike_R","Defend_R","Defend_R","Defend_R","Defend_R","Bash+1","Immolate","True Grit+1","Battle Trance+1","Whirlwind+1","Corruption+1","Shrug It Off+1","Demon Form+1","Shrug It Off","Seeing Red+1","Seeing Red+1","Sword Boomerang+1","Armaments+1","Pommel Strike+1","Feed+1","Shrug It Off+1","Shrug It Off+1","Pommel Strike+1","Dual Wield+1"],"relics":["Burning Blood","Bronze Scales","MawBank","Blood Vial","Pen Nib","Black Star","Champion Belt","Torii","FossilizedHelix","ClockworkSouvenir","Ornamental Fan","Blue Candle","Empty Cage","Oddly Smooth Stone","Potion Belt","Regal Pillow","Centennial Puzzle","Red Mask"],"potions_floor_usage":[8,8,13,16,16,41,50],"damage_taken":[{"damage":8,"enemies":"Jaw Worm","floor":1,"turns":4},{"damage":0,"enemies":"Cultist","floor":3,"turns":2},{"damage":5,"enemies":"Small Slimes","floor":5,"turns":2},{"damage":0,"enemies":"2 Fungi Beasts","floor":6,"turns":2},{"damage":19,"enemies":"Lagavulin","floor":8,"turns":6},{"damage":13,"enemies":"3 Sentries","floor":10,"turns":4},{"damage":5,"enemies":"Looter","floor":12,"turns":4},{"damage":8,"enemies":"Gremlin Nob","floor":13,"turns":4},{"damage":38,"enemies":"Hexaghost","floor":16,"turns":8},{"damage":10,"enemies":"3 Byrds","floor":18,"turns":4},{"damage":3,"enemies":"Chosen","floor":19,"turns":5},{"damage":25,"enemies":"Gremlin Leader","floor":24,"turns":8},{"damage":10,"enemies":"Sentry and Sphere","floor":29,"turns":5},{"damage":0,"enemies":"Shelled Parasite and Fungi","floor":31,"turns":3},{"damage":54,"enemies":"Automaton","floor":33,"turns":11},{"damage":0,"enemies":"Orb Walker","floor":35,"turns":4},{"damage":19,"enemies":"3 Shapes","floor":36,"turns":1},{"damage":0,"enemies":"Sphere and 2 Shapes","floor":37,"turns":3},{"damage":7,"enemies":"4 Shapes","floor":38,"turns":5},{"damage":10,"enemies":"Giant Head","floor":41,"turns":8},{"damage":1,"enemies":"Maw","floor":42,"turns":7},{"damage":0,"enemies":"Jaw Worm Horde","floor":47,"turns":4},{"damage":44,"enemies":"Time Eater","floor":50,"turns":10}],"seed_played":"8158594239613214684","potions_obtained":[{"floor":2,"key":"Ancient Potion"},{"floor":2,"key":"PowerPotion"},{"floor":2,"key":"SneckoOil"},{"floor":10,"key":"Block Potion"},{"floor":13,"key":"Block Potion"},{"floor":24,"key":"FearPotion"},{"floor":33,"key":"Fire Potion"},{"floor":35,"key":"Dexterity Potion"}],"is_trial":false,"path_per_floor":["M","?","M","$","M","M","R","E","T","E","R","M","E","?","R","B",null,"M","M","?","?","?","R","E","$","T","R","$","M","R","M","R","B",null,"M","M","M","M","$","R","E","M","T","?","R","?","M","$","R","B",null],"character_chosen":"IRONCLAD","items_purchased":["ClockworkSouvenir","Ornamental Fan","Armaments","Oddly Smooth Stone"],"campfire_rested":0,"item_purchase_floors":[25,25,25,39],"current_hp_per_floor":[78,78,80,80,80,80,80,67,67,60,60,63,63,63,63,33,80,76,80,80,80,80,80,61,61,61,61,61,59,59,67,67,21,80,83,70,78,82,82,82,84,94,94,94,94,94,98,98,98,60],"gold":10,"neow_bonus":"THREE_RARE_CARDS","is_prod":false,"is_daily":false,"chose_seed":false,"campfire_upgraded":10,"win_rate":0,"timestamp":1542425981,"path_taken":["M","?","M","?","M","M","R","E","T","E","R","M","E","?","R","BOSS","M","M","?","?","?","R","E","$","T","R","$","?","R","M","R","BOSS","M","M","M","M","$","R","E","M","T","?","R","?","M","?","R","BOSS"],"build_version":"2018-11-15","purchased_purges":1,"victory":true,"max_hp_per_floor":[80,80,80,80,80,80,80,80,80,80,80,80,80,80,80,80,80,80,80,80,80,80,80,80,80,80,80,80,80,80,80,80,80,80,83,83,83,86,86,86,90,94,94,94,94,94,98,98,98,98],"card_choices":[{"not_picked":["Barricade","Demon Form"],"picked":"Immolate","floor":0},{"not_picked":["Shrug It Off","Feel No Pain"],"picked":"True Grit","floor":1},{"not_picked":["Pommel Strike","Wild Strike"],"picked":"Evolve","floor":3},{"not_picked":["Carnage","Infernal Blade","Blood for Blood"],"picked":"SKIP","floor":5},{"not_picked":["Clothesline","Sentinel"],"picked":"Battle Trance","floor":6},{"not_picked":["Clothesline","Feel No Pain"],"picked":"Whirlwind","floor":8},{"not_picked":["Offering","Warcry"],"picked":"Corruption","floor":10},{"not_picked":["Body Slam","Sword Boomerang","Twin Strike"],"picked":"SKIP","floor":12},{"not_picked":["Headbutt","Intimidate"],"picked":"Shrug It Off","floor":13},{"not_picked":["Juggernaut","Exhume"],"picked":"Demon Form","floor":16},{"not_picked":["Iron Wave","Thunderclap"],"picked":"Shrug It Off","floor":18},{"not_picked":["Headbutt+1","Heavy Blade+1"],"picked":"Seeing Red+1","floor":19},{"not_picked":["Whirlwind","Second Wind"],"picked":"Sword Boomerang+1","floor":24},{"not_picked":["Wild Strike+1","Reckless Charge+1","Rupture+1"],"picked":"SKIP","floor":29},{"not_picked":["Searing Blow","Flex+1"],"picked":"Pommel Strike+1","floor":31},{"not_picked":["Brutality","Impervious"],"picked":"Feed","floor":33},{"not_picked":["Cleave","Perfected Strike","Armaments"],"picked":"SKIP","floor":35},{"not_picked":["Cleave+1","Clash+1"],"picked":"Shrug It Off+1","floor":36},{"not_picked":["Battle Trance","Sword Boomerang"],"picked":"Shrug It Off+1","floor":37},{"not_picked":["Dropkick","Sword Boomerang+1"],"picked":"Pommel Strike+1","floor":38},{"not_picked":["Thunderclap","Anger+1"],"picked":"Dual Wield","floor":41},{"not_picked":["Shrug It Off","Ghostly Armor","Hemokinesis+1"],"picked":"SKIP","floor":42},{"not_picked":["Entrench","Fire Breathing+1","Sever Soul+1"],"picked":"SKIP","floor":47}],"player_experience":897712,"relics_obtained":[{"floor":8,"key":"Bronze Scales"},{"floor":9,"key":"MawBank"},{"floor":10,"key":"Blood Vial"},{"floor":13,"key":"Pen Nib"},{"floor":24,"key":"Torii"},{"floor":24,"key":"FossilizedHelix"},{"floor":26,"key":"Blue Candle"},{"floor":41,"key":"Potion Belt"},{"floor":41,"key":"Regal Pillow"},{"floor":43,"key":"Centennial Puzzle"}],"event_choices":[{"damage_healed":0,"gold_gain":0,"player_choice":"Got Potions","damage_taken":0,"max_hp_gain":0,"max_hp_loss":0,"event_name":"Lab","floor":2,"gold_loss":0},{"damage_healed":0,"gold_gain":72,"player_choice":"Gained Gold","damage_taken":0,"max_hp_gain":0,"max_hp_loss":0,"event_name":"Golden Wing","floor":14,"gold_loss":0},{"cards_removed":["Strike_R"],"damage_healed":0,"gold_gain":0,"player_choice":"Gave Gold","damage_taken":0,"max_hp_gain":0,"max_hp_loss":0,"event_name":"Beggar","floor":20,"gold_loss":75},{"damage_healed":0,"gold_gain":0,"player_choice":"Opened","damage_taken":0,"relics_obtained":["Champion Belt"],"max_hp_gain":0,"max_hp_loss":0,"event_name":"The Mausoleum","floor":21,"gold_loss":0},{"damage_healed":0,"gold_gain":0,"player_choice":"Copied","damage_taken":0,"max_hp_gain":0,"max_hp_loss":0,"event_name":"Duplicator","floor":22,"gold_loss":0,"cards_obtained":["Seeing Red"]},{"damage_healed":0,"gold_gain":0,"player_choice":"Paid","damage_taken":0,"relics_obtained":["Red Mask"],"max_hp_gain":0,"max_hp_loss":0,"event_name":"Tomb of Lord Red Mask","floor":44,"gold_loss":118},{"cards_removed":["Evolve"],"damage_healed":0,"gold_gain":0,"player_choice":"Removed Power","damage_taken":0,"max_hp_gain":0,"max_hp_loss":0,"event_name":"Falling","floor":46,"gold_loss":0}],"is_beta":false,"boss_relics":[{"not_picked":["Calling Bell","Ectoplasm"],"picked":"Black Star"},{"not_picked":["Black Blood","Fusion Hammer"],"picked":"Empty Cage"}],"items_purged_floors":[39],"is_endless":false,"potions_floor_spawned":[5,10,13,24,33,35,36,37,38],"ascension_level":0}