{"gold_per_floor":[115,115,134,149,166,200,200,227,303,316,73,103,103,132,132,132],"floor_reached":16,"playtime":469,"items_purged":[],"score":203,"play_id":"a2ab2c81-9d40-4ba8-8788-eef683ccffef","local_time":"20190319193547","is_ascension_mode":true,"campfire_choices":[{"data":"Double Tap","floor":7,"key":"SMITH"},{"data":"Infernal Blade","floor":15,"key":"SMITH"}],"neow_cost":"NONE","seed_source_timestamp":525054996834829,"circlet_count":0,"master_deck":["Strike_R","Strike_R","Strike_R","Strike_R","Defend_R","Defend_R","Defend_R","Defend_R","Bash","Spot Weakness","Havoc","Cleave","Seeing Red","Anger","Double Tap+1","Second Wind","Infernal Blade+1","Parasite"],"relics":["Burning Blood","NeowsBlessing","Lantern","Prayer Wheel","Darkstone Periapt","Toy Ornithopter","Tiny Chest","WingedGreaves"],"potions_floor_usage":[14,16],"damage_taken":[{"damage":0,"enemies":"Small Slimes","floor":1,"turns":1},{"damage":0,"enemies":"Cultist","floor":3,"turns":1},{"damage":0,"enemies":"Jaw Worm","floor":4,"turns":1},{"damage":16,"enemies":"Exordium Wildlife","floor":5,"turns":6},{"damage":35,"enemies":"3 Sentries","floor":6,"turns":6},{"damage":38,"enemies":"Lagavulin","floor":8,"turns":6},{"damage":1,"enemies":"3 Louse","floor":10,"turns":3},{"damage":0,"enemies":"Gremlin Nob","floor":14,"turns":2},{"damage":46,"enemies":"Hexaghost","floor":16,"turns":8}],"seed_played":"921995092381621938","potions_obtained":[{"floor":1,"key":"SteroidPotion"},{"floor":3,"key":"Fire Potion"},{"floor":8,"key":"GamblersBrew"},{"floor":14,"key":"Explosive Potion"}],"is_trial":false,"path_per_floor":["M","?","M","M","M","E","R","E","T","M","$","?","?","E","R","B"],"character_chosen":"IRONCLAD","items_purchased":["Infernal Blade","Toy Ornithopter"],"campfire_rested":0,"item_purchase_floors":[11,11],"current_hp_per_floor":[78,78,80,80,70,41,41,9,9,14,14,2,28,39,39,0],"gold":132,"neow_bonus":"THREE_ENEMY_KILL","is_prod":false,"is_daily":false,"chose_seed":false,"campfire_upgraded":2,"win_rate":0,"timestamp":1553038547,"path_taken":["M","?","?","M","M","E","R","E","T","M","$","?","?","E","R","BOSS"],"build_version":"2019-01-23","purchased_purges":0,"victory":false,"max_hp_per_floor":[80,80,80,80,80,80,80,80,80,80,80,80,86,86,86,86],"card_choices":[{"not_picked":["Body Slam","Clash"],"picked":"Spot Weakness","floor":1},{"not_picked":["Armaments","Battle Trance"],"picked":"Cleave","floor":3},{"not_picked":["Evolve","Searing Blow"],"picked":"Seeing Red","floor":4},{"not_picked":["Clash","Twin Strike"],"picked":"Anger","floor":5},{"not_picked":["Uppercut","Warcry"],"picked":"Double Tap","floor":6},{"not_picked":["Havoc","Reckless Charge","Sentinel"],"picked":"SKIP","floor":8},{"not_picked":["Rampage","Havoc"],"picked":"Second Wind","floor":10},{"not_picked":["Thunderclap","Sword Boomerang","Anger"],"picked":"SKIP","floor":10},{"not_picked":["Iron Wave","Bloodletting","Sword Boomerang"],"picked":"SKIP","floor":14}],"player_experience":457062,"relics_obtained":[{"floor":6,"key":"Lantern"},{"floor":8,"key":"Prayer Wheel"},{"floor":9,"key":"Darkstone Periapt"},{"floor":14,"key":"WingedGreaves"}],"event_choices":[{"damage_healed":0,"gold_gain":0,"cards_transformed":["Strike_R"],"player_choice":"Transformed","damage_taken":0,"max_hp_gain":0,"max_hp_loss":0,"event_name":"Transmorgrifier","floor":2,"gold_loss":0,"cards_obtained":["Havoc"]},{"damage_healed":0,"gold_gain":0,"player_choice":"Success","damage_taken":12,"relics_obtained":["Tiny Chest"],"max_hp_gain":0,"max_hp_loss":0,"event_name":"Scrap Ooze","floor":12,"gold_loss":0},{"damage_healed":20,"gold_gain":0,"player_choice":"Healed and dodged fight","damage_taken":0,"max_hp_gain":0,"max_hp_loss":0,"event_name":"Mushrooms","floor":13,"gold_loss":0,"cards_obtained":["Parasite"]}],"is_beta":false,"boss_relics":[],"items_purged_floors":[],"is_endless":false,"potions_floor_spawned":[1,3,8,10,14],"killed_by":"Hexaghost","ascension_level":8}