{"gold_per_floor":[210,228,242,242,254,285,63,63,142,161,161,174,192,202,202,202],"floor_reached":16,"playtime":731,"items_purged":[],"score":133,"play_id":"94705073-c20b-40c2-a05e-e95bf69180ed","local_time":"20190228212956","is_ascension_mode":true,"campfire_choices":[{"data":"Perfected Strike","floor":11,"key":"SMITH"},{"floor":15,"key":"REST"}],"neow_cost":"NONE","seed_source_timestamp":1371850301894129,"circlet_count":0,"master_deck":["Strike_R","Strike_R","Strike_R","Strike_R","Defend_R","Defend_R","Defend_R","Defend_R","Bash","Metallicize","Perfected Strike+1","Disarm","Iron Wave","Clothesline","Impervious","Warcry","Impervious","Infernal Blade","Whirlwind","Feel No Pain"],"relics":["Burning Blood","Bottled Flame","Anchor","Tiny Chest"],"potions_floor_usage":[5,6,16],"damage_taken":[{"damage":6,"enemies":"Cultist","floor":1,"turns":3},{"damage":7,"enemies":"Jaw Worm","floor":2,"turns":6},{"damage":0,"enemies":"2 Louse","floor":3,"turns":3},{"damage":20,"enemies":"Large Slime","floor":5,"turns":7},{"damage":36,"enemies":"Lagavulin","floor":6,"turns":9},{"damage":4,"enemies":"Exordium Wildlife","floor":10,"turns":5},{"damage":1,"enemies":"Blue Slaver","floor":12,"turns":5},{"damage":5,"enemies":"Gremlin Gang","floor":13,"turns":6},{"damage":20,"enemies":"Large Slime","floor":14,"turns":10},{"damage":57,"enemies":"Slime Boss","floor":16,"turns":13}],"seed_played":"2577158264983726223","potions_obtained":[{"floor":1,"key":"SpeedPotion"},{"floor":2,"key":"Dexterity Potion"},{"floor":3,"key":"Strength Potion"},{"floor":10,"key":"LiquidBronze"},{"floor":13,"key":"Explosive Potion"}],"is_trial":false,"path_per_floor":["M","M","M","?","M","E","$","?","T","M","R","M","M","M","R","B"],"character_chosen":"IRONCLAD","items_purchased":["Impervious","Anchor"],"campfire_rested":1,"item_purchase_floors":[7,7],"current_hp_per_floor":[80,79,80,80,66,36,36,36,36,38,38,43,44,30,54,0],"gold":202,"neow_bonus":"HUNDRED_GOLD","is_prod":false,"is_daily":false,"chose_seed":false,"campfire_upgraded":1,"win_rate":0,"timestamp":1551407396,"path_taken":["M","M","M","?","M","E","$","?","T","?","R","M","?","M","R","BOSS"],"build_version":"2019-01-23","purchased_purges":0,"victory":false,"max_hp_per_floor":[80,80,80,80,80,80,80,80,80,80,80,80,80,80,80,80],"card_choices":[{"not_picked":["Bloodletting","Twin Strike"],"picked":"Metallicize","floor":1},{"not_picked":["Body Slam","Feel No Pain"],"picked":"Perfected Strike","floor":2},{"not_picked":["Reckless Charge","Sword Boomerang","Blood for Blood"],"picked":"SKIP","floor":3},{"not_picked":["Body Slam","Whirlwind"],"picked":"Iron Wave","floor":5},{"not_picked":["Second Wind","Sentinel"],"picked":"Clothesline","floor":6},{"not_picked":["Blood for Blood","Havoc"],"picked":"Infernal Blade","floor":10},{"not_picked":["True Grit","Clash"],"picked":"Whirlwind","floor":12},{"not_picked":["Wild Strike","Body Slam"],"picked":"Feel No Pain","floor":13},{"not_picked":["Blood for Blood","Twin Strike","Clothesline"],"picked":"SKIP","floor":14}],"player_experience":410172,"relics_obtained":[{"floor":6,"key":"Bottled Flame"},{"floor":9,"key":"Tiny Chest"}],"event_choices":[{"damage_healed":0,"gold_gain":0,"cards_transformed":["Strike_R"],"player_choice":"Change","damage_taken":0,"max_hp_gain":0,"max_hp_loss":0,"event_name":"Living Wall","floor":4,"gold_loss":0,"cards_obtained":["Disarm"]},{"damage_healed":0,"gold_gain":0,"player_choice":"2 cards matched","damage_taken":0,"max_hp_gain":0,"max_hp_loss":0,"event_name":"Match and Keep!","floor":8,"gold_loss":0,"cards_obtained":["Warcry","Impervious"]}],"is_beta":false,"boss_relics":[],"items_purged_floors":[],"is_endless":false,"potions_floor_spawned":[1,2,3,10,13],"killed_by":"Slime Boss","ascension_level":5}