{"gold_per_floor":[117,117,127,127,143,143,168,318,396,64,94,106,106,140,140,217,217,233,249,0,17,35,35,35,35,62,78,93,107,107,125,125,125],"floor_reached":33,"playtime":1490,"items_purged":["Doubt"],"score":453,"play_id":"ce923ad9-15fc-400b-a743-6c4f37a05292","local_time":"20180826000303","is_ascension_mode":true,"campfire_choices":[{"data":"Crippling Poison","floor":6.0,"key":"SMITH"},{"data":"Dagger Spray","floor":13.0,"key":"SMITH"},{"data":"Caltrops","floor":15.0,"key":"SMITH"},{"floor":23.0,"key":"REST"},{"floor":25.0,"key":"REST"},{"data":"Corpse Explosion","floor":30,"key":"SMITH"},{"floor":32,"key":"REST"}],"neow_cost":"CURSE","seed_source_timestamp":93267290361618,"circlet_count":0,"master_deck":["Defend_G","Defend_G","Defend_G","Defend_G","Strike_G","Strike_G","Strike_G","Strike_G","Survivor","Neutralize+1","AscendersBane","Clumsy","Escape Plan","Crippling Poison+1","Dodge and Roll","Caltrops+1","Slice","Bane","Dagger Spray+1","Flying Knee","Corpse Explosion+1","Acrobatics","PiercingWail+1","Catalyst","Quick Slash","Dash+1","Backflip"],"special_seed":0,"relics":["Ring of the Snake","Centennial Puzzle","Mercury Hourglass","Lee\u0027s Waffle","Tiny Chest","Darkstone Periapt","Snecko Eye","Art of War","Bag of Marbles"],"potions_floor_usage":[33,33],"damage_taken":[{"damage":1.0,"enemies":"Small Slimes","floor":1.0,"turns":4.0},{"damage":6.0,"enemies":"2 Louse","floor":3.0,"turns":3.0},{"damage":5.0,"enemies":"Jaw Worm","floor":5.0,"turns":4.0},{"damage":36.0,"enemies":"Gremlin Nob","floor":7.0,"turns":5.0},{"damage":2.0,"enemies":"Blue Slaver","floor":12.0,"turns":3.0},{"damage":21.0,"enemies":"Lagavulin","floor":14.0,"turns":5.0},{"damage":31.0,"enemies":"The Guardian","floor":16.0,"turns":10.0},{"damage":30.0,"enemies":"Shell Parasite","floor":18.0,"turns":5.0},{"damage":25.0,"enemies":"Chosen","floor":19.0,"turns":4.0},{"damage":5.0,"enemies":"Centurion and Healer","floor":21.0,"turns":5.0},{"damage":7.0,"enemies":"Chosen and Byrds","floor":22.0,"turns":5.0},{"damage":5.0,"enemies":"3 Cultists","floor":27.0,"turns":3.0},{"damage":0.0,"enemies":"Centurion and Healer","floor":28.0,"turns":3.0},{"damage":4,"enemies":"Cultist and Chosen","floor":29,"turns":3},{"damage":12,"enemies":"Sentry and Sphere","floor":31,"turns":3},{"damage":32,"enemies":"Champ","floor":33,"turns":10}],"seed_played":"-7791330385435886358","potions_obtained":[{"floor":3.0,"key":"Poison Potion"},{"floor":7.0,"key":"Regen Potion"},{"floor":19.0,"key":"LiquidBronze"},{"floor":22.0,"key":"LiquidBronze"},{"floor":28.0,"key":"Weak Potion"}],"is_trial":false,"path_per_floor":["M","?","M","?","M","R","E","?","T","$","T","M","R","E","R","B",null,"M","M","?","M","M","R","?","R","T","M","M","M","R","M","R"],"character_chosen":"THE_SILENT","items_purchased":["Lee\u0027s Waffle","Dagger Spray"],"campfire_rested":3,"item_purchase_floors":[10,10],"current_hp_per_floor":[58,63,57,57,52,52,16,16,16,78,78,76,76,67,67,36,68,38,13,13,8,1,24,24,47,47,42,42,38,38,26,49,17],"gold":125,"neow_bonus":"TRANSFORM_TWO_CARDS","is_prod":false,"is_daily":false,"chose_seed":false,"campfire_upgraded":4,"win_rate":0,"timestamp":1535256183,"path_taken":["M","?","M","?","M","R","E","?","T","$","?","M","R","E","R","BOSS","M","M","?","?","M","R","?","R","T","M","M","M","R","M","R","BOSS"],"build_version":"2018-08-23v2","purchased_purges":1,"victory":false,"max_hp_per_floor":[66,71,71,71,71,71,71,71,71,78,78,78,78,78,78,78,78,78,78,78,78,78,78,78,78,78,78,78,78,78,78,78,78],"card_choices":[{"not_picked":["Crippling Poison","Outmaneuver"],"picked":"Dodge and Roll","floor":1.0},{"not_picked":["Bane","Calculated Gamble"],"picked":"Caltrops","floor":3.0},{"not_picked":["Escape Plan","Quick Slash"],"picked":"Slice","floor":5.0},{"not_picked":["Blade Dance","Deadly Poison"],"picked":"Bane","floor":7.0},{"not_picked":["Prepared","Quick Slash","Blade Dance"],"picked":"SKIP","floor":12.0},{"not_picked":["Reflex","Outmaneuver"],"picked":"Flying Knee","floor":14.0},{"not_picked":["Storm of Steel","Phantasmal Killer"],"picked":"Corpse Explosion","floor":16.0},{"not_picked":["Well Laid Plans+1","Cloak And Dagger"],"picked":"Acrobatics","floor":18.0},{"not_picked":["Flying Knee","Blade Dance","Deadly Poison+1"],"picked":"SKIP","floor":19.0},{"not_picked":["Blade Dance","Dagger Spray"],"picked":"PiercingWail+1","floor":21.0},{"not_picked":["Concentrate","Quick Slash"],"picked":"Catalyst","floor":22.0},{"not_picked":["Acrobatics","Calculated Gamble"],"picked":"Quick Slash","floor":27.0},{"not_picked":["Sucker Punch+1","Well Laid Plans","Slice"],"picked":"SKIP","floor":28.0},{"not_picked":["Heel Hook+1","Cloak And Dagger+1"],"picked":"Dash+1","floor":29},{"not_picked":["Deadly Poison","Dagger Spray"],"picked":"Backflip","floor":31}],"player_experience":611897,"relics_obtained":[{"floor":7.0,"key":"Centennial Puzzle"},{"floor":9.0,"key":"Mercury Hourglass"},{"floor":11.0,"key":"Tiny Chest"},{"floor":14.0,"key":"Darkstone Periapt"},{"floor":26.0,"key":"Bag of Marbles"}],"event_choices":[{"event_name":"Big Fish","player_choice":"Donut","floor":2.0,"damage_taken":0.0},{"event_name":"Living Wall","player_choice":"Grow","floor":4.0,"damage_taken":0.0},{"event_name":"Liars Game","player_choice":"agreed","floor":8.0,"damage_taken":0.0},{"event_name":"Masked Bandits","player_choice":"Paid Fearfully","floor":20.0,"damage_taken":0.0},{"event_name":"WeMeetAgain","player_choice":"Potion","floor":24.0,"damage_taken":0.0}],"is_beta":false,"boss_relics":[{"not_picked":["Lizard Tail","White Beast Statue"],"picked":"Snecko Eye"}],"items_purged_floors":[10],"is_endless":false,"potions_floor_spawned":[3,7,19,22,28,29],"killed_by":"Champ","ascension_level":15}