{"gold_per_floor":[119,139,149,168,168,168,182,202,202,214,226,252,282,294,306,395,407,439,451,479,491],"floor_reached":21,"playtime":926,"items_purged":[],"score":333,"play_id":"f669290c-14a3-4f62-be9d-733a85762d1e","local_time":"20181011220911","is_ascension_mode":true,"campfire_choices":[{"data":"Defragment","floor":6,"key":"SMITH"},{"data":"Zap","floor":10,"key":"SMITH"},{"data":"White Noise","floor":15,"key":"SMITH"}],"neow_cost":"NONE","seed_source_timestamp":179131236912710,"circlet_count":0,"master_deck":["Strike_B","Strike_B","Defend_B","Defend_B","Defend_B","Zap+1","Dualcast","AscendersBane","Multi-Cast","Defragment+1","BootSequence","Turbo","Undo","Leap","Scrape","Leap","White Noise+1","All For One","Lockon+1","Cold Snap+1","Leap+1","Conserve Battery"],"relics":["Cracked Core","MawBank","Astrolabe","FaceOfCleric"],"potions_floor_usage":[8,12,13],"damage_taken":[{"damage":16,"enemies":"Small Slimes","floor":1,"turns":3},{"damage":9,"enemies":"2 Louse","floor":2,"turns":3},{"damage":0,"enemies":"Jaw Worm","floor":3,"turns":4},{"damage":1,"enemies":"Exordium Wildlife","floor":4,"turns":3},{"damage":0,"enemies":"Blue Slaver","floor":7,"turns":3},{"damage":0,"enemies":"Red Slaver","floor":8,"turns":3},{"damage":10,"enemies":"Large Slime","floor":12,"turns":6},{"damage":9,"enemies":"Exordium Thugs","floor":13,"turns":5},{"damage":24,"enemies":"Hexaghost","floor":16,"turns":11},{"damage":1,"enemies":"Chosen","floor":18,"turns":7},{"damage":9,"enemies":"Shell Parasite","floor":20,"turns":7},{"damage":70,"enemies":"Cultist and Chosen","floor":21,"turns":5}],"seed_played":"-732442579018795296","potions_obtained":[{"floor":3,"key":"SkillPotion"},{"floor":4,"key":"SteroidPotion"},{"floor":7,"key":"Swift Potion"},{"floor":8,"key":"Fruit Juice"}],"is_trial":false,"path_per_floor":["M","M","M","M","?","R","M","M","T","R","?","M","M","$","R","B",null,"M","?","M"],"character_chosen":"DEFECT","items_purchased":[],"campfire_rested":0,"item_purchase_floors":[],"current_hp_per_floor":[48,39,39,38,61,61,61,61,61,61,61,56,47,47,47,23,63,62,62,54,0],"gold":491,"neow_bonus":"ONE_RANDOM_RARE_CARD","is_prod":false,"is_daily":false,"chose_seed":false,"campfire_upgraded":3,"win_rate":0,"timestamp":1539310151,"path_taken":["M","M","M","M","?","R","M","M","T","R","?","M","M","$","R","BOSS","M","?","?","M"],"build_version":"2018-10-11","purchased_purges":0,"victory":false,"max_hp_per_floor":[71,71,71,71,71,71,71,71,71,71,71,76,76,76,76,76,76,76,76,77,77],"card_choices":[{"not_picked":["Beam Cell","Undo"],"picked":"Defragment","floor":1},{"not_picked":["Heatsinks","Chaos"],"picked":"BootSequence","floor":2},{"not_picked":["Gash","Barrage"],"picked":"Turbo","floor":3},{"not_picked":["Fusion","Scrape"],"picked":"Undo","floor":4},{"not_picked":["Redo","Genetic Algorithm"],"picked":"Leap","floor":7},{"not_picked":["Beam Cell","Sweeping Beam"],"picked":"Scrape","floor":8},{"not_picked":["Compile Driver","Redo"],"picked":"Leap","floor":12},{"not_picked":["Steam Power","Aggregate"],"picked":"White Noise","floor":13},{"not_picked":["Multi-Cast","Hyperbeam"],"picked":"All For One","floor":16},{"not_picked":["Barrage+1","Compile Driver","Stack"],"picked":"SKIP","floor":18},{"not_picked":["Turbo","Melter"],"picked":"Conserve Battery","floor":20}],"player_experience":753403,"relics_obtained":[{"floor":9,"key":"MawBank"}],"event_choices":[{"event_name":"Big Fish","player_choice":"Banana","floor":5,"damage_taken":0},{"event_name":"Dead Adventurer","player_choice":"Searched \u00270\u0027 times","floor":11,"damage_taken":0},{"event_name":"FaceTrader","player_choice":"Trade","floor":19,"damage_taken":0}],"is_beta":false,"boss_relics":[{"not_picked":["Ectoplasm","Nuclear Battery"],"picked":"Astrolabe"}],"items_purged_floors":[],"is_endless":false,"potions_floor_spawned":[3,4,7,8],"killed_by":"Cultist and Chosen","ascension_level":18}