{"gold_per_floor":[114,126,126,138,138,138,173,173,251,251,264,39,58,75,75,177,177,194,208,208],"floor_reached":20,"playtime":812,"items_purged":["Pain"],"score":229,"play_id":"f932c866-df48-49b4-9d22-da9c058d2d9e","local_time":"20180628212053","is_ascension_mode":true,"campfire_choices":[{"data":"Loop","floor":6,"key":"SMITH"},{"data":"Redo","floor":8,"key":"SMITH"},{"data":"Zap","floor":10,"key":"SMITH"},{"floor":15,"key":"REST"}],"neow_cost":"NONE","seed_source_timestamp":20193228366559,"circlet_count":0,"master_deck":["Strike_B","Defend_B","Defend_B","Defend_B","Defend_B","Zap+1","Dualcast+1","Redo+1","BootSequence","Conserve Battery","Loop+1","All For One","Redo","Thunder Strike","Static Discharge"],"relics":["Cursed Key","Bronze Scales","Meat on the Bone","Regal Pillow","Empty Cage"],"potions_floor_usage":[7,18,20],"damage_taken":[{"damage":1,"enemies":"Cultist","floor":1,"turns":3},{"damage":8,"enemies":"Small Slimes","floor":2,"turns":4},{"damage":0,"enemies":"Jaw Worm","floor":4,"turns":2},{"damage":3,"enemies":"Lagavulin","floor":7,"turns":6},{"damage":16,"enemies":"2 Fungi Beasts","floor":11,"turns":4},{"damage":0,"enemies":"Blue Slaver","floor":13,"turns":3},{"damage":1,"enemies":"Exordium Thugs","floor":14,"turns":3},{"damage":37,"enemies":"Slime Boss","floor":16,"turns":9},{"damage":27,"enemies":"Chosen","floor":18,"turns":6},{"damage":18,"enemies":"Shell Parasite","floor":19,"turns":4},{"damage":41,"floor":20,"turns":3}],"seed_played":"-6360930227558736422","potions_obtained":[{"floor":2,"key":"Poison Potion"},{"floor":7,"key":"SpeedPotion"},{"floor":16,"key":"Weak Potion"},{"floor":19,"key":"Ancient Potion"}],"is_trial":false,"path_per_floor":["M","M","?","M","?","R","E","R","T","R","M","$","M","M","R","B",null,"M","M"],"character_chosen":"DEFECT","items_purchased":["Regal Pillow"],"campfire_rested":1,"item_purchase_floors":[12],"current_hp_per_floor":[67,59,59,59,59,59,56,56,56,56,40,40,40,39,75,38,66,39,33,0],"gold":208,"neow_bonus":"BOSS_RELIC","is_prod":false,"is_daily":false,"chose_seed":false,"campfire_upgraded":3,"win_rate":0,"timestamp":1530235253,"path_taken":["M","?","?","M","?","R","E","R","T","R","M","$","M","?","R","BOSS","M","M","?"],"build_version":"2018-06-21v2","purchased_purges":1,"victory":false,"max_hp_per_floor":[75,75,75,75,75,75,75,75,75,75,75,75,75,75,75,75,75,75,75,75],"card_choices":[{"not_picked":["Go for the Eyes","Stack"],"picked":"Redo","floor":1},{"not_picked":["Rebound","Hyperbeam"],"picked":"BootSequence","floor":2},{"not_picked":["Gash","Steam"],"picked":"Conserve Battery","floor":4},{"not_picked":["Blizzard","Rebound"],"picked":"All For One","floor":7},{"not_picked":["Steam","Compile Driver"],"picked":"Redo","floor":11},{"not_picked":["Conserve Battery","Beam Cell","Compile Driver"],"picked":"SKIP","floor":13},{"not_picked":["Gash","Tempest","Amplify"],"picked":"SKIP","floor":14},{"not_picked":["Meteor Strike","Reboot"],"picked":"Thunder Strike","floor":16},{"not_picked":["Cold Snap","Blizzard","Streamline"],"picked":"SKIP","floor":18},{"not_picked":["Steam","Gash"],"picked":"Static Discharge","floor":19}],"player_experience":342805,"relics_obtained":[{"floor":7,"key":"Bronze Scales"},{"floor":9,"key":"Meat on the Bone"}],"event_choices":[{"event_name":"Living Wall","player_choice":"Grow","floor":3,"damage_taken":0},{"event_name":"Transmorgrifier","player_choice":"Transform","floor":5,"damage_taken":0},{"event_name":"Masked Bandits","player_choice":"Fought over 208 gold","floor":20,"damage_taken":0}],"boss_relics":[{"not_picked":["Calling Bell","Black Star"],"picked":"Empty Cage"}],"items_purged_floors":[12],"is_endless":false,"potions_floor_spawned":[2,7,16,19],"ascension_level":6}