{"gold_per_floor":[109,126,141,152,163,163,39,64,87,87,114,132,150,225,225,330,330,349,366,366,68,68],"floor_reached":22,"playtime":1217,"items_purged":["Strike_B","Strike_B"],"score":238,"play_id":"625c5e3e-b7fa-4cec-8b28-ed0f6805c341","local_time":"20180627190927","is_ascension_mode":true,"campfire_choices":[{"floor":6,"key":"REST"},{"floor":10,"key":"REST"},{"floor":15,"key":"REST"}],"neow_cost":"NONE","seed_source_timestamp":91522171375461,"circlet_count":0,"master_deck":["Strike_B","Strike_B","Defend_B","Defend_B","Defend_B","Defend_B","Zap","Dualcast","Rip and Tear","Gash","Coolheaded","Beam Cell","Redo","Rebound","Loop","Gash","Creative AI","Ball Lightning+1","Hologram+1"],"special_seed":17709,"relics":["Fusion Hammer","Ancient Tea Set","Bag of Marbles","Orichalcum","Runic Pyramid","Lantern"],"potions_floor_usage":[8,8,16,18],"damage_taken":[{"damage":3,"enemies":"Jaw Worm","floor":1,"turns":4},{"damage":0,"enemies":"2 Louse","floor":2,"turns":2},{"damage":6,"enemies":"Cultist","floor":3,"turns":3},{"damage":7,"enemies":"Looter","floor":4,"turns":3},{"damage":12,"enemies":"Lots of Slimes","floor":5,"turns":4},{"damage":13,"enemies":"3 Sentries","floor":8,"turns":6},{"damage":35,"enemies":"Lagavulin","floor":11,"turns":6},{"damage":4,"enemies":"Red Slaver","floor":12,"turns":3},{"damage":17,"enemies":"Large Slime","floor":13,"turns":6},{"damage":29,"enemies":"The Guardian","floor":16,"turns":10},{"damage":16,"enemies":"3 Byrds","floor":18,"turns":7},{"damage":32,"enemies":"2 Thieves","floor":19,"turns":4},{"damage":14,"enemies":"Snake Plant","floor":22,"turns":1}],"seed_played":"5727861958661676505","potions_obtained":[{"floor":1,"key":"Strength Potion"},{"floor":3,"key":"PowerPotion"},{"floor":11,"key":"SteroidPotion"},{"floor":16,"key":"Fire Potion"}],"is_trial":false,"path_per_floor":["M","M","M","M","M","R","$","E","T","R","E","M","M","?","R","B",null,"M","M","?","$"],"character_chosen":"DEFECT","items_purchased":["Rebound","Explosive Potion","Lantern"],"campfire_rested":3,"item_purchase_floors":[7,21,21],"current_hp_per_floor":[72,72,66,59,47,69,69,56,56,75,40,36,19,8,30,1,75,59,27,13,13,0],"gold":68,"neow_bonus":"BOSS_RELIC","is_prod":false,"is_daily":false,"chose_seed":false,"campfire_upgraded":0,"win_rate":0,"timestamp":1530140967,"path_taken":["M","M","M","M","M","R","$","E","T","R","E","M","M","?","R","BOSS","M","M","?","?","M"],"build_version":"2018-06-21v2","purchased_purges":2,"victory":false,"max_hp_per_floor":[75,75,75,75,75,75,75,75,75,75,75,75,75,75,75,75,75,75,75,80,80,80],"card_choices":[{"not_picked":["Tempest","Scrape"],"picked":"Rip and Tear","floor":1},{"not_picked":["Hologram","Go for the Eyes"],"picked":"Gash","floor":2},{"not_picked":["Reinforced Body","Compile Driver"],"picked":"Coolheaded","floor":3},{"not_picked":["Steam","Fusion"],"picked":"Beam Cell","floor":4},{"not_picked":["Recycle","Fusion"],"picked":"Redo","floor":5},{"not_picked":["Reboot","Stack"],"picked":"Loop","floor":8},{"not_picked":["Heatsinks","Steam Power"],"picked":"Gash","floor":11},{"not_picked":["Steam","Capacitor","Rip and Tear"],"picked":"SKIP","floor":12},{"not_picked":["Ball Lightning","Stack","Heatsinks"],"picked":"SKIP","floor":13},{"not_picked":["Multi-Cast","Buffer"],"picked":"Creative AI","floor":16},{"not_picked":["Static Discharge","Coolheaded"],"picked":"Ball Lightning+1","floor":18},{"not_picked":["Beam Cell","Defragment+1"],"picked":"Hologram+1","floor":19}],"player_experience":328525,"relics_obtained":[{"floor":8,"key":"Ancient Tea Set"},{"floor":9,"key":"Bag of Marbles"},{"floor":11,"key":"Orichalcum"}],"event_choices":[{"event_name":"World of Goop","player_choice":"Gather Gold","floor":14,"damage_taken":0},{"event_name":"Forgotten Altar","player_choice":"Shed Blood","floor":20,"damage_taken":0}],"boss_relics":[{"not_picked":["Black Star","Calling Bell"],"picked":"Runic Pyramid"}],"items_purged_floors":[7,21],"is_endless":false,"potions_floor_spawned":[1,3,11,16],"killed_by":"Snake Plant","ascension_level":4}