{"path_per_floor":["M","?","M","$","T","R","E","M","T","M","M","E","M","M","R","B",null,"M","?","M","$","M","E","R","E","T","M","?","M","R","M","R","B",null,"M","?","$","?","M"],"character_chosen":"IRONCLAD","items_purchased":["Blood Vial","Whirlwind","Kunai","True Grit","Ancient Tea Set"],"gold_per_floor":[213,213,225,3,3,3,33,51,51,70,81,111,122,140,140,240,240,252,252,265,96,106,440,440,469,469,484,484,503,503,515,515,610,610,625,625,41,41,55,55],"floor_reached":40,"campfire_rested":1,"playtime":6413,"current_hp_per_floor":[80,80,80,80,80,80,66,74,74,73,80,73,73,80,80,32,80,80,80,63,63,65,40,40,48,48,54,54,59,59,60,80,7,80,80,70,70,70,73,0],"items_purged":["Strike_R","Defend_R","Strike_R"],"gold":55,"score":465,"play_id":"c2599be3-c83f-4cc0-b19d-a8bc1e4cc4b2","local_time":"20180522233920","is_prod":false,"is_daily":false,"chose_seed":false,"is_ascension_mode":false,"campfire_upgraded":4,"timestamp":1527028760,"campfire_choices":[{"data":"Headbutt","floor":6,"key":"SMITH"},{"data":"Shrug It Off","floor":15,"key":"SMITH"},{"data":"Demon Form","floor":24,"key":"SMITH"},{"data":"Bash","floor":30,"key":"SMITH"},{"floor":32,"key":"REST"}],"path_taken":["M","?","M","?","?","R","E","?","T","M","?","E","M","M","R","BOSS","M","?","M","$","?","E","R","E","T","M","?","M","R","M","R","BOSS","M","?","$","?","M","E"],"build_version":"2018-05-17","seed_source_timestamp":132209454210821,"purchased_purges":3,"victory":false,"master_deck":["Strike_R","Defend_R","Defend_R","Defend_R","Bash+1","Rampage+1","Headbutt+1","Battle Trance","Shrug It Off+1","Clash+1","Headbutt","Whirlwind+1","Clash+1","Demon Form+1","Shrug It Off+1","Barricade","Headbutt+1","Madness","Madness","True Grit"],"max_hp_per_floor":[80,80,80,80,80,80,80,80,80,80,80,80,80,80,80,80,80,80,80,80,80,80,80,80,80,80,80,80,80,80,80,80,80,80,80,80,80,80,80,80],"relics":["Black Blood","Blood Vial","Bag of Marbles","Anchor","Ornamental Fan","Pen Nib","Black Star","Shovel","Old Coin","Whetstone","Regal Pillow","Centennial Puzzle","Kunai","Ancient Tea Set"],"card_choices":[{"not_picked":["Sword Boomerang","Fire Breathing"],"picked":"Rampage","floor":1},{"not_picked":["Anger","Thunderclap"],"picked":"Headbutt","floor":3},{"not_picked":["Heavy Blade","Feel No Pain","Evolve"],"picked":"SKIP","floor":7},{"not_picked":["Dropkick","Body Slam","Havoc"],"picked":"SKIP","floor":8},{"not_picked":["Clash","Shockwave","Armaments"],"picked":"SKIP","floor":10},{"not_picked":["Uppercut","Entrench"],"picked":"Battle Trance","floor":11},{"not_picked":["Dropkick","Clash","Double Tap"],"picked":"SKIP","floor":12},{"not_picked":["Iron Wave","Dropkick","Reckless Charge"],"picked":"SKIP","floor":13},{"not_picked":["Clash","Armaments"],"picked":"Shrug It Off","floor":14},{"not_picked":["Power Through","Thunderclap+1"],"picked":"Clash","floor":18},{"not_picked":["Metallicize","Body Slam"],"picked":"Headbutt","floor":20},{"not_picked":["Rage","Anger"],"picked":"Clash+1","floor":22},{"not_picked":["Body Slam+1","Burning Pact+1"],"picked":"Demon Form","floor":23},{"not_picked":["Warcry+1","Combust","Flex+1"],"picked":"SKIP","floor":25},{"not_picked":["Whirlwind","Sentinel","Wild Strike"],"picked":"SKIP","floor":27},{"not_picked":["Armaments","Fire Breathing","Intimidate"],"picked":"SKIP","floor":29},{"not_picked":["Body Slam+1","Bloodletting","Thunderclap"],"picked":"SKIP","floor":31},{"not_picked":["Reaper","Dark Embrace"],"picked":"Barricade","floor":33},{"not_picked":["Perfected Strike+1","Heavy Blade"],"picked":"Headbutt+1","floor":35},{"not_picked":["Sword Boomerang+1","Intimidate+1","Feed"],"picked":"SKIP","floor":39}],"player_experience":119267,"potions_floor_usage":[16,22,22,31,33,33,40],"damage_taken":[{"damage":4,"enemies":"Jaw Worm","floor":1,"turns":5},{"damage":5,"enemies":"Cultist","floor":3,"turns":4},{"damage":20,"enemies":"3 Sentries","floor":7,"turns":8},{"damage":0,"enemies":"2 Louse","floor":8,"turns":2},{"damage":9,"enemies":"Exordium Thugs","floor":10,"turns":5},{"damage":0,"enemies":"Exordium Wildlife","floor":11,"turns":3},{"damage":13,"enemies":"Gremlin Nob","floor":12,"turns":4},{"damage":8,"enemies":"Gremlin Gang","floor":13,"turns":5},{"damage":0,"enemies":"Lots of Slimes","floor":14,"turns":3},{"damage":54,"enemies":"Hexaghost","floor":16,"turns":9},{"damage":0,"enemies":"Chosen","floor":18,"turns":3},{"damage":23,"enemies":"3 Byrds","floor":20,"turns":7},{"damage":6,"enemies":"Snake Plant","floor":22,"turns":2},{"damage":33,"enemies":"Gremlin Leader","floor":23,"turns":5},{"damage":0,"enemies":"Slavers","floor":25,"turns":4},{"damage":2,"enemies":"3 Cultists","floor":27,"turns":3},{"damage":3,"enemies":"Centurion and Healer","floor":29,"turns":5},{"damage":7,"enemies":"Snake Plant","floor":31,"turns":4},{"damage":79,"enemies":"Champ","floor":33,"turns":8},{"damage":7,"enemies":"Orb Walker","floor":35,"turns":4},{"damage":9,"enemies":"3 Shapes","floor":39,"turns":2},{"damage":88,"enemies":"2 Orb Walkers","floor":40,"turns":6}],"relics_obtained":[{"floor":5,"key":"Bag of Marbles"},{"floor":7,"key":"Anchor"},{"floor":9,"key":"Ornamental Fan"},{"floor":12,"key":"Pen Nib"},{"floor":23,"key":"Shovel"},{"floor":23,"key":"Old Coin"},{"floor":25,"key":"Whetstone"},{"floor":25,"key":"Regal Pillow"},{"floor":26,"key":"Centennial Puzzle"}],"event_choices":[{"event_name":"Upgrade Shrine","player_choice":"Upgraded","floor":2,"damage_taken":0},{"event_name":"Back to Basics","player_choice":"Elegance","floor":19,"damage_taken":0},{"event_name":"Duplicator","player_choice":"One dupe","floor":28,"damage_taken":0},{"event_name":"Winding Halls","player_choice":"Embrace Madness","floor":36,"damage_taken":0},{"event_name":"Bonfire Elementals","player_choice":"BASIC","floor":38,"damage_taken":0}],"boss_relics":[{"not_picked":["White Beast Statue","Philosopher\u0027s Stone"],"picked":"Black Star"},{"not_picked":["Runic Cube","Lizard Tail"],"picked":"Black Blood"}],"potions_floor_spawned":[3,10,12,13,16,20,27,29,33],"seed_played":"6097743980948831820","killed_by":"2 Orb Walkers","ascension_level":0,"potions_obtained":[{"floor":3,"key":"SteroidPotion"},{"floor":10,"key":"Ancient Potion"},{"floor":12,"key":"PowerPotion"},{"floor":16,"key":"SteroidPotion"},{"floor":27,"key":"PowerPotion"},{"floor":29,"key":"Strength Potion"},{"floor":33,"key":"Swift Potion"}],"is_trial":false}