{"gold_per_floor":[111,186,20,20,34,62,62,93,93,110,110,124,124,149,161,249,261,288,300,312,324,336,348,389,414,426,438,483,510,522,547,559,571],"floor_reached":33,"playtime":1467,"items_purged":[],"score":524,"play_id":"224a2448-6526-4b4e-8d13-62aab4bc5910","local_time":"20190508114703","is_ascension_mode":true,"campfire_choices":[{"data":"Noxious Fumes","floor":7,"key":"SMITH"},{"floor":11,"key":"REST"},{"floor":15,"key":"REST"},{"floor":23,"key":"REST"},{"floor":27,"key":"REST"},{"data":"Blur","floor":30,"key":"SMITH"},{"data":"Corpse Explosion","floor":32,"key":"SMITH"}],"neow_cost":"NONE","seed_source_timestamp":235274523548146,"circlet_count":0,"master_deck":["AscendersBane","Defend_G","Defend_G","Defend_G","Defend_G","Defend_G","Strike_G+1","Strike_G","Strike_G","Strike_G","Strike_G","Survivor","Neutralize+1","Footwork+1","Blur+1","Noxious Fumes+1","Acrobatics","Bane+1","Dagger Spray","Corpse Explosion+1","Heel Hook","Masterful Stab","Dagger Throw","Dagger Spray"],"relics":["Ring of the Snake","Centennial Puzzle","Whetstone","Ancient Tea Set","Vajra","Matryoshka","MawBank","Bronze Scales","Busted Crown","MutagenicStrength","Blood Vial","Toxic Egg 2","PreservedInsect","Snake Skull"],"potions_floor_usage":[6,16,16,18,28,33],"damage_taken":[{"damage":0,"enemies":"Cultist","floor":1,"turns":4},{"damage":0,"enemies":"Small Slimes","floor":5,"turns":4},{"damage":13,"enemies":"3 Sentries","floor":6,"turns":18},{"damage":21,"enemies":"Gremlin Nob","floor":8,"turns":5},{"damage":0,"enemies":"Jaw Worm","floor":10,"turns":4},{"damage":0,"enemies":"Exordium Wildlife","floor":12,"turns":4},{"damage":12,"enemies":"Slime Boss","floor":16,"turns":9},{"damage":5,"enemies":"Spheric Guardian","floor":18,"turns":5},{"damage":10,"enemies":"Book of Stabbing","floor":24,"turns":6},{"damage":4,"enemies":"3 Byrds","floor":25,"turns":2},{"damage":5,"enemies":"Slavers","floor":28,"turns":3},{"damage":5,"enemies":"Centurion and Healer","floor":29,"turns":4},{"damage":3,"enemies":"Shelled Parasite and Fungi","floor":31,"turns":3},{"damage":91,"enemies":"Champ","floor":33,"turns":12}],"seed_played":"1122123875229882559","potions_obtained":[{"floor":5,"key":"Fire Potion"},{"floor":8,"key":"Dexterity Potion"},{"floor":12,"key":"Poison Potion"},{"floor":16,"key":"SkillPotion"},{"floor":25,"key":"Explosive Potion"},{"floor":31,"key":"Dexterity Potion"}],"is_trial":false,"path_per_floor":["M","?","$","?","M","E","R","E","T","M","R","M","?","T","R","B",null,"M","?","?","$","?","R","E","M","T","R","E","M","R","M","R","B"],"character_chosen":"THE_SILENT","items_purchased":["Whetstone"],"campfire_rested":4,"item_purchase_floors":[3],"current_hp_per_floor":[59,48,48,48,48,35,35,14,14,14,33,33,33,33,52,40,60,55,55,37,37,37,58,48,46,46,67,64,61,61,60,60,0],"gold":571,"neow_bonus":"RANDOM_COMMON_RELIC","is_prod":false,"is_daily":false,"chose_seed":false,"campfire_upgraded":3,"win_rate":0,"timestamp":1557341223,"path_taken":["M","?","$","?","?","E","R","E","T","M","R","M","?","?","R","BOSS","M","?","?","?","?","R","E","M","T","R","E","M","R","?","R","BOSS"],"build_version":"2019-01-23","purchased_purges":0,"victory":false,"max_hp_per_floor":[66,66,66,66,66,66,66,66,66,66,66,66,66,66,66,66,66,66,66,71,71,71,71,71,71,71,71,71,71,71,71,71,71],"card_choices":[{"not_picked":["Acrobatics","Dagger Throw"],"picked":"Footwork","floor":1},{"not_picked":["Deadly Poison","Blade Dance"],"picked":"Blur","floor":5},{"not_picked":["Night Terror","PiercingWail"],"picked":"Noxious Fumes","floor":6},{"not_picked":["Outmaneuver","Deflect"],"picked":"Acrobatics","floor":8},{"not_picked":["PiercingWail","Finisher"],"picked":"Bane","floor":10},{"not_picked":["Setup","Outmaneuver"],"picked":"Dagger Spray","floor":12},{"not_picked":["Wraith Form v2","Unload"],"picked":"Corpse Explosion","floor":16},{"not_picked":[],"picked":"Heel Hook","floor":18},{"not_picked":[],"picked":"Masterful Stab","floor":24},{"not_picked":[],"picked":"Dagger Throw","floor":25},{"not_picked":[],"picked":"Dagger Spray","floor":28},{"not_picked":["Dagger Throw"],"picked":"SKIP","floor":29},{"not_picked":["Dagger Throw"],"picked":"SKIP","floor":31}],"player_experience":639377,"relics_obtained":[{"floor":6,"key":"Ancient Tea Set"},{"floor":8,"key":"Vajra"},{"floor":9,"key":"Matryoshka"},{"floor":14,"key":"MawBank"},{"floor":14,"key":"Bronze Scales"},{"floor":24,"key":"Blood Vial"},{"floor":26,"key":"Toxic Egg 2"},{"floor":26,"key":"PreservedInsect"},{"floor":28,"key":"Snake Skull"}],"event_choices":[{"damage_healed":0,"gold_gain":75,"player_choice":"Gather Gold","damage_taken":11,"max_hp_gain":0,"max_hp_loss":0,"event_name":"World of Goop","floor":2,"gold_loss":0},{"damage_healed":0,"gold_gain":0,"player_choice":"Forge","damage_taken":0,"max_hp_gain":0,"max_hp_loss":0,"event_name":"Accursed Blacksmith","floor":4,"gold_loss":0,"cards_upgraded":["Footwork"]},{"damage_healed":0,"gold_gain":0,"player_choice":"Grow","damage_taken":0,"max_hp_gain":0,"max_hp_loss":0,"event_name":"Living Wall","floor":13,"gold_loss":0,"cards_upgraded":["Bane"]},{"damage_healed":0,"gold_gain":0,"player_choice":"Ignored","damage_taken":0,"max_hp_gain":0,"max_hp_loss":0,"event_name":"Ghosts","floor":19,"gold_loss":0},{"damage_healed":0,"gold_gain":0,"player_choice":"Shed Blood","damage_taken":23,"max_hp_gain":5,"max_hp_loss":0,"event_name":"Forgotten Altar","floor":20,"gold_loss":0},{"damage_healed":0,"gold_gain":0,"player_choice":"Inject Mutagens","damage_taken":0,"relics_obtained":["MutagenicStrength"],"max_hp_gain":0,"max_hp_loss":0,"event_name":"Drug Dealer","floor":22,"gold_loss":0}],"is_beta":false,"boss_relics":[{"not_picked":["Astrolabe","Calling Bell"],"picked":"Busted Crown"}],"items_purged_floors":[],"is_endless":false,"potions_floor_spawned":[5,8,12,16,25,31],"killed_by":"Champ","ascension_level":16}