{"gold_per_floor":[114,131,281,281,292,292,317,52,52,52,72,91,121,135,135,210,210,225,235,235,235],"floor_reached":21,"playtime":1117,"items_purged":[],"score":353,"play_id":"daa5142e-ac77-4503-aeb8-08ceaf7d6986","local_time":"20190522210952","is_ascension_mode":true,"campfire_choices":[{"data":"Neutralize","floor":6,"key":"SMITH"},{"floor":10,"key":"REST"},{"data":"Noxious Fumes","floor":15,"key":"SMITH"}],"neow_cost":"TEN_PERCENT_HP_LOSS","seed_source_timestamp":283169706802804,"circlet_count":0,"master_deck":["AscendersBane","Defend_G","Defend_G","Defend_G","Defend_G","Defend_G","Strike_G","Strike_G","Strike_G","Strike_G","Strike_G","Survivor","Neutralize+1","Acrobatics","Cloak And Dagger","Terror","Calculated Gamble","Dagger Throw","Noxious Fumes+1","Quick Slash","PiercingWail","Infinite Blades","Underhanded Strike","Concentrate","A Thousand Cuts","Dagger Throw+1","Footwork","Backstab","Reflex"],"relics":["Ring of the Snake","Tingsha","Pantograph","Bronze Scales","Prayer Wheel","HoveringKite","Nloth\u0027s Gift"],"potions_floor_usage":[2,12,21],"damage_taken":[{"damage":4,"enemies":"Small Slimes","floor":1,"turns":4},{"damage":0,"enemies":"2 Louse","floor":2,"turns":3},{"damage":0,"enemies":"Cultist","floor":5,"turns":4},{"damage":41,"enemies":"Gremlin Nob","floor":7,"turns":5},{"damage":0,"enemies":"Blue Slaver","floor":11,"turns":3},{"damage":0,"enemies":"Gremlin Gang","floor":12,"turns":3},{"damage":19,"enemies":"Lagavulin","floor":13,"turns":6},{"damage":5,"enemies":"Looter","floor":14,"turns":3},{"damage":26,"enemies":"Hexaghost","floor":16,"turns":7},{"damage":8,"enemies":"3 Byrds","floor":18,"turns":3},{"damage":15,"enemies":"Spheric Guardian","floor":19,"turns":4},{"damage":30,"enemies":"Centurion and Healer","floor":21,"turns":4}],"seed_played":"1674075489003650660","potions_obtained":[{"floor":1,"key":"AttackPotion"},{"floor":11,"key":"Fire Potion"},{"floor":13,"key":"Ancient Potion"},{"floor":16,"key":"Dexterity Potion"}],"is_trial":false,"path_per_floor":["M","M","?","?","M","R","E","$","T","R","M","M","E","M","R","B",null,"M","M","?","M"],"character_chosen":"THE_SILENT","items_purchased":["Bronze Scales","Dagger Throw","Noxious Fumes"],"campfire_rested":1,"item_purchase_floors":[8,8,8],"current_hp_per_floor":[55,55,55,55,55,55,14,14,14,32,32,32,13,8,8,7,47,39,24,24,0],"gold":235,"neow_bonus":"ONE_RARE_RELIC","is_prod":false,"is_daily":false,"chose_seed":false,"campfire_upgraded":2,"win_rate":0,"timestamp":1558584592,"path_taken":["M","M","?","?","?","R","E","$","T","R","M","M","E","M","R","BOSS","M","M","?","?"],"build_version":"2019-01-23","purchased_purges":0,"victory":false,"max_hp_per_floor":[60,60,60,60,60,60,60,60,60,60,60,60,60,60,60,60,60,60,60,60,60],"card_choices":[{"not_picked":["Blur","Flying Knee"],"picked":"Acrobatics","floor":1},{"not_picked":["Dodge and Roll","Crippling Poison"],"picked":"Cloak And Dagger","floor":2},{"not_picked":["Sucker Punch","Cloak And Dagger"],"picked":"Terror","floor":5},{"not_picked":["Burst","Poisoned Stab"],"picked":"Calculated Gamble","floor":7},{"not_picked":["Acrobatics","Dagger Spray"],"picked":"Quick Slash","floor":11},{"not_picked":["Masterful Stab","Outmaneuver"],"picked":"PiercingWail","floor":12},{"not_picked":["Wraith Form v2","Endless Agony"],"picked":"Infinite Blades","floor":13},{"not_picked":["Terror","Flying Knee"],"picked":"Underhanded Strike","floor":14},{"not_picked":["Quick Slash","Deadly Poison"],"picked":"Concentrate","floor":14},{"not_picked":["Corpse Explosion","After Image"],"picked":"A Thousand Cuts","floor":16},{"not_picked":["Escape Plan","All Out Attack"],"picked":"Dagger Throw+1","floor":18},{"not_picked":["Cloak And Dagger","Underhanded Strike"],"picked":"Footwork","floor":18},{"not_picked":["Calculated Gamble","Leg Sweep"],"picked":"Backstab","floor":19},{"not_picked":["PiercingWail","Deadly Poison+1"],"picked":"Reflex","floor":19}],"player_experience":670271,"relics_obtained":[{"floor":7,"key":"Pantograph"},{"floor":9,"key":"Dodecahedron"},{"floor":13,"key":"Prayer Wheel"}],"event_choices":[{"damage_healed":0,"gold_gain":150,"player_choice":"AGREE","damage_taken":0,"max_hp_gain":0,"max_hp_loss":0,"event_name":"Liars Game","floor":3,"gold_loss":0,"cards_obtained":["Doubt"]},{"cards_removed":["Doubt"],"damage_healed":0,"gold_gain":0,"player_choice":"Removed Curses","damage_taken":0,"max_hp_gain":0,"max_hp_loss":0,"event_name":"Fountain of Cleansing","floor":4,"gold_loss":0},{"damage_healed":0,"gold_gain":0,"player_choice":"Traded Relic","damage_taken":0,"relics_obtained":["Nloth\u0027s Gift"],"max_hp_gain":0,"max_hp_loss":0,"event_name":"N\u0027loth","floor":20,"relics_lost":["Dodecahedron"],"gold_loss":0}],"is_beta":false,"boss_relics":[{"not_picked":["Fusion Hammer","Orrery"],"picked":"HoveringKite"}],"items_purged_floors":[],"is_endless":false,"potions_floor_spawned":[1,11,13,16,19],"killed_by":"Centurion and Healer","ascension_level":17}