{"gold_per_floor":[114,39,54,54,72,72,106,106,106,106,6,6,6,31,31,126,126,146,246,257,277,277,277,307,321,348,362,362,389,72,82,82,180,180,200,77,17,30,30,61,61,73,97,125,137,249,275,287,299,311],"floor_reached":50,"playtime":3348,"items_purged":["Strike_R","Defend_R","Strike_R"],"score":651,"play_id":"d9b353f6-e314-468c-822d-2ba3dee60bb9","local_time":"20190523183944","is_ascension_mode":true,"campfire_choices":[{"data":"Inflame","floor":6.0,"key":"SMITH"},{"data":"Heavy Blade","floor":8.0,"key":"SMITH"},{"floor":12.0,"key":"REST"},{"data":"Rampage","floor":15.0,"key":"SMITH"},{"data":"Bash","floor":23.0,"key":"SMITH"},{"data":"Flame Barrier","floor":32.0,"key":"SMITH"},{"data":"Immolate","floor":41.0,"key":"SMITH"},{"floor":49,"key":"REST"}],"neow_cost":"NONE","seed_source_timestamp":0,"circlet_count":0,"master_deck":["Defend_R+1","Defend_R+1","Defend_R+1","Bash+1","Heavy Blade+1","Inflame+1","Rampage+1","Double Tap+1","Flame Barrier+1","Reaper","Rage","Shrug It Off","Immolate+1","True Grit","Flex+1","Parasite","Writhe","Dramatic Entrance","Mayhem"],"special_seed":0,"relics":["Burning Blood","Magic Flower","Turnip","Strawberry","Busted Crown","War Paint","Dodecahedron","PreservedInsect","Dream Catcher","Lee\u0027s Waffle","Sozu","Anchor","Juzu Bracelet","MawBank","Ice Cream"],"potions_floor_usage":[],"damage_taken":[{"damage":3.0,"enemies":"Jaw Worm","floor":1.0,"turns":5.0},{"damage":4.0,"enemies":"2 Louse","floor":3.0,"turns":3.0},{"damage":1.0,"enemies":"Cultist","floor":5.0,"turns":3.0},{"damage":37.0,"enemies":"3 Sentries","floor":7.0,"turns":10.0},{"damage":14.0,"enemies":"Gremlin Nob","floor":14.0,"turns":4.0},{"damage":61.0,"enemies":"Hexaghost","floor":16.0,"turns":10.0},{"damage":32.0,"enemies":"3 Byrds","floor":18.0,"turns":5.0},{"damage":4.0,"enemies":"Shell Parasite","floor":20.0,"turns":4.0},{"damage":10.0,"enemies":"Centurion and Healer","floor":21.0,"turns":4.0},{"damage":18.0,"enemies":"Book of Stabbing","floor":24.0,"turns":5.0},{"damage":24.0,"enemies":"Snake Plant","floor":25.0,"turns":4.0},{"damage":4.0,"enemies":"3 Cultists","floor":27.0,"turns":4.0},{"damage":44.0,"enemies":"Slavers","floor":29.0,"turns":4.0},{"damage":13.0,"enemies":"Centurion and Healer","floor":31.0,"turns":5.0},{"damage":45.0,"enemies":"Collector","floor":33.0,"turns":8.0},{"damage":3.0,"enemies":"Orb Walker","floor":35.0,"turns":3.0},{"damage":0.0,"enemies":"3 Shapes","floor":38.0,"turns":3.0},{"damage":45.0,"enemies":"Giant Head","floor":40.0,"turns":7.0},{"damage":22,"enemies":"Writhing Mass","floor":42,"turns":5},{"damage":77,"enemies":"Nemesis","floor":44,"turns":7},{"damage":3,"enemies":"Mind Bloom Boss Battle","floor":46,"turns":8},{"damage":15,"enemies":"Spire Growth","floor":47,"turns":4},{"damage":103,"enemies":"Donu and Deca","floor":50,"turns":7}],"seed_played":"-5692372261342617190","potions_obtained":[{"floor":3.0,"key":"SpeedPotion"},{"floor":7.0,"key":"Dexterity Potion"},{"floor":16.0,"key":"EntropicBrew"},{"floor":20.0,"key":"EssenceOfSteel"},{"floor":25.0,"key":"Weak Potion"},{"floor":29.0,"key":"Explosive Potion"},{"floor":31.0,"key":"Block Potion"},{"floor":33.0,"key":"Strength Potion"}],"is_trial":false,"path_per_floor":["M","$","M","?","M","R","E","R","T","?","$","R","?","E","R","B",null,"M","?","M","M","T","R","E","M","T","M","?","E","$","M","R","B",null,"M","$","?","M","$","E","R","M","T","E","?","?","M","?","R","B"],"character_chosen":"IRONCLAD","items_purchased":["Lee\u0027s Waffle","Rage","Shrug It Off"],"campfire_rested":2,"item_purchase_floors":[30,36,36],"current_hp_per_floor":[88,88,88,88,88,88,57,57,57,39,39,65,65,67,67,15,95,72,72,77,76,76,76,67,52,52,57,57,22,102,98,98,62,102,102,102,102,102,102,81,81,83,83,17,43,61,70,65,95,0],"gold":311,"neow_bonus":"TEN_PERCENT_HP_BONUS","is_prod":false,"is_daily":false,"chose_seed":false,"campfire_upgraded":6,"win_rate":0,"timestamp":1558633184,"path_taken":["M","$","M","?","M","R","E","R","T","?","$","R","?","E","R","BOSS","M","?","?","M","?","R","E","?","T","M","?","E","?","M","R","BOSS","M","?","?","M","$","E","R","?","T","E","?","?","M","?","R","BOSS"],"build_version":"2019-01-23","purchased_purges":3,"victory":false,"max_hp_per_floor":[88,88,88,88,88,88,88,88,88,88,88,88,88,95,95,95,95,95,95,95,95,95,95,95,95,95,95,95,95,102,102,102,102,102,102,102,102,102,102,102,102,102,102,102,102,102,102,102,102,102],"card_choices":[{"not_picked":["Sword Boomerang","Armaments"],"picked":"Heavy Blade","floor":1.0},{"not_picked":["Anger","Warcry"],"picked":"Inflame","floor":3.0},{"not_picked":["Warcry","Sword Boomerang","Thunderclap"],"picked":"SKIP","floor":5.0},{"not_picked":["Thunderclap","Uppercut","Carnage"],"picked":"SKIP","floor":7.0},{"not_picked":["Pommel Strike","Perfected Strike"],"picked":"Rampage","floor":14.0},{"not_picked":["Dark Embrace","Feed"],"picked":"Double Tap","floor":16.0},{"not_picked":["Searing Blow"],"picked":"SKIP","floor":18.0},{"not_picked":["Carnage"],"picked":"SKIP","floor":20.0},{"not_picked":["Combust+1"],"picked":"SKIP","floor":21.0},{"not_picked":["Wild Strike"],"picked":"SKIP","floor":24.0},{"not_picked":["Pummel"],"picked":"SKIP","floor":25.0},{"not_picked":["Sword Boomerang+1"],"picked":"SKIP","floor":27.0},{"not_picked":["Sword Boomerang+1"],"picked":"SKIP","floor":27.0},{"not_picked":[],"picked":"Flame Barrier","floor":29.0},{"not_picked":["Evolve+1"],"picked":"SKIP","floor":31.0},{"not_picked":[],"picked":"Reaper","floor":33.0},{"not_picked":["Clothesline+1"],"picked":"SKIP","floor":35.0},{"not_picked":["Armaments"],"picked":"SKIP","floor":38.0},{"not_picked":[],"picked":"Flex+1","floor":40.0},{"not_picked":["Seeing Red+1"],"picked":"SKIP","floor":42},{"not_picked":["Clothesline"],"picked":"SKIP","floor":44},{"not_picked":["True Grit"],"picked":"SKIP","floor":47},{"not_picked":[],"picked":"Dramatic Entrance","floor":48},{"not_picked":[],"picked":"Mayhem","floor":48}],"player_experience":531828,"relics_obtained":[{"floor":7.0,"key":"Magic Flower"},{"floor":9.0,"key":"Turnip"},{"floor":14.0,"key":"Strawberry"},{"floor":22.0,"key":"War Paint"},{"floor":24.0,"key":"Dodecahedron"},{"floor":26.0,"key":"PreservedInsect"},{"floor":29.0,"key":"Dream Catcher"},{"floor":40.0,"key":"Anchor"},{"floor":43,"key":"Juzu Bracelet"},{"floor":44,"key":"MawBank"},{"floor":46,"key":"Ice Cream"}],"event_choices":[{"cards_removed":["Strike_R"],"damage_healed":0.0,"max_hp_gain":0.0,"max_hp_loss":0.0,"gold_gain":0.0,"event_name":"Living Wall","player_choice":"Forget","floor":4.0,"gold_loss":0.0,"damage_taken":0.0},{"damage_healed":0.0,"max_hp_gain":0.0,"max_hp_loss":0.0,"gold_gain":0.0,"event_name":"Shining Light","player_choice":"Entered Light","floor":10.0,"gold_loss":0.0,"damage_taken":18.0,"cards_upgraded":["Defend_R","Defend_R"]},{"damage_healed":0.0,"max_hp_gain":0.0,"max_hp_loss":0.0,"gold_gain":0.0,"event_name":"The Cleric","player_choice":"Leave","floor":13.0,"gold_loss":0.0,"damage_taken":0.0},{"damage_healed":0.0,"max_hp_gain":0.0,"max_hp_loss":0.0,"gold_gain":100.0,"event_name":"Golden Shrine","player_choice":"Pray","floor":19.0,"gold_loss":0.0,"damage_taken":0.0},{"damage_healed":0.0,"max_hp_gain":0.0,"max_hp_loss":0.0,"gold_gain":0.0,"event_name":"Accursed Blacksmith","player_choice":"Forge","floor":28.0,"gold_loss":0.0,"damage_taken":0.0,"cards_upgraded":["Strike_R"]},{"damage_healed":0.0,"max_hp_gain":0.0,"max_hp_loss":0.0,"gold_gain":0.0,"cards_transformed":["Strike_R","Strike_R"],"event_name":"Designer","player_choice":"Transformed Cards","floor":37.0,"gold_loss":60.0,"damage_taken":0.0,"cards_obtained":["Immolate","True Grit"]},{"damage_healed":26,"gold_gain":0,"player_choice":"Writhe","damage_taken":0,"max_hp_gain":0,"max_hp_loss":0,"event_name":"Winding Halls","floor":45,"gold_loss":0,"cards_obtained":["Writhe"]},{"damage_healed":0,"gold_gain":0,"player_choice":"Fight","damage_taken":0,"max_hp_gain":0,"max_hp_loss":0,"event_name":"MindBloom","floor":46,"gold_loss":0},{"damage_healed":0,"gold_gain":0,"player_choice":"Memory 2","damage_taken":5,"max_hp_gain":0,"max_hp_loss":0,"event_name":"SensoryStone","floor":48,"gold_loss":0}],"is_beta":false,"boss_relics":[{"not_picked":["Calling Bell","Fusion Hammer"],"picked":"Busted Crown"},{"not_picked":["Mark of Pain","White Beast Statue"],"picked":"Sozu"}],"items_purged_floors":[2,11,30],"is_endless":false,"potions_floor_spawned":[3,7,16,20,25,29,31,33,38,46,47],"killed_by":"Donu and Deca","ascension_level":2}