{"gold_per_floor":[117,117,129,129,129,155,120,146,146,146,181,197,140,171,171,171],"floor_reached":16,"playtime":548,"items_purged":[],"score":279,"play_id":"41a4fce8-e47b-4176-8481-40d92f02a98d","local_time":"20190508221053","is_ascension_mode":true,"campfire_choices":[{"floor":10,"key":"REST"},{"floor":15,"key":"REST"}],"neow_cost":"NONE","seed_source_timestamp":273621392133397,"circlet_count":0,"master_deck":["AscendersBane","Defend_G","Defend_G+1","Defend_G","Defend_G","Defend_G","Strike_G+1","Strike_G","Strike_G","Strike_G+1","Strike_G","Survivor","Neutralize+1","Cloak And Dagger","Flying Knee+1","Cloak And Dagger","Backflip","Glass Knife","Dagger Spray","Deadly Poison","Cloak And Dagger"],"relics":["Ring of the Snake","NeowsBlessing","Blue Candle","Potion Belt","Whetstone","Oddly Smooth Stone","Sundial"],"potions_floor_usage":[8,11],"damage_taken":[{"damage":0,"enemies":"Jaw Worm","floor":1,"turns":1},{"damage":0,"enemies":"Cultist","floor":3,"turns":1},{"damage":0,"enemies":"3 Sentries","floor":6,"turns":1},{"damage":29,"enemies":"Lagavulin","floor":8,"turns":9},{"damage":20,"enemies":"3 Sentries","floor":11,"turns":13},{"damage":0,"enemies":"2 Louse","floor":12,"turns":2},{"damage":14,"enemies":"Gremlin Nob","floor":14,"turns":4},{"damage":54,"enemies":"Slime Boss","floor":16,"turns":8}],"seed_played":"1174709322927228783","potions_obtained":[{"floor":3,"key":"Explosive Potion"},{"floor":8,"key":"SkillPotion"},{"floor":12,"key":"GamblersBrew"},{"floor":14,"key":"Swift Potion"}],"is_trial":false,"path_per_floor":["M","?","M","?","?","E","?","E","T","R","E","M","$","E","R","B"],"character_chosen":"THE_SILENT","items_purchased":["Deadly Poison"],"campfire_rested":2,"item_purchase_floors":[13],"current_hp_per_floor":[59,66,66,46,46,46,62,33,33,52,32,32,32,18,37,0],"gold":171,"neow_bonus":"THREE_ENEMY_KILL","is_prod":false,"is_daily":false,"chose_seed":false,"campfire_upgraded":0,"win_rate":0,"timestamp":1557378653,"path_taken":["M","?","?","?","?","E","?","E","T","R","E","M","?","E","R","BOSS"],"build_version":"2019-01-23","purchased_purges":0,"victory":false,"max_hp_per_floor":[66,66,66,66,66,66,66,66,66,66,66,66,66,66,66,66],"card_choices":[{"not_picked":["Leg Sweep","Poisoned Stab"],"picked":"Cloak And Dagger","floor":1},{"not_picked":["Outmaneuver","Slice"],"picked":"Flying Knee","floor":3},{"not_picked":["Riddle With Holes","Flechettes"],"picked":"Cloak And Dagger","floor":6},{"not_picked":["Riddle With Holes","Underhanded Strike"],"picked":"Backflip","floor":8},{"not_picked":["Acrobatics","Endless Agony"],"picked":"Glass Knife","floor":11},{"not_picked":["Bane","Distraction"],"picked":"Dagger Spray","floor":12},{"not_picked":["Infinite Blades","Well Laid Plans"],"picked":"Cloak And Dagger","floor":14}],"player_experience":654807,"relics_obtained":[{"floor":6,"key":"Blue Candle"},{"floor":8,"key":"Potion Belt"},{"floor":9,"key":"Whetstone"},{"floor":11,"key":"Oddly Smooth Stone"},{"floor":14,"key":"Sundial"}],"event_choices":[{"damage_healed":7,"gold_gain":0,"player_choice":"Full Heal","damage_taken":0,"max_hp_gain":0,"max_hp_loss":0,"event_name":"Wheel of Change","floor":2,"gold_loss":0},{"damage_healed":0,"gold_gain":0,"player_choice":"Entered Light","damage_taken":20,"max_hp_gain":0,"max_hp_loss":0,"event_name":"Shining Light","floor":4,"gold_loss":0,"cards_upgraded":["Strike_G","Defend_G"]},{"damage_healed":0,"gold_gain":0,"player_choice":"Grow","damage_taken":0,"max_hp_gain":0,"max_hp_loss":0,"event_name":"Living Wall","floor":5,"gold_loss":0,"cards_upgraded":["Neutralize"]},{"damage_healed":16,"gold_gain":0,"player_choice":"Healed","damage_taken":0,"max_hp_gain":0,"max_hp_loss":0,"event_name":"The Cleric","floor":7,"gold_loss":35}],"is_beta":false,"boss_relics":[],"items_purged_floors":[],"is_endless":false,"potions_floor_spawned":[3,8,12,14],"killed_by":"Slime Boss","ascension_level":17}