{"gold_per_floor":[116,116,140,156,156,156,170,205,228,228,246,246,257,257,257,257],"floor_reached":16,"playtime":432,"items_purged":[],"score":200,"play_id":"b3a5a5f5-9add-45ae-82bd-0d682ed9eb1f","local_time":"20190108212301","is_ascension_mode":true,"campfire_choices":[{"floor":6,"key":"REST"},{"floor":10,"key":"REST"},{"data":"Capacitor","floor":12,"key":"SMITH"},{"data":"White Noise","floor":15,"key":"SMITH"}],"neow_cost":"NONE","seed_source_timestamp":47717127399341,"circlet_count":0,"master_deck":["AscendersBane","Strike_B","Strike_B","Strike_B","Strike_B","Defend_B","Defend_B","Defend_B","Defend_B","Zap","Dualcast+1","Rainbow+1","Sweeping Beam","Steam+1","White Noise+1","Capacitor+1","Biased Cognition"],"relics":["Cracked Core","Bag of Marbles","Happy Flower","Bronze Scales"],"potions_floor_usage":[8],"damage_taken":[{"damage":1,"enemies":"Cultist","floor":1,"turns":4},{"damage":2,"enemies":"Jaw Worm","floor":4,"turns":3},{"damage":5,"enemies":"Small Slimes","floor":7,"turns":2},{"damage":30,"enemies":"3 Sentries","floor":8,"turns":7},{"damage":11,"enemies":"Exordium Wildlife","floor":11,"turns":3},{"damage":10,"enemies":"3 Louse","floor":13,"turns":5},{"damage":36,"enemies":"Slime Boss","floor":16,"turns":3}],"seed_played":"3245019481558072899","potions_obtained":[{"floor":4,"key":"SkillPotion"},{"floor":8,"key":"FearPotion"}],"is_trial":false,"path_per_floor":["M","?","T","M","?","R","M","E","T","R","M","R","M","?","R","B"],"character_chosen":"DEFECT","items_purchased":[],"campfire_rested":2,"item_purchase_floors":[],"current_hp_per_floor":[63,63,63,61,40,61,56,26,26,47,36,36,26,26,26,0],"gold":257,"neow_bonus":"ONE_RANDOM_RARE_CARD","is_prod":false,"is_daily":false,"chose_seed":false,"campfire_upgraded":2,"win_rate":0,"timestamp":1547000581,"path_taken":["M","?","?","M","?","R","M","E","T","R","?","R","M","?","R","BOSS"],"build_version":"2019-01-03v4","purchased_purges":0,"victory":false,"max_hp_per_floor":[71,71,71,71,71,71,71,71,71,71,71,71,71,71,71,71],"card_choices":[{"not_picked":["Beam Cell","Reprogram"],"picked":"Sweeping Beam","floor":1},{"not_picked":["Redo","Gash"],"picked":"Steam","floor":4},{"not_picked":["Rebound","Turbo"],"picked":"White Noise","floor":7},{"not_picked":["Rebound","Go for the Eyes"],"picked":"Capacitor","floor":8},{"not_picked":["Compile Driver","Melter"],"picked":"Biased Cognition","floor":11},{"not_picked":["Compile Driver","Hologram","Go for the Eyes"],"picked":"SKIP","floor":13}],"player_experience":1005338,"relics_obtained":[{"floor":3,"key":"Bag of Marbles"},{"floor":8,"key":"Happy Flower"},{"floor":9,"key":"Bronze Scales"}],"event_choices":[{"damage_healed":0,"gold_gain":0,"player_choice":"Grow","damage_taken":0,"max_hp_gain":0,"max_hp_loss":0,"event_name":"Living Wall","floor":2,"gold_loss":0,"cards_upgraded":["Rainbow"]},{"damage_healed":0,"gold_gain":0,"player_choice":"Entered Light","damage_taken":21,"max_hp_gain":0,"max_hp_loss":0,"event_name":"Shining Light","floor":5,"gold_loss":0,"cards_upgraded":["Dualcast","Steam"]},{"damage_healed":0,"gold_gain":0,"player_choice":"Ignored","damage_taken":0,"max_hp_gain":0,"max_hp_loss":0,"event_name":"Liars Game","floor":14,"gold_loss":0}],"is_beta":false,"boss_relics":[],"items_purged_floors":[],"is_endless":false,"potions_floor_spawned":[4,8],"killed_by":"Slime Boss","ascension_level":20}