{"path_per_floor":["M","M","M","M","M","R","M","M","T","?","R","M","E","M","R","B",null,"M","M","$","M","M","R"],"character_chosen":"IRONCLAD","items_purchased":["Centennial Puzzle","Searing Blow","Rage"],"gold_per_floor":[112,128,143,153,164,164,175,190,261,261,261,274,304,315,315,419,419,438,451,12,26,42,42,42],"floor_reached":24,"campfire_rested":0,"playtime":2541,"current_hp_per_floor":[80,80,80,62,58,58,35,35,35,35,35,41,51,47,47,33,80,80,73,73,65,46,46,0],"items_purged":["Injury"],"gold":42,"score":206,"play_id":"bcd32211-55a9-4372-a2c0-b94de8f19f77","local_time":"20180513223858","is_prod":false,"is_daily":false,"chose_seed":false,"is_ascension_mode":false,"campfire_upgraded":4,"timestamp":1526247538,"path_taken":["M","M","M","M","M","R","M","M","T","?","R","M","E","M","R","BOSS","M","M","$","M","M","R","E"],"build_version":"2018-05-10","seed_source_timestamp":170268892542108,"purchased_purges":1,"victory":false,"master_deck":["Strike_R","Strike_R","Strike_R","Strike_R","Strike_R","Defend_R","Defend_R","Defend_R","Defend_R","Bash","Flex+1","Headbutt","Limit Break+1","Cleave+1","Reaper+1","Anger","Twin Strike","Armaments","Cleave","Double Tap+1","Shockwave+1","Armaments","Searing Blow","Rage","Iron Wave"],"max_hp_per_floor":[80,80,80,80,80,80,80,80,80,80,80,80,80,80,80,80,80,80,80,80,80,80,80,80],"relics":["Black Blood","Dream Catcher","Matryoshka","Vajra","Centennial Puzzle"],"card_choices":[{"not_picked":["Warcry","Dropkick"],"picked":"Flex","floor":1},{"not_picked":["Disarm","Body Slam"],"picked":"Headbutt","floor":2},{"not_picked":["Headbutt","Body Slam"],"picked":"Limit Break","floor":3},{"not_picked":["Warcry","Heavy Blade"],"picked":"Cleave","floor":5},{"not_picked":["True Grit","Clothesline"],"picked":"Reaper","floor":7},{"not_picked":["Iron Wave","Shockwave"],"picked":"Anger","floor":8},{"not_picked":["Feel No Pain","Body Slam"],"picked":"Twin Strike","floor":12},{"not_picked":["Disarm","Spot Weakness"],"picked":"Armaments","floor":13},{"not_picked":["Sword Boomerang","Uppercut"],"picked":"Cleave","floor":14},{"not_picked":["Barricade","Impervious"],"picked":"Double Tap","floor":16},{"not_picked":["Sword Boomerang","Flex"],"picked":"Shockwave","floor":18},{"not_picked":["True Grit","Perfected Strike"],"picked":"Armaments","floor":19},{"not_picked":["Intimidate","Flex"],"picked":"Iron Wave","floor":21}],"player_experience":19805,"potions_floor_usage":[16,16,16],"damage_taken":[{"damage":6,"enemies":"2 Louse","floor":1,"turns":4},{"damage":1,"enemies":"Cultist","floor":2,"turns":3},{"damage":5,"enemies":"Jaw Worm","floor":3,"turns":4},{"damage":24,"enemies":"Exordium Wildlife","floor":4,"turns":5},{"damage":10,"enemies":"2 Fungi Beasts","floor":5,"turns":4},{"damage":29,"enemies":"Exordium Thugs","floor":7,"turns":4},{"damage":19,"enemies":"Lots of Slimes","floor":8,"turns":4},{"damage":0,"enemies":"3 Louse","floor":12,"turns":2},{"damage":11,"enemies":"3 Sentries","floor":13,"turns":5},{"damage":10,"enemies":"2 Fungi Beasts","floor":14,"turns":4},{"damage":38,"enemies":"Hexaghost","floor":16,"turns":8},{"damage":10,"enemies":"2 Thieves","floor":18,"turns":2},{"damage":17,"enemies":"Spheric Guardian","floor":19,"turns":4},{"damage":32,"enemies":"3 Cultists","floor":21,"turns":5},{"damage":29,"enemies":"Snecko","floor":22,"turns":6},{"damage":48,"enemies":"Gremlin Leader","floor":24,"turns":5}],"event_choices":[{"event_name":"Accursed Blacksmith","player_choice":"Forge","floor":10,"damage_taken":0}],"boss_relics":[{"not_picked":["Philosopher\u0027s Stone","Ectoplasm"],"picked":"Black Blood"}],"potions_floor_spawned":[4,8,13,14,16,21],"seed_played":"1471174549075862960","killed_by":"Gremlin Leader","ascension_level":0,"is_trial":false}