{"gold_per_floor":[114,132,132,97,113,113,126,126],"floor_reached":8,"playtime":224,"items_purged":[],"score":91,"play_id":"6c669710-4506-44d4-a324-579fa9f90474","local_time":"20190420092911","is_ascension_mode":true,"campfire_choices":[{"data":"Neutralize","floor":6,"key":"SMITH"}],"neow_cost":"NONE","seed_source_timestamp":424873691646233,"circlet_count":0,"master_deck":["AscendersBane","Defend_G","Defend_G","Defend_G","Defend_G","Defend_G","Strike_G","Strike_G","Strike_G","Strike_G","Strike_G","Survivor","Neutralize+1","Dagger Throw+1","Well Laid Plans+1","Deadly Poison","PiercingWail"],"relics":["Ring of the Snake","NeowsBlessing"],"potions_floor_usage":[7],"damage_taken":[{"damage":0,"enemies":"2 Louse","floor":1,"turns":1},{"damage":0,"enemies":"Jaw Worm","floor":2,"turns":1},{"damage":0,"enemies":"Small Slimes","floor":5,"turns":1},{"damage":19,"enemies":"Exordium Thugs","floor":7,"turns":7},{"damage":36,"enemies":"3 Sentries","floor":8,"turns":6}],"seed_played":"-2410966328771871004","potions_obtained":[{"floor":5,"key":"SkillPotion"}],"is_trial":false,"path_per_floor":["M","M","?","?","M","R","M","E"],"character_chosen":"THE_SILENT","items_purchased":[],"campfire_rested":0,"item_purchase_floors":[],"current_hp_per_floor":[59,59,39,55,55,55,36,0],"gold":126,"neow_bonus":"THREE_ENEMY_KILL","is_prod":false,"is_daily":false,"chose_seed":false,"campfire_upgraded":1,"win_rate":0,"timestamp":1555766951,"path_taken":["M","M","?","?","M","R","M","E"],"build_version":"2019-01-23","purchased_purges":0,"victory":false,"max_hp_per_floor":[66,66,66,66,66,66,66,66],"card_choices":[{"not_picked":["Concentrate","PiercingWail"],"picked":"Dagger Throw","floor":1},{"not_picked":["Flying Knee","Terror"],"picked":"Well Laid Plans","floor":2},{"not_picked":["Acrobatics","Masterful Stab"],"picked":"Deadly Poison","floor":5},{"not_picked":["Cloak And Dagger","Sucker Punch"],"picked":"PiercingWail","floor":7}],"player_experience":498554,"relics_obtained":[],"event_choices":[{"damage_healed":0,"gold_gain":0,"player_choice":"Entered Light","damage_taken":20,"max_hp_gain":0,"max_hp_loss":0,"event_name":"Shining Light","floor":3,"gold_loss":0,"cards_upgraded":["Dagger Throw","Well Laid Plans"]},{"damage_healed":16,"gold_gain":0,"player_choice":"Healed","damage_taken":0,"max_hp_gain":0,"max_hp_loss":0,"event_name":"The Cleric","floor":4,"gold_loss":35}],"is_beta":false,"boss_relics":[],"items_purged_floors":[],"is_endless":false,"potions_floor_spawned":[5],"killed_by":"3 Sentries","ascension_level":18}