{"gold_per_floor":[18,31,31,45,45,45,108,108,108,108,158,158,229,263,263,391,391,406,422,472,558,581,614,614],"floor_reached":24,"playtime":1366,"items_purged":[],"score":281,"play_id":"7428d57b-633f-45b6-aac1-5b5891c8623d","local_time":"20190118104019","is_ascension_mode":true,"campfire_choices":[{"data":"Zap","floor":6,"key":"SMITH"},{"data":"Electrodynamics","floor":8,"key":"SMITH"},{"data":"Dualcast","floor":10,"key":"SMITH"},{"data":"Defragment","floor":12,"key":"SMITH"},{"data":"Stack","floor":15,"key":"SMITH"}],"neow_cost":"NO_GOLD","seed_source_timestamp":61521353854076,"circlet_count":0,"master_deck":["Strike_B","Strike_B","Strike_B","Strike_B","Defend_B","Defend_B","Defend_B","Defend_B","Zap+1","Dualcast+1","Electrodynamics+1","Force Field","Sunder","Injury","Stack+1","Defragment+1","Beam Cell","Aggregate","Echo Form","Injury","Doubt","Injury","Coolheaded","Scrape","Coolheaded","Scrape+1","Leap"],"relics":["Cracked Core","Golden Idol","SsserpentHead","Bottled Tornado","Orichalcum","Singing Bowl","Calling Bell","Regal Pillow","Meat on the Bone","Du-Vu Doll","Red Mask","Boot"],"potions_floor_usage":[7,7,16,24],"damage_taken":[{"damage":9,"enemies":"2 Louse","floor":1,"turns":2},{"damage":1,"enemies":"Cultist","floor":2,"turns":4},{"damage":4,"enemies":"Jaw Worm","floor":4,"turns":3},{"damage":3,"enemies":"Lots of Slimes","floor":7,"turns":3},{"damage":6,"enemies":"Looter","floor":13,"turns":3},{"damage":4,"enemies":"3 Sentries","floor":14,"turns":3},{"damage":19,"enemies":"The Guardian","floor":16,"turns":10},{"damage":12,"enemies":"Chosen","floor":18,"turns":4},{"damage":22,"enemies":"Shell Parasite","floor":19,"turns":5},{"damage":0,"enemies":"Masked Bandits","floor":21,"turns":2},{"damage":27,"enemies":"Snake Plant","floor":22,"turns":4},{"damage":13,"enemies":"Slavers","floor":23,"turns":3},{"damage":28,"enemies":"Centurion and Healer","floor":24,"turns":6}],"seed_played":"3359785783696306852","potions_obtained":[{"floor":1,"key":"Fire Potion"},{"floor":4,"key":"Fire Potion"},{"floor":7,"key":"Poison Potion"},{"floor":18,"key":"FearPotion"},{"floor":23,"key":"SneckoOil"}],"is_trial":false,"path_per_floor":["M","M","?","M","?","R","M","R","T","R","T","R","M","E","R","B",null,"M","M","?","?","M","E","M"],"character_chosen":"DEFECT","items_purchased":[],"campfire_rested":0,"item_purchase_floors":[],"current_hp_per_floor":[59,58,58,54,54,54,51,51,51,51,51,51,45,41,41,22,62,50,40,40,40,25,24,0],"gold":614,"neow_bonus":"THREE_RARE_CARDS","is_prod":false,"is_daily":false,"chose_seed":false,"campfire_upgraded":5,"win_rate":0,"timestamp":1547826019,"path_taken":["M","M","?","M","?","R","?","R","T","R","?","R","?","E","R","BOSS","M","M","?","?","M","E","M"],"build_version":"2019-01-17v2","purchased_purges":0,"victory":false,"max_hp_per_floor":[75,75,75,75,75,75,75,75,75,75,75,75,75,75,75,75,75,75,75,75,75,75,75,75],"card_choices":[{"not_picked":["Amplify","Meteor Strike"],"picked":"Electrodynamics","floor":0},{"not_picked":["Scrape","Sweeping Beam"],"picked":"Force Field","floor":1},{"not_picked":["Fusion","Turbo"],"picked":"Sunder","floor":2},{"not_picked":["Sunder","Barrage"],"picked":"Stack","floor":4},{"not_picked":["Stack","Static Discharge"],"picked":"Defragment","floor":7},{"not_picked":["Go for the Eyes","Auto Shields"],"picked":"Beam Cell","floor":13},{"not_picked":["Static Discharge","Rebound"],"picked":"Aggregate","floor":14},{"not_picked":["Meteor Strike","Amplify"],"picked":"Echo Form","floor":16},{"not_picked":["Barrage","Cold Snap"],"picked":"Coolheaded","floor":18},{"not_picked":["Redo","Coolheaded"],"picked":"Scrape","floor":19},{"not_picked":["Auto Shields+1","Aggregate"],"picked":"Coolheaded","floor":21},{"not_picked":["Beam Cell","Recycle"],"picked":"Scrape+1","floor":22},{"not_picked":["Auto Shields","Rebound"],"picked":"Leap","floor":23}],"player_experience":149777,"relics_obtained":[{"floor":9,"key":"Bottled Tornado"},{"floor":11,"key":"Orichalcum"},{"floor":14,"key":"Singing Bowl"},{"floor":17,"key":"Regal Pillow"},{"floor":17,"key":"Meat on the Bone"},{"floor":17,"key":"Du-Vu Doll"},{"floor":21,"key":"Red Mask"},{"floor":23,"key":"Boot"}],"event_choices":[{"damage_healed":0,"gold_gain":0,"player_choice":"Take Wound","damage_taken":0,"relics_obtained":["Golden Idol"],"max_hp_gain":0,"max_hp_loss":0,"event_name":"Golden Idol","floor":3,"gold_loss":0,"cards_obtained":["Injury"]},{"damage_healed":0,"gold_gain":0,"player_choice":"Trade","damage_taken":0,"relics_obtained":["SsserpentHead"],"max_hp_gain":0,"max_hp_loss":0,"event_name":"FaceTrader","floor":5,"gold_loss":0},{"damage_healed":0,"gold_gain":0,"player_choice":"Ignored","damage_taken":0,"max_hp_gain":0,"max_hp_loss":0,"event_name":"Ghosts","floor":20,"gold_loss":0},{"damage_healed":0,"gold_gain":0,"player_choice":"Fought Bandits","damage_taken":0,"max_hp_gain":0,"max_hp_loss":0,"event_name":"Masked Bandits","floor":21,"gold_loss":0}],"is_beta":false,"boss_relics":[{"not_picked":["Black Star","Inserter"],"picked":"Calling Bell"}],"items_purged_floors":[],"is_endless":false,"potions_floor_spawned":[1,4,7,18,23],"killed_by":"Centurion and Healer","ascension_level":6}