{"gold_per_floor":[114,128,145,145,145,145,178,197,197,223,281,281,297,330,330,432,432,445,37,49,49,65,99,19,30,57,89,89,120,120,120,120,221,221,238,238,1237,1054,1054,1073,1105,1119,1119,1119,1137,1157,1177,131,131,131,131,131,42,42],"floor_reached":54,"playtime":2757,"items_purged":["Bash","Strike_R","Strike_R"],"score":1004,"play_id":"c097ab2c-9257-42e9-b66c-11fb8015ef49","local_time":"20190205092834","is_ascension_mode":true,"campfire_choices":[{"data":"Barricade","floor":6,"key":"SMITH"},{"floor":15,"key":"REST"},{"floor":28,"key":"REST"},{"floor":30,"key":"REST"},{"data":"Impervious","floor":32,"key":"SMITH"},{"floor":44,"key":"RECALL"},{"floor":49,"key":"REST"},{"data":"Body Slam","floor":52,"key":"SMITH"}],"neow_cost":"NONE","seed_source_timestamp":1611032095083592,"circlet_count":0,"master_deck":["Strike_R+1","Defend_R+1","Defend_R","Defend_R+1","Defend_R","Flame Barrier","Barricade+1","Warcry","Impervious+1","Juggernaut","Second Wind","Infernal Blade","Iron Wave","Juggernaut","Shrug It Off","The Bomb","Shrug It Off","Iron Wave","Warcry","Ghostly Armor","True Grit+1","Juggernaut","Shrug It Off+1","Body Slam+1","Finesse","Warcry+1","Warcry+1","Burning Pact+1","Apotheosis","Impatience","Ghostly Armor"],"relics":["Burning Blood","NeowsBlessing","Mercury Hourglass","Omamori","Pear","WingedGreaves","Potion Belt","Charon\u0027s Ashes","Mark of Pain","War Paint","Bottled Tornado","Boot","Lantern","Whetstone","Regal Pillow","Philosopher\u0027s Stone","Pen Nib","Art of War","Oddly Smooth Stone","Toolbox"],"potions_floor_usage":[14,16,18,27,27,29,29,33,50,50,50,50,54],"damage_taken":[{"damage":0,"enemies":"Cultist","floor":1,"turns":1},{"damage":0,"enemies":"Jaw Worm","floor":2,"turns":1},{"damage":0,"enemies":"Small Slimes","floor":3,"turns":1},{"damage":30,"enemies":"3 Sentries","floor":7,"turns":9},{"damage":7,"enemies":"2 Fungi Beasts","floor":8,"turns":5},{"damage":0,"enemies":"Lagavulin","floor":10,"turns":9},{"damage":25,"enemies":"3 Sentries","floor":11,"turns":7},{"damage":7,"enemies":"3 Louse","floor":13,"turns":3},{"damage":27,"enemies":"Gremlin Nob","floor":14,"turns":5},{"damage":16,"enemies":"Slime Boss","floor":16,"turns":12},{"damage":26,"enemies":"Shell Parasite","floor":18,"turns":8},{"damage":4,"enemies":"Spheric Guardian","floor":20,"turns":5},{"damage":2,"enemies":"Chosen and Byrds","floor":22,"turns":4},{"damage":46,"enemies":"Book of Stabbing","floor":23,"turns":6},{"damage":24,"enemies":"Snake Plant","floor":25,"turns":5},{"damage":19,"enemies":"Slavers","floor":27,"turns":4},{"damage":25,"enemies":"Gremlin Leader","floor":29,"turns":7},{"damage":9,"enemies":"Automaton","floor":33,"turns":10},{"damage":15,"enemies":"Orb Walker","floor":35,"turns":4},{"damage":32,"enemies":"3 Darklings","floor":40,"turns":5},{"damage":0,"enemies":"Giant Head","floor":41,"turns":8},{"damage":0,"enemies":"Maw","floor":42,"turns":6},{"damage":21,"enemies":"Transient","floor":45,"turns":5},{"damage":0,"enemies":"Spire Growth","floor":46,"turns":4},{"damage":27,"enemies":"Jaw Worm Horde","floor":47,"turns":3},{"damage":24,"enemies":"Donu and Deca","floor":50,"turns":6},{"damage":102,"enemies":"Shield and Spear","floor":54,"turns":6}],"seed_played":"7077876566322348163","potions_obtained":[{"floor":1,"key":"FairyPotion"},{"floor":7,"key":"Ancient Potion"},{"floor":8,"key":"FearPotion"},{"floor":11,"key":"SkillPotion"},{"floor":16,"key":"Block Potion"},{"floor":23,"key":"Poison Potion"},{"floor":25,"key":"Fire Potion"},{"floor":27,"key":"BloodPotion"},{"floor":29,"key":"PowerPotion"},{"floor":40,"key":"Ancient Potion"},{"floor":46,"key":"Energy Potion"}],"is_trial":false,"path_per_floor":["M","M","M","?","?","R","E","M","T","E","?","?","M","E","R","B",null,"M","$","M","?","M","E","$","M","T","E","R","E","R","?","R","B",null,"M","?","?","$","?","M","E","M","T","R","M","M","M","$","R","B",null,"R","$","E"],"character_chosen":"IRONCLAD","items_purchased":["War Paint","The Bomb","Ghostly Armor","Finesse","Art of War","Oddly Smooth Stone","Toolbox","Apotheosis","Impatience","PowerPotion","Energy Potion","EssenceOfSteel","Ghostly Armor","SpeedPotion"],"campfire_rested":4,"item_purchase_floors":[19,19,24,38,48,48,48,48,48,48,48,48,53,53],"current_hp_per_floor":[80,80,80,62,62,62,38,37,47,53,34,34,33,12,39,29,90,70,70,72,72,76,36,36,18,18,15,42,32,59,59,59,56,90,81,81,81,81,90,64,70,76,76,76,61,67,46,46,88,70,90,90,90,0],"gold":42,"neow_bonus":"THREE_ENEMY_KILL","is_prod":false,"is_daily":false,"chose_seed":false,"campfire_upgraded":3,"win_rate":0,"timestamp":1549376914,"path_taken":["M","M","?","?","?","R","E","M","T","E","?","?","M","E","R","BOSS","M","$","M","?","M","E","$","M","T","E","R","E","R","?","R","BOSS","M","?","?","$","?","M","E","M","T","R","M","M","?","$","R","BOSS","R","$","E"],"build_version":"2019-01-23","purchased_purges":3,"victory":false,"max_hp_per_floor":[80,80,80,80,80,80,80,80,90,90,90,90,90,90,90,90,90,90,90,90,90,90,90,90,90,90,90,90,90,90,90,90,90,90,90,90,90,90,90,90,90,90,90,90,90,90,90,90,90,90,90,90,90,90],"card_choices":[{"not_picked":["Fire Breathing","Intimidate","Twin Strike"],"picked":"SKIP","floor":1},{"not_picked":["Body Slam","Dropkick"],"picked":"Spot Weakness","floor":2},{"not_picked":["Bloodletting","Cleave"],"picked":"Flame Barrier","floor":3},{"not_picked":["Thunderclap","Perfected Strike"],"picked":"Warcry","floor":7},{"not_picked":["Wild Strike","Cleave"],"picked":"Impervious","floor":8},{"not_picked":["Ghostly Armor","Pommel Strike"],"picked":"Juggernaut","floor":10},{"not_picked":["Perfected Strike","Shockwave"],"picked":"Second Wind","floor":11},{"not_picked":["Cleave","Anger"],"picked":"Infernal Blade","floor":13},{"not_picked":["Clash","Limit Break"],"picked":"Iron Wave","floor":14},{"not_picked":["Feed","Demon Form"],"picked":"Juggernaut","floor":16},{"not_picked":["Clothesline+1","Thunderclap"],"picked":"Shrug It Off","floor":18},{"not_picked":["Headbutt+1","Havoc"],"picked":"Shrug It Off","floor":20},{"not_picked":["Cleave+1","Juggernaut"],"picked":"Iron Wave","floor":22},{"not_picked":["Dual Wield+1","Sword Boomerang"],"picked":"Warcry","floor":23},{"not_picked":["Whirlwind","Heavy Blade+1"],"picked":"True Grit+1","floor":25},{"not_picked":["Clothesline","Evolve"],"picked":"Juggernaut","floor":27},{"not_picked":["Combust+1","Bloodletting+1"],"picked":"Shrug It Off+1","floor":29},{"not_picked":["Battle Trance","Cleave+1"],"picked":"Body Slam","floor":35},{"not_picked":["Thunderclap+1","Shockwave","Uppercut"],"picked":"SKIP","floor":40},{"not_picked":["Demon Form","Inflame"],"picked":"Warcry+1","floor":41},{"not_picked":["Perfected Strike","Thunderclap"],"picked":"Warcry+1","floor":42},{"not_picked":["Bloodletting+1","Spot Weakness","Corruption+1"],"picked":"SKIP","floor":45},{"not_picked":["Sword Boomerang","Wild Strike+1"],"picked":"Burning Pact+1","floor":46},{"not_picked":["True Grit","Anger","Burning Pact"],"picked":"SKIP","floor":47}],"player_experience":260350,"relics_obtained":[{"floor":7,"key":"Omamori"},{"floor":9,"key":"Pear"},{"floor":10,"key":"WingedGreaves"},{"floor":11,"key":"Potion Belt"},{"floor":14,"key":"Charon\u0027s Ashes"},{"floor":23,"key":"Bottled Tornado"},{"floor":26,"key":"Boot"},{"floor":27,"key":"Lantern"},{"floor":29,"key":"Whetstone"},{"floor":41,"key":"Pen Nib"}],"event_choices":[{"damage_healed":0,"gold_gain":0,"player_choice":"Success","damage_taken":18,"relics_obtained":["Mercury Hourglass"],"max_hp_gain":0,"max_hp_loss":0,"event_name":"Scrap Ooze","floor":4,"gold_loss":0},{"damage_healed":0,"gold_gain":0,"cards_transformed":["Strike_R"],"player_choice":"Change","damage_taken":0,"max_hp_gain":0,"max_hp_loss":0,"event_name":"Living Wall","floor":5,"gold_loss":0,"cards_obtained":["Barricade"]},{"damage_healed":0,"gold_gain":0,"player_choice":"Searched \u00271\u0027 times","damage_taken":0,"max_hp_gain":0,"max_hp_loss":0,"event_name":"Dead Adventurer","floor":11,"gold_loss":0},{"damage_healed":0,"gold_gain":0,"player_choice":"Ignored","damage_taken":0,"max_hp_gain":0,"max_hp_loss":0,"event_name":"Liars Game","floor":12,"gold_loss":0},{"damage_healed":0,"gold_gain":0,"player_choice":"Ignored","damage_taken":0,"max_hp_gain":0,"max_hp_loss":0,"event_name":"Ghosts","floor":21,"gold_loss":0},{"damage_healed":0,"gold_gain":0,"player_choice":"Opened","damage_taken":0,"relics_obtained":["Regal Pillow"],"max_hp_gain":0,"max_hp_loss":0,"event_name":"The Mausoleum","floor":31,"gold_loss":0},{"cards_removed":["Strike_R"],"damage_healed":0,"gold_gain":0,"player_choice":"Removed Attack","damage_taken":0,"max_hp_gain":0,"max_hp_loss":0,"event_name":"Falling","floor":36,"gold_loss":0},{"damage_healed":0,"gold_gain":999,"player_choice":"Gold","damage_taken":0,"max_hp_gain":0,"max_hp_loss":0,"event_name":"MindBloom","floor":37,"gold_loss":0,"cards_obtained":["Normality","Normality"]},{"cards_removed":["Spot Weakness"],"damage_healed":9,"gold_gain":0,"player_choice":"Offered Uncommon","damage_taken":0,"max_hp_gain":0,"max_hp_loss":0,"event_name":"Bonfire Elementals","floor":39,"gold_loss":0}],"is_beta":false,"boss_relics":[{"not_picked":["Snecko Eye","Calling Bell"],"picked":"Mark of Pain"},{"not_picked":["Pandora\u0027s Box","Sozu"],"picked":"Philosopher\u0027s Stone"}],"items_purged_floors":[19,38,48],"is_endless":false,"potions_floor_spawned":[1,7,8,11,16,23,25,27,29,40,46],"killed_by":"Shield and Spear","ascension_level":4}