{"gold_per_floor":[114,114,114,129,144,174,189,189,189,189,204,219,234,264,264,264],"floor_reached":16,"playtime":540,"items_purged":[],"score":164,"play_id":"d321f2f0-f2f5-48ca-9a02-452dc1b3a27b","local_time":"20180810204354","daily_mods":["Heirloom","Terminal","Vintage"],"is_ascension_mode":false,"campfire_choices":[{"data":"1","floor":8,"key":"LIFT"},{"data":"2","floor":10,"key":"LIFT"},{"data":"Bouncing Flask","floor":15,"key":"SMITH"}],"neow_cost":"","seed_source_timestamp":388581019595134,"circlet_count":0,"master_deck":["Defend_G","Defend_G","Defend_G","Defend_G","Strike_G","Strike_G","Strike_G","Strike_G","Strike_G","Survivor","Neutralize+1","Injury","Corpse Explosion","Bouncing Flask+1"],"special_seed":17754,"relics":["Ring of the Snake","Girya","Boot","Frozen Egg 2","Paper Crane","Meat on the Bone","Ornamental Fan","Oddly Smooth Stone","Juzu Bracelet","Anchor","Pen Nib","Pantograph"],"potions_floor_usage":[5,6,13],"damage_taken":[{"damage":0,"enemies":"Small Slimes","floor":1,"turns":3},{"damage":0,"enemies":"2 Louse","floor":4,"turns":3},{"damage":0,"enemies":"Cultist","floor":5,"turns":4},{"damage":0,"enemies":"Lagavulin","floor":6,"turns":10},{"damage":1,"enemies":"2 Fungi Beasts","floor":7,"turns":3},{"damage":0,"enemies":"Red Slaver","floor":11,"turns":5},{"damage":1,"enemies":"Blue Slaver","floor":12,"turns":4},{"damage":0,"enemies":"Gremlin Gang","floor":13,"turns":2},{"damage":0,"enemies":"3 Sentries","floor":14,"turns":2},{"damage":7,"enemies":"Slime Boss","floor":16,"turns":6}],"seed_played":"7174262716422048038","potions_obtained":[{"floor":1,"key":"Fire Potion"},{"floor":4,"key":"PowerPotion"},{"floor":12,"key":"Poison Potion"}],"is_trial":false,"path_per_floor":["M","?","?","M","M","E","M","R","T","R","M","M","M","E","R"],"character_chosen":"THE_SILENT","items_purchased":[],"campfire_rested":0,"item_purchase_floors":[],"current_hp_per_floor":[68,61,61,61,61,61,60,60,60,59,58,57,56,55,54,47],"gold":264,"neow_bonus":"","is_prod":false,"is_daily":true,"chose_seed":false,"campfire_upgraded":1,"win_rate":0,"timestamp":1533948234,"path_taken":["M","?","?","M","M","E","?","R","T","R","M","M","M","E","R","BOSS"],"build_version":"2018-08-09","purchased_purges":0,"victory":false,"max_hp_per_floor":[68,67,66,65,64,63,62,61,60,59,58,57,56,55,54,54],"card_choices":[{"not_picked":["Prepared","Acrobatics"],"picked":"Corpse Explosion","floor":6},{"not_picked":["Outmaneuver","Choke"],"picked":"Bouncing Flask","floor":14}],"player_experience":568861,"relics_obtained":[{"floor":1,"key":"Boot"},{"floor":4,"key":"Frozen Egg 2"},{"floor":5,"key":"Paper Crane"},{"floor":6,"key":"Meat on the Bone"},{"floor":7,"key":"Ornamental Fan"},{"floor":9,"key":"Oddly Smooth Stone"},{"floor":11,"key":"Juzu Bracelet"},{"floor":12,"key":"Anchor"},{"floor":13,"key":"Pen Nib"},{"floor":14,"key":"Pantograph"}],"event_choices":[{"event_name":"Golden Wing","player_choice":"Card Removal","floor":2,"damage_taken":0},{"event_name":"Accursed Blacksmith","player_choice":"Forge","floor":3,"damage_taken":0}],"is_beta":false,"boss_relics":[],"items_purged_floors":[],"is_endless":false,"potions_floor_spawned":[1,4,12],"killed_by":"Slime Boss","ascension_level":0}