{"gold_per_floor":[118,137,156,156,156,156,170,196,276,294,313,313,30,61,61,163,163,133,147,62,62,89,124,124,38,38,65,65,65,77,103,103,103],"floor_reached":33,"playtime":1572,"items_purged":["Strike_G"],"score":470,"play_id":"4c14f2f0-1049-46bc-982b-28eb3f6a6d97","local_time":"20190223225903","is_ascension_mode":true,"campfire_choices":[{"data":"Footwork","floor":6,"key":"SMITH"},{"data":"Noxious Fumes","floor":12,"key":"SMITH"},{"floor":15,"key":"REST"},{"data":"Catalyst","floor":24,"key":"SMITH"},{"data":"Burst","floor":32,"key":"SMITH"}],"neow_cost":"NONE","seed_source_timestamp":944352714309478,"circlet_count":0,"master_deck":["AscendersBane","Defend_G","Defend_G+1","Defend_G+1","Defend_G+1","Defend_G","Strike_G","Strike_G","Strike_G","Survivor+1","Neutralize","Cloak And Dagger","Footwork+1","Dagger Spray","Noxious Fumes+1","Caltrops","Escape Plan","Catalyst+1","Malaise","Escape Plan","PiercingWail+1","Flechettes","Footwork","Burst+1","Deadly Poison+1"],"relics":["Ring of the Snake","NeowsBlessing","Bird Faced Urn","Pear","OrangePellets","PreservedInsect","Eternal Feather","Incense Burner","Potion Belt","Lantern","Mercury Hourglass","War Paint","Ornamental Fan","Shuriken"],"potions_floor_usage":[7,19,23,23,31,31,33,33],"damage_taken":[{"damage":0,"enemies":"Cultist","floor":1,"turns":1},{"damage":0,"enemies":"Small Slimes","floor":2,"turns":1},{"damage":0,"enemies":"2 Louse","floor":3,"turns":1},{"damage":13,"enemies":"Gremlin Gang","floor":7,"turns":4},{"damage":14,"enemies":"3 Sentries","floor":8,"turns":12},{"damage":0,"enemies":"3 Louse","floor":10,"turns":5},{"damage":6,"enemies":"Large Slime","floor":11,"turns":8},{"damage":13,"enemies":"Lagavulin","floor":14,"turns":8},{"damage":28,"enemies":"The Guardian","floor":16,"turns":12},{"damage":24,"enemies":"2 Thieves","floor":18,"turns":5},{"damage":3,"enemies":"Shell Parasite","floor":19,"turns":7},{"damage":2,"enemies":"Book of Stabbing","floor":23,"turns":7},{"damage":20,"enemies":"Slavers","floor":27,"turns":5},{"damage":8,"enemies":"Snake Plant","floor":30,"turns":6},{"damage":11,"enemies":"Gremlin Leader","floor":31,"turns":7},{"damage":78,"enemies":"Automaton","floor":33,"turns":12}],"seed_played":"-7531284952313084580","potions_obtained":[{"floor":3,"key":"SkillPotion"},{"floor":8,"key":"GhostInAJar"},{"floor":10,"key":"GamblersBrew"},{"floor":16,"key":"Poison Potion"},{"floor":23,"key":"EssenceOfSteel"},{"floor":29,"key":"Swift Potion"},{"floor":29,"key":"Strength Potion"},{"floor":29,"key":"SpeedPotion"}],"is_trial":false,"path_per_floor":["M","M","M","?","?","R","M","E","T","M","M","R","$","E","R","B",null,"M","M","?","?","T","E","R","$","T","E","?","?","M","E","R","B"],"character_chosen":"THE_SILENT","items_purchased":["OrangePellets","Footwork","Weak Potion"],"campfire_rested":1,"item_purchase_floors":[13,25,25],"current_hp_per_floor":[63,63,63,49,49,49,36,22,32,36,36,36,36,29,53,31,68,50,53,53,53,53,57,69,69,69,57,57,57,57,54,69,0],"gold":103,"neow_bonus":"THREE_ENEMY_KILL","is_prod":false,"is_daily":false,"chose_seed":false,"campfire_upgraded":4,"win_rate":0,"timestamp":1550980743,"path_taken":["M","?","M","?","?","R","M","E","T","M","M","R","$","E","R","BOSS","M","?","?","?","?","E","R","$","T","E","?","?","M","E","R","BOSS"],"build_version":"2019-01-23","purchased_purges":1,"victory":false,"max_hp_per_floor":[70,70,70,70,70,70,70,70,80,80,80,80,80,80,80,80,80,80,80,80,80,80,80,80,80,80,80,80,80,80,80,80,80],"card_choices":[{"not_picked":["Poisoned Stab","Riddle With Holes"],"picked":"Cloak And Dagger","floor":1},{"not_picked":["Accuracy","Cloak And Dagger"],"picked":"Footwork","floor":2},{"not_picked":["Dodge and Roll","Calculated Gamble"],"picked":"Dagger Spray","floor":3},{"not_picked":["Slice","Acrobatics"],"picked":"Noxious Fumes","floor":7},{"not_picked":["Dagger Spray","Riddle With Holes"],"picked":"Caltrops","floor":8},{"not_picked":["Accuracy","Prepared"],"picked":"Escape Plan","floor":10},{"not_picked":["Flechettes","Deadly Poison"],"picked":"Catalyst","floor":11},{"not_picked":["Doppelganger","Prepared","Dagger Throw"],"picked":"SKIP","floor":14},{"not_picked":["Doppelganger","After Image"],"picked":"Malaise","floor":16},{"not_picked":["Finisher","Reflex"],"picked":"Escape Plan","floor":18},{"not_picked":["Dagger Spray","Bane"],"picked":"PiercingWail+1","floor":19},{"not_picked":["Bullet Time","Expertise"],"picked":"Flechettes","floor":23},{"not_picked":["Bane","Prepared"],"picked":"Burst","floor":27},{"not_picked":["Noxious Fumes","Prepared","Slice"],"picked":"SKIP","floor":30},{"not_picked":["Sucker Punch","Setup+1"],"picked":"Deadly Poison+1","floor":31}],"player_experience":353090,"relics_obtained":[{"floor":8,"key":"Bird Faced Urn"},{"floor":9,"key":"Pear"},{"floor":14,"key":"PreservedInsect"},{"floor":22,"key":"Potion Belt"},{"floor":23,"key":"Lantern"},{"floor":26,"key":"Mercury Hourglass"},{"floor":27,"key":"War Paint"},{"floor":31,"key":"Shuriken"}],"event_choices":[{"damage_healed":0,"gold_gain":0,"player_choice":"Entered Light","damage_taken":14,"max_hp_gain":0,"max_hp_loss":0,"event_name":"Shining Light","floor":4,"gold_loss":0,"cards_upgraded":["Defend_G","Survivor"]},{"cards_removed":["Strike_G"],"damage_healed":0,"gold_gain":0,"player_choice":"Offered Basic","damage_taken":0,"max_hp_gain":0,"max_hp_loss":0,"event_name":"Bonfire Elementals","floor":5,"gold_loss":0},{"damage_healed":0,"gold_gain":0,"player_choice":"Obtained Relic","damage_taken":0,"relics_obtained":["Incense Burner"],"max_hp_gain":0,"max_hp_loss":0,"event_name":"Addict","floor":20,"gold_loss":85},{"damage_healed":0,"gold_gain":0,"player_choice":"Ignored","damage_taken":0,"max_hp_gain":0,"max_hp_loss":0,"event_name":"Beggar","floor":21,"gold_loss":0},{"damage_healed":0,"gold_gain":0,"player_choice":"Opened","damage_taken":0,"relics_obtained":["Ornamental Fan"],"max_hp_gain":0,"max_hp_loss":0,"event_name":"The Mausoleum","floor":28,"gold_loss":0},{"damage_healed":0,"gold_gain":0,"player_choice":"Got Potions","damage_taken":0,"max_hp_gain":0,"max_hp_loss":0,"event_name":"Lab","floor":29,"gold_loss":0}],"is_beta":false,"boss_relics":[{"not_picked":["Velvet Choker","Ring of the Serpent"],"picked":"Eternal Feather"}],"items_purged_floors":[13],"is_endless":false,"potions_floor_spawned":[3,8,10,16,23,30],"killed_by":"Automaton","ascension_level":10}