{"gold_per_floor":[116,128,196,208,223,223,223,223,223,251,251,281,296,324,324,425,425,441,461,427,441,61,87,87,122,122,122,135,135,135,199,199,199],"floor_reached":33,"playtime":1531,"items_purged":["Bash"],"score":539,"play_id":"09556fe5-28c6-46c4-85a0-7d53447dbd4d","local_time":"20180708182533","is_ascension_mode":true,"campfire_choices":[{"data":"Perfected Strike","floor":6.0,"key":"SMITH"},{"data":"Pommel Strike","floor":8.0,"key":"SMITH"},{"data":"Disarm","floor":11.0,"key":"SMITH"},{"data":"Armaments","floor":15.0,"key":"SMITH"},{"data":"Offering","floor":24.0,"key":"SMITH"},{"floor":27.0,"key":"REST"},{"data":"Seeing Red","floor":29.0,"key":"SMITH"},{"data":"Dual Wield","floor":32.0,"key":"SMITH"}],"neow_cost":"NONE","seed_source_timestamp":729776509605576,"circlet_count":0,"master_deck":["Strike_R","Strike_R","Strike_R","Strike_R","Strike_R","Defend_R","Defend_R","Defend_R","AscendersBane","Pommel Strike+1","Disarm+1","Perfected Strike+1","Armaments+1","Whirlwind+1","Thunderclap+1","Dual Wield+1","Seeing Red+1","Offering+1","Wild Strike+1","Headbutt+1","Twin Strike+1"],"special_seed":0,"relics":["Burning Blood","Anchor","Pantograph","Blood Vial","Molten Egg 2","Bag of Preparation","Pen Nib","Champion Belt","Empty Cage","Singing Bowl","Matryoshka","Calipers","Orichalcum","Shuriken","Tiny Chest"],"potions_floor_usage":[33],"damage_taken":[{"damage":1.0,"enemies":"Cultist","floor":1.0,"turns":4.0},{"damage":0.0,"enemies":"Small Slimes","floor":2.0,"turns":4.0},{"damage":0.0,"enemies":"Jaw Worm","floor":4.0,"turns":3.0},{"damage":14.0,"enemies":"Red Slaver","floor":5.0,"turns":5.0},{"damage":0.0,"enemies":"Gremlin Nob","floor":10.0,"turns":2.0},{"damage":12.0,"enemies":"3 Sentries","floor":12.0,"turns":6.0},{"damage":0.0,"enemies":"Gremlin Gang","floor":13.0,"turns":2.0},{"damage":8.0,"enemies":"Gremlin Nob","floor":14.0,"turns":3.0},{"damage":23.0,"enemies":"Hexaghost","floor":16.0,"turns":11.0},{"damage":7.0,"enemies":"Shell Parasite","floor":18.0,"turns":5.0},{"damage":11.0,"enemies":"Chosen","floor":19.0,"turns":4.0},{"damage":0.0,"enemies":"Snecko","floor":21.0,"turns":3.0},{"damage":30.0,"enemies":"Slavers","floor":23.0,"turns":5.0},{"damage":56.0,"enemies":"Gremlin Leader","floor":25.0,"turns":9.0},{"damage":4.0,"enemies":"Sentry and Sphere","floor":28.0,"turns":3.0},{"damage":11.0,"enemies":"Slavers","floor":31.0,"turns":2.0},{"damage":94,"enemies":"Automaton","floor":33,"turns":6}],"seed_played":"-4983715993586541795","potions_obtained":[{"floor":1.0,"key":"Energy Potion"},{"floor":5.0,"key":"Explosive Potion"},{"floor":14.0,"key":"Weak Potion"},{"floor":16.0,"key":"Block Potion"},{"floor":23.0,"key":"GamblersBrew"},{"floor":25.0,"key":"Energy Potion"},{"floor":28.0,"key":"Swift Potion"}],"is_trial":false,"path_per_floor":["M","M","T","M","M","R","?","R","T","E","R","E","M","E","R","B",null,"M","M","$","M","$","E","R","E","T","R","M","R","?","E","R"],"character_chosen":"IRONCLAD","items_purchased":["Dual Wield","Offering","Singing Bowl"],"campfire_rested":1,"item_purchase_floors":[20,22,22],"current_hp_per_floor":[77,80,80,80,72,72,65,65,65,73,73,69,77,77,77,63,76,77,74,74,80,80,58,58,10,10,34,38,38,38,35,35,0],"gold":199,"neow_bonus":"RANDOM_COMMON_RELIC","is_prod":false,"is_daily":false,"chose_seed":false,"campfire_upgraded":7,"win_rate":0,"timestamp":1531088733,"path_taken":["M","M","?","M","M","R","?","R","T","E","R","E","M","E","R","BOSS","M","?","$","M","$","E","R","E","T","R","M","R","?","E","R","BOSS"],"build_version":"2018-07-05","purchased_purges":1,"victory":false,"max_hp_per_floor":[80,80,80,80,80,80,80,80,80,80,80,80,80,80,80,80,80,80,80,80,80,80,82,82,82,82,82,82,82,82,82,82,82],"card_choices":[{"not_picked":["Hemokinesis","Warcry"],"picked":"Pommel Strike","floor":1.0},{"not_picked":["Armaments","Body Slam"],"picked":"Disarm","floor":2.0},{"not_picked":["Armaments","Heavy Blade"],"picked":"Perfected Strike","floor":4.0},{"not_picked":["Bloodletting","Anger","Evolve"],"picked":"SKIP","floor":5.0},{"not_picked":["Clothesline+1","Corruption"],"picked":"Cleave+1","floor":10.0},{"not_picked":["Seeing Red","Reaper+1"],"picked":"Armaments","floor":12.0},{"not_picked":["Cleave+1","Thunderclap+1"],"picked":"Whirlwind+1","floor":13.0},{"not_picked":["Second Wind","Dropkick+1","Burning Pact"],"picked":"SKIP","floor":14.0},{"not_picked":["Second Wind+1","Cleave+1"],"picked":"Thunderclap+1","floor":18.0},{"not_picked":["Clash+1","Clothesline+1","Shockwave"],"picked":"SKIP","floor":19.0},{"not_picked":["Bloodletting","Infernal Blade"],"picked":"Seeing Red","floor":21.0},{"not_picked":["Havoc+1","Sword Boomerang+1","Armaments"],"picked":"Singing Bowl","floor":23.0},{"not_picked":["Intimidate","Body Slam+1"],"picked":"Wild Strike+1","floor":25.0},{"not_picked":["Power Through","Heavy Blade+1"],"picked":"Headbutt+1","floor":28.0},{"not_picked":["Bloodletting","Exhume"],"picked":"Twin Strike+1","floor":31.0}],"player_experience":412289,"relics_obtained":[{"floor":3.0,"key":"Pantograph"},{"floor":9.0,"key":"Molten Egg 2"},{"floor":10.0,"key":"Bag of Preparation"},{"floor":12.0,"key":"Pen Nib"},{"floor":14.0,"key":"Champion Belt"},{"floor":23.0,"key":"Matryoshka"},{"floor":25.0,"key":"Calipers"},{"floor":26.0,"key":"Orichalcum"},{"floor":26.0,"key":"Shuriken"},{"floor":31.0,"key":"Tiny Chest"}],"event_choices":[{"event_name":"Scrap Ooze","player_choice":"success","floor":7.0,"damage_taken":7.0},{"event_name":"Drug Dealer","player_choice":"Ignored","floor":30.0,"damage_taken":0.0}],"boss_relics":[{"not_picked":["Lizard Tail","Runic Cube"],"picked":"Empty Cage"}],"items_purged_floors":[22],"is_endless":false,"potions_floor_spawned":[1,5,14,16,23,25,28],"killed_by":"Automaton","ascension_level":11}