{"gold_per_floor":[116,116,134,134,157,201,222,252,289,0,43,57,92,112,112,237,237,256,31,34,54,75,75,100,116,116,116,136,149,149],"floor_reached":30,"playtime":1297,"items_purged":["Strike_B"],"score":438,"play_id":"b089e2c7-7757-40fc-8a01-d6bb113d8b63","local_time":"20190221161810","is_ascension_mode":true,"campfire_choices":[{"floor":15,"key":"REST"},{"floor":23,"key":"REST"},{"floor":27,"key":"REST"}],"neow_cost":"NONE","seed_source_timestamp":747771707561395,"circlet_count":0,"master_deck":["AscendersBane","Strike_B","Strike_B","Strike_B","Defend_B","Defend_B","Defend_B","Defend_B","Zap+1","Dualcast","Electrodynamics","Auto Shields","Cold Snap","White Noise+1","Cold Snap","Conserve Battery","Go for the Eyes","Defragment","Ball Lightning","Buffer","Storm","Conserve Battery","Chill","Loop","BootSequence","Cold Snap","Leap","Leap","Cold Snap","Glacier"],"relics":["Cracked Core","Golden Idol","Smiling Mask","MawBank","Centennial Puzzle","Emotion Chip","PreservedInsect","War Paint","Black Star","Bottled Tornado"],"potions_floor_usage":[11,16,18,25,29],"damage_taken":[{"damage":7,"enemies":"Jaw Worm","floor":1,"turns":3},{"damage":7,"enemies":"Small Slimes","floor":3,"turns":3},{"damage":2,"enemies":"2 Louse","floor":5,"turns":2},{"damage":5,"enemies":"3 Sentries","floor":6,"turns":3},{"damage":9,"enemies":"Blue Slaver","floor":7,"turns":4},{"damage":14,"enemies":"Gremlin Nob","floor":11,"turns":4},{"damage":7,"enemies":"Red Slaver","floor":12,"turns":3},{"damage":1,"enemies":"3 Sentries","floor":13,"turns":3},{"damage":0,"enemies":"3 Louse","floor":14,"turns":1},{"damage":12,"enemies":"The Guardian","floor":16,"turns":12},{"damage":5,"enemies":"Chosen","floor":18,"turns":6},{"damage":26,"enemies":"2 Thieves","floor":20,"turns":5},{"damage":12,"enemies":"Centurion and Healer","floor":21,"turns":9},{"damage":3,"enemies":"Snake Plant","floor":22,"turns":5},{"damage":14,"enemies":"Shelled Parasite and Fungi","floor":24,"turns":6},{"damage":3,"enemies":"Chosen and Byrds","floor":25,"turns":6},{"damage":12,"enemies":"3 Cultists","floor":28,"turns":5},{"damage":0,"enemies":"Centurion and Healer","floor":29,"turns":5},{"damage":30,"enemies":"Gremlin Leader","floor":30,"turns":4}],"seed_played":"-2645661910108608403","potions_obtained":[{"floor":5,"key":"Dexterity Potion"},{"floor":6,"key":"FearPotion"},{"floor":13,"key":"Swift Potion"},{"floor":14,"key":"EssenceOfSteel"},{"floor":24,"key":"Weak Potion"},{"floor":28,"key":"SkillPotion"},{"floor":29,"key":"Dexterity Potion"}],"is_trial":false,"path_per_floor":["M","?","M","?","M","E","M","?","T","$","E","M","E","M","R","B",null,"M","$","M","M","M","R","M","M","T","R","M","M","E"],"character_chosen":"DEFECT","items_purchased":["Emotion Chip","Conserve Battery","Chill","Loop"],"campfire_rested":3,"item_purchase_floors":[10,19,19,19],"current_hp_per_floor":[61,61,54,54,52,47,38,38,38,38,24,17,16,16,36,24,58,53,53,27,15,12,32,18,15,15,35,23,23,0],"gold":149,"neow_bonus":"ONE_RANDOM_RARE_CARD","is_prod":false,"is_daily":false,"chose_seed":false,"campfire_upgraded":0,"win_rate":0,"timestamp":1550783890,"path_taken":["M","?","M","?","M","E","M","?","T","?","E","M","E","M","R","BOSS","M","$","M","M","M","R","M","M","T","R","M","M","E"],"build_version":"2019-01-23","purchased_purges":1,"victory":false,"max_hp_per_floor":[75,75,75,69,69,69,69,69,69,69,69,69,69,69,69,69,69,69,69,69,69,69,69,69,69,69,69,69,69,69],"card_choices":[{"not_picked":["Sweeping Beam","Hologram"],"picked":"Auto Shields","floor":1},{"not_picked":["Barrage","Beam Cell"],"picked":"Cold Snap","floor":3},{"not_picked":["Leap","Tempest"],"picked":"White Noise","floor":5},{"not_picked":["Undo","Streamline","Redo"],"picked":"SKIP","floor":6},{"not_picked":["Go for the Eyes","Hologram"],"picked":"Cold Snap","floor":7},{"not_picked":["Amplify","Loop"],"picked":"Conserve Battery","floor":11},{"not_picked":["Redo","Ball Lightning"],"picked":"Go for the Eyes","floor":12},{"not_picked":["Coolheaded","Thunder Strike"],"picked":"Defragment","floor":13},{"not_picked":["Barrage","Leap"],"picked":"Ball Lightning","floor":14},{"not_picked":["Biased Cognition","Fission"],"picked":"Buffer","floor":16},{"not_picked":["Recycle","Streamline"],"picked":"Storm","floor":18},{"not_picked":["Redo+1","Sunder+1"],"picked":"BootSequence","floor":20},{"not_picked":["Darkness","Coolheaded"],"picked":"Cold Snap","floor":21},{"not_picked":["Gash","Beam Cell"],"picked":"Leap","floor":22},{"not_picked":["Storm","Sweeping Beam"],"picked":"Leap","floor":24},{"not_picked":["Streamline","Coolheaded","Redo"],"picked":"SKIP","floor":25},{"not_picked":["Sunder","Fusion"],"picked":"Cold Snap","floor":28},{"not_picked":["Sweeping Beam","Chaos"],"picked":"Glacier","floor":29}],"player_experience":336463,"relics_obtained":[{"floor":6,"key":"Smiling Mask"},{"floor":9,"key":"Centennial Puzzle"},{"floor":11,"key":"PreservedInsect"},{"floor":13,"key":"War Paint"},{"floor":26,"key":"Bottled Tornado"}],"event_choices":[{"damage_healed":0,"gold_gain":0,"player_choice":"Ignored","damage_taken":0,"max_hp_gain":0,"max_hp_loss":0,"event_name":"Liars Game","floor":2,"gold_loss":0},{"damage_healed":0,"gold_gain":0,"player_choice":"Lose Max HP","damage_taken":0,"relics_obtained":["Golden Idol"],"max_hp_gain":0,"max_hp_loss":6,"event_name":"Golden Idol","floor":4,"gold_loss":0},{"damage_healed":0,"gold_gain":30,"player_choice":"Searched \u00273\u0027 times","damage_taken":0,"relics_obtained":["MawBank"],"max_hp_gain":0,"max_hp_loss":0,"event_name":"Dead Adventurer","floor":8,"gold_loss":0}],"is_beta":false,"boss_relics":[{"not_picked":["Busted Crown","Empty Cage"],"picked":"Black Star"}],"items_purged_floors":[19],"is_endless":false,"potions_floor_spawned":[5,6,7,13,14,24,28,29],"killed_by":"Gremlin Leader","ascension_level":12}