{"gold_per_floor":[113,113,132,144,162,162,194,194,194,226,238,34,46,76,76,150,150,163,163,88,88,72,72,99,99,124,138,138,165,90,100,100,176,176,189,204,104,104,122,150,150,163,163,163,176,205,221,236,236,236],"floor_reached":51,"playtime":3599,"items_purged":["Strike_R","Strike_R"],"score":1459,"play_id":"1177262b-f6f3-44e1-9258-e25c2d1e5771","local_time":"20180713222205","is_ascension_mode":true,"campfire_choices":[{"data":"Barricade","floor":6.0,"key":"SMITH"},{"data":"Iron Wave","floor":8.0,"key":"SMITH"},{"data":"Armaments","floor":15.0,"key":"SMITH"},{"data":"Iron Wave","floor":23.0,"key":"SMITH"},{"data":"Hemokinesis","floor":25.0,"key":"SMITH"},{"data":"Battle Trance","floor":28.0,"key":"SMITH"},{"data":"Warcry","floor":32.0,"key":"SMITH"},{"data":"Demon Form","floor":41,"key":"SMITH"},{"floor":44,"key":"REST"},{"data":"Flame Barrier","floor":49,"key":"SMITH"}],"neow_cost":"TEN_PERCENT_HP_LOSS","seed_source_timestamp":0,"circlet_count":0,"master_deck":["Strike_R","Strike_R","Defend_R","Defend_R","Defend_R","Defend_R","Bash+1","AscendersBane","Shrug It Off+1","Hemokinesis+1","Warcry+1","Barricade+1","Iron Wave+1","Iron Wave+1","Armaments+1","Battle Trance+1","Reaper+1","Whirlwind+1","Pommel Strike+1","Demon Form+1","Searing Blow+1","Panacea","Purity","Good Instincts","Seeing Red+1","Flame Barrier+1"],"special_seed":0,"relics":["Burning Blood","Thread and Needle","Pen Nib","Boot","Letter Opener","Sling","Molten Egg 2","Sozu","Bag of Preparation","Potion Belt","Anchor","Runic Pyramid","Bronze Scales","Frozen Egg 2","Bag of Marbles"],"potions_floor_usage":[],"damage_taken":[{"damage":5.0,"enemies":"Jaw Worm","floor":1.0,"turns":4.0},{"damage":2.0,"enemies":"Small Slimes","floor":3.0,"turns":4.0},{"damage":5.0,"enemies":"Cultist","floor":4.0,"turns":4.0},{"damage":4.0,"enemies":"Red Slaver","floor":5.0,"turns":3.0},{"damage":19.0,"enemies":"3 Sentries","floor":7.0,"turns":8.0},{"damage":30.0,"enemies":"Gremlin Nob","floor":10.0,"turns":5.0},{"damage":3.0,"enemies":"Large Slime","floor":11.0,"turns":8.0},{"damage":0.0,"enemies":"3 Louse","floor":13.0,"turns":4.0},{"damage":3.0,"enemies":"3 Sentries","floor":14.0,"turns":9.0},{"damage":6.0,"enemies":"Hexaghost","floor":16.0,"turns":13.0},{"damage":3.0,"enemies":"Chosen","floor":18.0,"turns":4.0},{"damage":15.0,"enemies":"2 Thieves","floor":22.0,"turns":4.0},{"damage":13.0,"enemies":"Book of Stabbing","floor":24.0,"turns":7.0},{"damage":8.0,"enemies":"Centurion and Healer","floor":27.0,"turns":7.0},{"damage":47.0,"enemies":"Slavers","floor":29.0,"turns":6.0},{"damage":0.0,"enemies":"3 Cultists","floor":31.0,"turns":1.0},{"damage":75.0,"enemies":"Automaton","floor":33.0,"turns":18.0},{"damage":0.0,"enemies":"3 Darklings","floor":35.0,"turns":6.0},{"damage":0.0,"enemies":"3 Shapes","floor":36.0,"turns":4.0},{"damage":1.0,"enemies":"Flame Bruiser 2 Orb","floor":39.0,"turns":7.0},{"damage":53,"enemies":"Giant Head","floor":40,"turns":8},{"damage":38,"enemies":"Spire Growth","floor":42,"turns":7},{"damage":2,"enemies":"Maw","floor":45,"turns":7},{"damage":28,"enemies":"2 Orb Walkers","floor":46,"turns":6},{"damage":2,"enemies":"Transient","floor":47,"turns":5},{"damage":20,"enemies":"Flame Bruiser 2 Orb","floor":48,"turns":7},{"damage":2,"enemies":"Time Eater","floor":50,"turns":12}],"seed_played":"-5698030187289964893","potions_obtained":[{"floor":3.0,"key":"Regen Potion"},{"floor":5.0,"key":"Explosive Potion"},{"floor":11.0,"key":"EssenceOfSteel"},{"floor":13.0,"key":"Weak Potion"},{"floor":16.0,"key":"Regen Potion"}],"is_trial":false,"path_per_floor":["M","?","M","M","M","R","E","R","T","E","M","$","M","E","R","B",null,"M","?","?","?","M","R","E","R","T","M","R","E","$","M","R","B",null,"M","M","$","?","M","E","R","M","T","R","M","E","M","M","R","B"],"character_chosen":"IRONCLAD","items_purchased":["Sling"],"campfire_rested":1,"item_purchase_floors":[12],"current_hp_per_floor":[72,72,72,72,72,72,72,72,72,48,51,51,57,60,60,60,69,72,59,59,59,76,76,77,77,77,75,75,64,64,70,70,8,60,77,77,77,67,77,48,48,23,23,46,77,68,72,77,77,77],"gold":236,"neow_bonus":"ONE_RARE_RELIC","is_prod":false,"is_daily":false,"chose_seed":false,"campfire_upgraded":9,"win_rate":0,"timestamp":1531534925,"path_taken":["M","?","M","?","M","R","E","R","T","E","M","$","M","E","R","BOSS","M","?","?","?","M","R","E","R","T","M","R","E","$","M","R","BOSS","M","M","$","?","M","E","R","M","T","R","M","E","M","M","R","BOSS"],"build_version":"2018-07-12","purchased_purges":2,"victory":true,"max_hp_per_floor":[72,72,72,72,72,72,72,72,72,72,72,72,72,72,72,72,72,72,77,77,77,77,77,77,77,77,77,77,77,77,77,77,77,77,77,77,77,77,77,77,77,77,77,77,77,77,77,77,77,77],"card_choices":[{"not_picked":["Twin Strike","Warcry"],"picked":"Shrug It Off","floor":1.0},{"not_picked":["Flex","Headbutt"],"picked":"Hemokinesis","floor":3.0},{"not_picked":["Anger","Combust"],"picked":"Warcry","floor":4.0},{"not_picked":["Headbutt","Clothesline"],"picked":"Barricade","floor":5.0},{"not_picked":["Reckless Charge","Uppercut"],"picked":"Iron Wave","floor":7.0},{"not_picked":["Heavy Blade","Spot Weakness"],"picked":"Iron Wave","floor":10.0},{"not_picked":["Evolve","Rampage"],"picked":"Armaments","floor":11.0},{"not_picked":["Wild Strike","Inflame"],"picked":"Battle Trance","floor":13.0},{"not_picked":["Carnage","Power Through","Clash"],"picked":"SKIP","floor":14.0},{"not_picked":["Exhume","Fiend Fire+1"],"picked":"Reaper+1","floor":16.0},{"not_picked":["Heavy Blade+1","Rage"],"picked":"Whirlwind+1","floor":18.0},{"not_picked":["Wild Strike+1","Twin Strike+1","Iron Wave+1"],"picked":"SKIP","floor":22.0},{"not_picked":["Flex","Clothesline+1"],"picked":"Pommel Strike+1","floor":24.0},{"not_picked":["Rage","Iron Wave+1","Heavy Blade+1"],"picked":"SKIP","floor":27.0},{"not_picked":["Clash+1","Reckless Charge+1","Sever Soul+1"],"picked":"SKIP","floor":29.0},{"not_picked":["Cleave+1","Searing Blow+1","Blood for Blood+1"],"picked":"SKIP","floor":31.0},{"not_picked":["Brutality","Impervious"],"picked":"Demon Form","floor":33.0},{"not_picked":["Twin Strike+1","Infernal Blade"],"picked":"Searing Blow+1","floor":35.0},{"not_picked":["Armaments+1","Dual Wield","Flex+1"],"picked":"SKIP","floor":36.0},{"not_picked":["Dark Shackles","Purity"],"picked":"Panacea","floor":38.0},{"not_picked":["Magnetism","Swift Strike+1"],"picked":"Purity","floor":38.0},{"not_picked":["Purity","Panache"],"picked":"Good Instincts","floor":38.0},{"not_picked":["Clothesline+1","Bloodletting","Warcry"],"picked":"SKIP","floor":39.0},{"not_picked":["Clothesline+1","Iron Wave+1","Blood for Blood+1"],"picked":"SKIP","floor":40},{"not_picked":["Reaper+1","Anger+1"],"picked":"Seeing Red+1","floor":42},{"not_picked":["Clash+1","Twin Strike+1","Havoc"],"picked":"SKIP","floor":45},{"not_picked":["Wild Strike+1","Flex","Inflame+1"],"picked":"SKIP","floor":46},{"not_picked":["Corruption+1","Blood for Blood+1"],"picked":"Flame Barrier","floor":47},{"not_picked":["Sever Soul+1","Immolate+1","Cleave+1"],"picked":"SKIP","floor":48}],"player_experience":454626,"relics_obtained":[{"floor":7.0,"key":"Pen Nib"},{"floor":9.0,"key":"Boot"},{"floor":10.0,"key":"Letter Opener"},{"floor":14.0,"key":"Molten Egg 2"},{"floor":24.0,"key":"Bag of Preparation"},{"floor":26.0,"key":"Potion Belt"},{"floor":29.0,"key":"Anchor"},{"floor":40,"key":"Bronze Scales"},{"floor":43,"key":"Frozen Egg 2"},{"floor":46,"key":"Bag of Marbles"}],"event_choices":[{"event_name":"Living Wall","player_choice":"Grow","floor":2.0,"damage_taken":0.0},{"event_name":"Forgotten Altar","player_choice":"Shed Blood","floor":19.0,"damage_taken":0.0},{"event_name":"Beggar","player_choice":"Gave Gold","floor":20.0,"damage_taken":0.0},{"event_name":"Accursed Blacksmith","player_choice":"Forge","floor":21.0,"damage_taken":0.0},{"event_name":"SensoryStone","player_choice":"Memory 3","floor":38.0,"damage_taken":0.0}],"boss_relics":[{"not_picked":["Velvet Choker","Black Star"],"picked":"Sozu"},{"not_picked":["White Beast Statue","Runic Cube"],"picked":"Runic Pyramid"}],"items_purged_floors":[30,37],"is_endless":false,"potions_floor_spawned":[3,5,11,13,16,22,27,31,33,39,40,45,47],"ascension_level":13}