{"gold_per_floor":[114,129,204,219,234,209,224,239,239,269,275,275,275,294,294,419,419,438,457,476,495,455,255,170,170,195,233,252,271,271,290,290,415,415,434,453,472,805,805,805,1135,1135,1210,1210,403,418,433,448,448,448],"floor_reached":51,"playtime":1486,"items_purged":["Self Repair"],"score":955,"play_id":"26ab9103-04ad-4f6c-a3cc-d50febdef612","local_time":"20181028183322","daily_mods":["SealedDeck","Uncertain Future","Lethality"],"is_ascension_mode":false,"campfire_choices":[{"data":"Creative AI","floor":12.0,"key":"SMITH"},{"data":"Beam Cell","floor":15.0,"key":"SMITH"},{"data":"1","floor":30,"key":"LIFT"},{"data":"2","floor":32,"key":"LIFT"},{"data":"3","floor":40,"key":"LIFT"},{"floor":42,"key":"REST"},{"floor":49,"key":"REST"}],"neow_cost":"","seed_source_timestamp":0,"circlet_count":0,"master_deck":["Genetic Algorithm+1","Cold Snap","Compile Driver","FTL","FTL","Gash","Gash","Gash","Beam Cell+1","Cold Snap","Skim+1","Conserve Battery","Steam","Sweeping Beam","Creative AI+1","Sweeping Beam","Core Surge","Sweeping Beam+1","Ball Lightning+1","Go for the Eyes","All For One","Beam Cell","Sadistic Nature","PanicButton","Metamorphosis","BootSequence","Chill+1"],"special_seed":17832,"relics":["Cracked Core","Bronze Scales","Juzu Bracelet","Omamori","Cursed Key","TheAbacus","Girya","Bag of Marbles","Boot","Fusion Hammer","Old Coin","Bottled Tornado","Ornamental Fan","Thread and Needle"],"potions_floor_usage":[27,33,33,50,50],"damage_taken":[{"damage":0.0,"enemies":"2 Louse","floor":1.0,"turns":1.0},{"damage":0.0,"enemies":"Small Slimes","floor":2.0,"turns":1.0},{"damage":0.0,"enemies":"Jaw Worm","floor":4.0,"turns":1.0},{"damage":14.0,"enemies":"Exordium Wildlife","floor":5.0,"turns":2.0},{"damage":0.0,"enemies":"3 Louse","floor":7.0,"turns":1.0},{"damage":0.0,"enemies":"Exordium Thugs","floor":8.0,"turns":2.0},{"damage":11.0,"enemies":"3 Sentries","floor":10.0,"turns":4.0},{"damage":12.0,"enemies":"3 Sentries","floor":11.0,"turns":3.0},{"damage":0.0,"enemies":"Exordium Wildlife","floor":14.0,"turns":2.0},{"damage":0,"enemies":"Slime Boss","floor":16,"turns":3},{"damage":4,"enemies":"2 Thieves","floor":18,"turns":2},{"damage":0,"enemies":"Chosen","floor":19,"turns":2},{"damage":0,"enemies":"3 Cultists","floor":20,"turns":3},{"damage":7,"enemies":"Snecko","floor":21,"turns":3},{"damage":13,"enemies":"Book of Stabbing","floor":27,"turns":3},{"damage":13,"enemies":"Centurion and Healer","floor":28,"turns":2},{"damage":0,"enemies":"3 Cultists","floor":29,"turns":2},{"damage":18,"enemies":"Snecko","floor":31,"turns":3},{"damage":0,"enemies":"Collector","floor":33,"turns":4},{"damage":0,"enemies":"Orb Walker","floor":35,"turns":1},{"damage":0,"enemies":"3 Shapes","floor":36,"turns":2},{"damage":0,"enemies":"Transient","floor":37,"turns":5},{"damage":0,"enemies":"Reptomancer","floor":41,"turns":3},{"damage":0,"enemies":"3 Darklings","floor":46,"turns":2},{"damage":2,"enemies":"Sphere and 2 Shapes","floor":47,"turns":2},{"damage":6,"enemies":"4 Shapes","floor":48,"turns":2},{"damage":0,"enemies":"Awakened One","floor":50,"turns":6}],"seed_played":"5963366377252793879","potions_obtained":[{"floor":1.0,"key":"Swift Potion"},{"floor":2.0,"key":"EntropicBrew"},{"floor":7.0,"key":"Regen Potion"},{"floor":11.0,"key":"SpeedPotion"},{"floor":16,"key":"Block Potion"},{"floor":19,"key":"Dexterity Potion"},{"floor":27,"key":"EssenceOfSteel"},{"floor":29,"key":"Strength Potion"},{"floor":33,"key":"Strength Potion"},{"floor":36,"key":"Block Potion"}],"is_trial":false,"path_per_floor":["M","M","?","M","M","$","M","M","T","E","?","R","?","M","R","B",null,"M","M","M","M","?","$","?","?","T","E","M","M","R","M","R","B",null,"M","M","M","?","?","R","E","R","T","?","$","M","M","M","R","B"],"character_chosen":"DEFECT","items_purchased":["Sweeping Beam","TheAbacus","Ornamental Fan","Thread and Needle","Metamorphosis"],"campfire_rested":2,"item_purchase_floors":[6,23,45,45,45],"current_hp_per_floor":[75,75,64,64,50,50,57,64,64,72,67,67,67,69,69,69,69,69,69,69,69,69,69,69,69,69,63,57,64,64,53,53,53,69,69,69,69,69,69,69,69,69,69,59,59,59,57,51,69,69],"gold":448,"neow_bonus":"","is_prod":false,"is_daily":true,"chose_seed":false,"campfire_upgraded":2,"win_rate":0,"timestamp":1540766002,"path_taken":["M","M","?","M","M","$","M","M","T","E","?","R","?","M","R","BOSS","M","M","M","M","?","$","?","?","T","E","M","M","R","M","R","BOSS","M","M","M","?","?","R","E","R","T","?","$","M","M","M","R","BOSS"],"build_version":"2018-10-25v2","purchased_purges":1,"victory":true,"max_hp_per_floor":[75,75,75,75,75,75,75,75,75,75,75,75,69,69,69,69,69,69,69,69,69,69,69,69,69,69,69,69,69,69,69,69,69,69,69,69,69,69,69,69,69,69,69,69,69,69,69,69,69,69],"card_choices":[{"not_picked":["Hologram","Ball Lightning"],"picked":"Cold Snap","floor":1.0},{"not_picked":["Auto Shields","Ball Lightning"],"picked":"Skim","floor":2.0},{"not_picked":["Hello World","Capacitor"],"picked":"Conserve Battery","floor":4.0},{"not_picked":["Ball Lightning","Coolheaded"],"picked":"Steam","floor":5.0},{"not_picked":["Beam Cell","Glacier","Ball Lightning"],"picked":"SKIP","floor":7.0},{"not_picked":["Hello World","Compile Driver"],"picked":"Creative AI","floor":8.0},{"not_picked":["Loop","Static Discharge"],"picked":"Sweeping Beam","floor":10.0},{"not_picked":["Darkness","Barrage","Beam Cell"],"picked":"SKIP","floor":14.0},{"not_picked":["Seek","Rainbow"],"picked":"Core Surge","floor":16},{"not_picked":["Tempest","Leap","Streamline"],"picked":"SKIP","floor":18},{"not_picked":["Compile Driver","Barrage+1","Hello World"],"picked":"SKIP","floor":19},{"not_picked":["Beam Cell","Darkness"],"picked":"Sweeping Beam+1","floor":20},{"not_picked":["Conserve Battery","Turbo","Genetic Algorithm"],"picked":"SKIP","floor":21},{"not_picked":["Steam","Rebound"],"picked":"Ball Lightning+1","floor":27},{"not_picked":["Rebound+1","Glacier"],"picked":"Go for the Eyes","floor":28},{"not_picked":["Sweeping Beam","Hello World","Tempest"],"picked":"SKIP","floor":29},{"not_picked":["Barrage","Compile Driver+1","Thunder Strike"],"picked":"SKIP","floor":31},{"not_picked":["Meteor Strike","Machine Learning"],"picked":"All For One","floor":33},{"not_picked":["Aggregate","Coolheaded","Redo"],"picked":"SKIP","floor":35},{"not_picked":["Double Energy","Redo","Ball Lightning+1"],"picked":"SKIP","floor":36},{"not_picked":["Melter","Conserve Battery+1"],"picked":"Beam Cell","floor":37},{"not_picked":["Force Field","Turbo+1","Heatsinks+1"],"picked":"SKIP","floor":41},{"not_picked":["Master of Strategy","Secret Weapon"],"picked":"Sadistic Nature","floor":44},{"not_picked":["Mind Blast","Chrysalis"],"picked":"PanicButton","floor":44},{"not_picked":["Rebound+1","Barrage"],"picked":"BootSequence","floor":46},{"not_picked":["Lockon","Ball Lightning"],"picked":"Chill+1","floor":47},{"not_picked":["Sweeping Beam","Sunder","Streamline"],"picked":"SKIP","floor":48}],"player_experience":866208,"relics_obtained":[{"floor":9.0,"key":"Bronze Scales"},{"floor":10.0,"key":"Juzu Bracelet"},{"floor":11.0,"key":"Omamori"},{"floor":26,"key":"Bag of Marbles"},{"floor":27,"key":"Boot"},{"floor":41,"key":"Old Coin"},{"floor":43,"key":"Bottled Tornado"}],"event_choices":[{"damage_healed":0.0,"max_hp_gain":0.0,"max_hp_loss":0.0,"gold_gain":75.0,"event_name":"World of Goop","player_choice":"Gather Gold","floor":3.0,"gold_loss":0.0,"damage_taken":11.0},{"damage_healed":0.0,"max_hp_gain":0.0,"max_hp_loss":0.0,"gold_gain":30.0,"event_name":"Dead Adventurer","player_choice":"Searched \u00272\u0027 times","floor":11.0,"gold_loss":0.0,"damage_taken":0.0},{"damage_healed":0.0,"max_hp_gain":0.0,"max_hp_loss":6.0,"gold_gain":0.0,"event_name":"Golden Idol","player_choice":"Lose Max HP","floor":13.0,"gold_loss":0.0,"damage_taken":0.0,"relics_obtained":["Golden Idol"]},{"damage_healed":0,"gold_gain":0,"player_choice":"Upgraded Two","damage_taken":0,"max_hp_gain":0,"max_hp_loss":0,"event_name":"Designer","floor":22,"gold_loss":40,"cards_upgraded":["Skim","Genetic Algorithm"]},{"damage_healed":0,"gold_gain":0,"player_choice":"Obtained Relic","damage_taken":0,"relics_obtained":["Girya"],"max_hp_gain":0,"max_hp_loss":0,"event_name":"Addict","floor":24,"gold_loss":85},{"damage_healed":0,"gold_gain":0,"player_choice":"Ignored","damage_taken":0,"max_hp_gain":0,"max_hp_loss":0,"event_name":"Transmorgrifier","floor":25,"gold_loss":0},{"damage_healed":0,"gold_gain":333,"player_choice":"Gave Idol","damage_taken":0,"max_hp_gain":0,"max_hp_loss":0,"event_name":"The Moai Head","floor":38,"relics_lost":["Golden Idol"],"gold_loss":0},{"damage_healed":0,"gold_gain":0,"player_choice":"Ignored","damage_taken":0,"max_hp_gain":0,"max_hp_loss":0,"event_name":"Tomb of Lord Red Mask","floor":39,"gold_loss":0},{"damage_healed":0,"gold_gain":0,"player_choice":"Memory 3","damage_taken":10,"max_hp_gain":0,"max_hp_loss":0,"event_name":"SensoryStone","floor":44,"gold_loss":0}],"is_beta":false,"boss_relics":[{"not_picked":["Ectoplasm","Lizard Tail"],"picked":"Cursed Key"},{"not_picked":["Eternal Feather","Snecko Eye"],"picked":"Fusion Hammer"}],"items_purged_floors":[45],"is_endless":false,"potions_floor_spawned":[1,2,7,11,16,19,27,29,33,36,46,47],"ascension_level":0}