{"gold_per_floor":[114,129,144,144,159,159,189,189,189,189,219,234,249,264,264,364,364,379,379,13,88,103,133,148,163,213,63,63,163,163,178,178,278,278,293,308,323,373,388,388,418,418],"floor_reached":42,"playtime":1938,"items_purged":["Strike_B"],"score":462,"play_id":"8f2bd782-118c-43e8-bd33-bb167c102ce3","local_time":"20181029203656","daily_mods":["Chimera","Green Cards","Careless"],"is_ascension_mode":false,"campfire_choices":[{"data":"Bash","floor":6,"key":"SMITH"},{"data":"True Grit","floor":8,"key":"SMITH"},{"data":"Zap","floor":10,"key":"SMITH"},{"data":"Sucker Punch","floor":15,"key":"SMITH"},{"floor":28,"key":"REST"},{"floor":30,"key":"REST"},{"floor":32,"key":"REST"},{"floor":40,"key":"REST"}],"neow_cost":"","seed_source_timestamp":0,"circlet_count":0,"master_deck":["Bash+1","Survivor","Zap+1","Strike_R","Strike_G","Defend_G","Defend_B","Wild Strike+1","Infinite Blades","PiercingWail","True Grit+1","Sucker Punch+1","Thunderclap","Predator+1","Evolve","After Image","Quick Slash+1","Metallicize","Iron Wave","Flex+1","Dagger Throw+1","Terror","Cleave","Heavy Blade","Flex+1","Adrenaline","Pommel Strike","Uppercut+1","Armaments+1","Footwork","Blur+1"],"special_seed":17834,"relics":["Burning Blood","Lantern","Blue Candle","Question Card","Fusion Hammer","ClockworkSouvenir","Kunai","Juzu Bracelet","PreservedInsect","Whetstone","Ice Cream","Bottled Lightning","Black Star","Orichalcum","Thread and Needle","Calipers"],"potions_floor_usage":[7,11,22,23,25,33,33,33],"damage_taken":[{"damage":10,"enemies":"Small Slimes","floor":1,"turns":3},{"damage":1,"enemies":"Cultist","floor":2,"turns":4},{"damage":2,"enemies":"2 Louse","floor":3,"turns":3},{"damage":10,"enemies":"Lots of Slimes","floor":5,"turns":4},{"damage":36,"enemies":"3 Sentries","floor":7,"turns":7},{"damage":25,"enemies":"Gremlin Nob","floor":11,"turns":4},{"damage":9,"enemies":"Gremlin Gang","floor":12,"turns":5},{"damage":7,"enemies":"Large Slime","floor":13,"turns":5},{"damage":2,"enemies":"2 Fungi Beasts","floor":14,"turns":3},{"damage":16,"enemies":"Hexaghost","floor":16,"turns":11},{"damage":7,"enemies":"Spheric Guardian","floor":18,"turns":5},{"damage":0,"enemies":"3 Byrds","floor":22,"turns":5},{"damage":31,"enemies":"Slavers","floor":23,"turns":4},{"damage":8,"enemies":"Centurion and Healer","floor":24,"turns":4},{"damage":7,"enemies":"Chosen and Byrds","floor":25,"turns":5},{"damage":16,"enemies":"Colosseum Slavers","floor":29,"turns":3},{"damage":13,"enemies":"Colosseum Nobs","floor":29,"turns":3},{"damage":13,"enemies":"Sentry and Sphere","floor":31,"turns":4},{"damage":43,"enemies":"Collector","floor":33,"turns":7},{"damage":7,"enemies":"3 Darklings","floor":35,"turns":4},{"damage":10,"enemies":"Orb Walker","floor":36,"turns":3},{"damage":38,"enemies":"4 Shapes","floor":37,"turns":4},{"damage":27,"enemies":"3 Darklings","floor":39,"turns":4},{"damage":22,"enemies":"Reptomancer","floor":41,"turns":5},{"damage":36,"enemies":"2 Orb Walkers","floor":42,"turns":4}],"seed_played":"-1635922721403175301","potions_obtained":[{"floor":1,"key":"GamblersBrew"},{"floor":5,"key":"Poison Potion"},{"floor":12,"key":"Explosive Potion"},{"floor":16,"key":"Ancient Potion"},{"floor":22,"key":"LiquidBronze"},{"floor":25,"key":"Weak Potion"},{"floor":29,"key":"Poison Potion"},{"floor":31,"key":"SkillPotion"},{"floor":35,"key":"GamblersBrew"}],"is_trial":false,"path_per_floor":["M","M","M","?","M","R","E","R","T","R","E","M","M","M","R","B",null,"M","?","$","T","M","E","M","M","T","$","R","?","R","M","R","B",null,"M","M","M","T","M","R","E"],"character_chosen":"IRONCLAD","items_purchased":["ClockworkSouvenir","Metallicize","Iron Wave","Whetstone"],"campfire_rested":4,"item_purchase_floors":[20,20,20,27],"current_hp_per_floor":[76,80,80,80,76,76,46,46,46,46,27,24,23,27,27,17,80,79,64,64,64,70,45,43,42,42,42,67,50,75,68,85,48,85,84,80,48,48,27,52,36,0],"gold":418,"neow_bonus":"","is_prod":false,"is_daily":true,"chose_seed":false,"campfire_upgraded":4,"win_rate":0,"timestamp":1540859816,"path_taken":["M","M","M","?","M","R","E","R","T","R","E","?","?","?","R","BOSS","M","?","$","?","?","E","M","M","T","$","R","?","R","M","R","BOSS","M","M","M","?","M","R","E","?"],"build_version":"2018-10-25v2","purchased_purges":1,"victory":false,"max_hp_per_floor":[80,80,80,80,80,80,80,80,80,80,80,80,80,80,80,80,80,80,85,85,85,85,85,85,85,85,85,85,85,85,85,85,85,85,85,85,85,85,85,85,85,85],"card_choices":[{"not_picked":["Reflex","Anger","Bane"],"picked":"SKIP","floor":1},{"not_picked":["Second Wind","Distraction"],"picked":"Wild Strike","floor":2},{"not_picked":["Rupture","Headbutt"],"picked":"Infinite Blades","floor":3},{"not_picked":["Dual Wield","Anger","Body Slam"],"picked":"SKIP","floor":5},{"not_picked":["Barricade","Thunderclap"],"picked":"True Grit","floor":7},{"not_picked":["Clash","Poisoned Stab"],"picked":"Sucker Punch","floor":11},{"not_picked":["Wild Strike","Doppelganger","Prepared"],"picked":"Thunderclap","floor":12},{"not_picked":["Heel Hook","Sucker Punch","Cloak And Dagger"],"picked":"Predator","floor":13},{"not_picked":["Deflect","Poisoned Stab","Underhanded Strike"],"picked":"Evolve","floor":14},{"not_picked":["Wraith Form v2","Double Tap","Venomology"],"picked":"After Image","floor":16},{"not_picked":["Headbutt","Thunderclap","Hemokinesis"],"picked":"Quick Slash+1","floor":18},{"not_picked":["Crippling Poison","Leg Sweep","Metallicize"],"picked":"Flex+1","floor":22},{"not_picked":["Shrug It Off","Iron Wave","Cloak And Dagger"],"picked":"Dagger Throw+1","floor":23},{"not_picked":["Sucker Punch","Prepared","Blood for Blood"],"picked":"Terror","floor":24},{"not_picked":["Heavy Blade","Terror","Power Through"],"picked":"Cleave","floor":25},{"not_picked":["Riddle With Holes","Clothesline","Flying Knee"],"picked":"Heavy Blade","floor":29},{"not_picked":["Brutality","Iron Wave","Setup+1"],"picked":"Flex+1","floor":31},{"not_picked":["Impervious","Night Terror","Brutality"],"picked":"Adrenaline","floor":33},{"not_picked":["Prepared+1","Clash+1","Doppelganger"],"picked":"Pommel Strike","floor":35},{"not_picked":["Iron Wave","Sucker Punch+1","PiercingWail"],"picked":"Uppercut+1","floor":36},{"not_picked":["True Grit","Poisoned Stab+1","Sucker Punch+1"],"picked":"Armaments+1","floor":37},{"not_picked":["Heavy Blade","Combust","Deadly Poison"],"picked":"Footwork","floor":39},{"not_picked":["Dagger Throw+1","Quick Slash+1","Perfected Strike+1"],"picked":"Blur+1","floor":41}],"player_experience":869433,"relics_obtained":[{"floor":7,"key":"Lantern"},{"floor":9,"key":"Blue Candle"},{"floor":11,"key":"Question Card"},{"floor":21,"key":"Kunai"},{"floor":23,"key":"Juzu Bracelet"},{"floor":26,"key":"PreservedInsect"},{"floor":29,"key":"Ice Cream"},{"floor":29,"key":"Bottled Lightning"},{"floor":38,"key":"Orichalcum"},{"floor":41,"key":"Thread and Needle"},{"floor":41,"key":"Calipers"}],"event_choices":[{"damage_healed":0,"gold_gain":0,"cards_transformed":["Defend_R"],"player_choice":"Transformed","damage_taken":0,"max_hp_gain":0,"max_hp_loss":0,"event_name":"Transmorgrifier","floor":4,"gold_loss":0,"cards_obtained":["PiercingWail"]},{"damage_healed":0,"gold_gain":0,"player_choice":"Shed Blood","damage_taken":20,"max_hp_gain":5,"max_hp_loss":0,"event_name":"Forgotten Altar","floor":19,"gold_loss":0},{"damage_healed":0,"gold_gain":0,"player_choice":"Fight","damage_taken":0,"max_hp_gain":0,"max_hp_loss":0,"event_name":"Colosseum","floor":29,"gold_loss":0},{"damage_healed":0,"gold_gain":0,"player_choice":"Fought Nobs","damage_taken":0,"max_hp_gain":0,"max_hp_loss":0,"event_name":"Colosseum","floor":29,"gold_loss":0},{"damage_healed":0,"gold_gain":0,"player_choice":"Fight","damage_taken":0,"max_hp_gain":0,"max_hp_loss":0,"event_name":"Mysterious Sphere","floor":42,"gold_loss":0}],"is_beta":false,"boss_relics":[{"not_picked":["Philosopher\u0027s Stone","Tiny House"],"picked":"Fusion Hammer"},{"not_picked":["Runic Pyramid","Eternal Feather"],"picked":"Black Star"}],"items_purged_floors":[20],"is_endless":false,"potions_floor_spawned":[1,5,12,16,22,25,29,31,35],"killed_by":"2 Orb Walkers","ascension_level":0}