{"gold_per_floor":[118,138,138,154,329,329,390,390,390,423,434,13,13,25,25,25],"floor_reached":16,"playtime":637,"items_purged":["Doubt"],"score":154,"play_id":"e0ce0c69-9490-4150-a1ae-0d8d42bdecaf","local_time":"20190131231026","is_ascension_mode":true,"campfire_choices":[{"data":"Zap","floor":6,"key":"SMITH"},{"floor":13,"key":"REST"},{"data":"Redo","floor":15,"key":"SMITH"}],"neow_cost":"NONE","seed_source_timestamp":1230466635027494,"circlet_count":0,"master_deck":["Strike_B","Strike_B+1","Strike_B","Strike_B","Defend_B","Defend_B","Defend_B","Defend_B","Zap+1","Dualcast+1","Conserve Battery","Steam","Cold Snap","Redo+1","Steam","Hologram","Chrysalis","Coolheaded","Auto Shields"],"relics":["Cracked Core","NeowsBlessing","Matryoshka","Tiny Chest","Dream Catcher","Gambling Chip","Bird Faced Urn","Anchor"],"potions_floor_usage":[16],"damage_taken":[{"damage":0,"enemies":"Small Slimes","floor":1,"turns":1},{"damage":0,"enemies":"Cultist","floor":2,"turns":1},{"damage":0,"enemies":"2 Louse","floor":4,"turns":1},{"damage":15,"enemies":"Lagavulin","floor":7,"turns":10},{"damage":19,"enemies":"Gremlin Nob","floor":10,"turns":4},{"damage":0,"enemies":"Looter","floor":11,"turns":5},{"damage":0,"enemies":"Exordium Thugs","floor":14,"turns":3},{"damage":48,"enemies":"Slime Boss","floor":16,"turns":13}],"seed_played":"-5281734638045291549","potions_obtained":[{"floor":1,"key":"SteroidPotion"},{"floor":10,"key":"Explosive Potion"},{"floor":11,"key":"FairyPotion"}],"is_trial":false,"path_per_floor":["M","M","?","M","?","R","E","?","T","E","M","$","R","M","R","B"],"character_chosen":"DEFECT","items_purchased":["Chrysalis","Anchor"],"campfire_rested":1,"item_purchase_floors":[12,12],"current_hp_per_floor":[68,68,68,68,68,68,53,38,38,19,19,19,41,41,41,4],"gold":25,"neow_bonus":"THREE_ENEMY_KILL","is_prod":false,"is_daily":false,"chose_seed":false,"campfire_upgraded":2,"win_rate":0,"timestamp":1548994226,"path_taken":["M","M","?","?","?","R","E","?","T","E","?","$","R","M","R","BOSS"],"build_version":"2019-01-23","purchased_purges":1,"victory":false,"max_hp_per_floor":[75,75,75,75,75,75,75,75,75,75,75,75,75,75,75,75],"card_choices":[{"not_picked":["Aggregate","Barrage"],"picked":"Conserve Battery","floor":1},{"not_picked":["Heatsinks","Recycle"],"picked":"Steam","floor":2},{"not_picked":["Sunder","Steam"],"picked":"Cold Snap","floor":4},{"not_picked":["Reboot","Blizzard"],"picked":"Redo","floor":7},{"not_picked":["Ball Lightning","Force Field"],"picked":"Steam","floor":10},{"not_picked":["Rebound","Stack"],"picked":"Hologram","floor":11},{"not_picked":["Aggregate","Ball Lightning"],"picked":"Coolheaded","floor":13},{"not_picked":["Stack","Turbo"],"picked":"Auto Shields","floor":14}],"player_experience":240653,"relics_obtained":[{"floor":7,"key":"Tiny Chest"},{"floor":9,"key":"Dream Catcher"},{"floor":9,"key":"Gambling Chip"},{"floor":10,"key":"Bird Faced Urn"}],"event_choices":[{"damage_healed":0,"gold_gain":0,"player_choice":"Gave Potion","damage_taken":0,"relics_obtained":["Matryoshka"],"max_hp_gain":0,"max_hp_loss":0,"event_name":"WeMeetAgain","floor":3,"gold_loss":0},{"damage_healed":0,"gold_gain":175,"player_choice":"AGREE","damage_taken":0,"max_hp_gain":0,"max_hp_loss":0,"event_name":"Liars Game","floor":5,"gold_loss":0,"cards_obtained":["Doubt"]},{"damage_healed":0,"gold_gain":0,"player_choice":"Entered Light","damage_taken":15,"max_hp_gain":0,"max_hp_loss":0,"event_name":"Shining Light","floor":8,"gold_loss":0,"cards_upgraded":["Dualcast","Strike_B"]}],"is_beta":false,"boss_relics":[],"items_purged_floors":[12],"is_endless":false,"potions_floor_spawned":[1,10,11],"killed_by":"Slime Boss","ascension_level":8}