{"gold_per_floor":[119,133,153,6,24,24,39,39,116,150,150,175,185,195,195,195],"floor_reached":16,"playtime":2549,"items_purged":["Defend_G"],"score":172,"play_id":"1c3fa847-cfd2-4d57-a016-39c194008965","local_time":"20181209124104","is_ascension_mode":true,"campfire_choices":[{"data":"Footwork","floor":6,"key":"SMITH"},{"data":"Neutralize","floor":8,"key":"SMITH"},{"data":"Blur","floor":15,"key":"SMITH"}],"neow_cost":"NONE","seed_source_timestamp":2152509454262,"circlet_count":0,"master_deck":["Defend_G","Defend_G","Defend_G","Defend_G","Strike_G+1","Strike_G","Strike_G+1","Strike_G","Survivor","Neutralize+1","Deflect","Footwork+1","Well Laid Plans","Footwork","Blur+1"],"relics":["Ring of the Snake","Tiny Chest","Ornamental Fan","PreservedInsect"],"potions_floor_usage":[10,16,16],"damage_taken":[{"damage":0,"enemies":"Small Slimes","floor":1,"turns":4},{"damage":0,"enemies":"2 Louse","floor":2,"turns":4},{"damage":1,"enemies":"Cultist","floor":3,"turns":6},{"damage":0,"enemies":"Looter","floor":5,"turns":4},{"damage":0,"enemies":"Exordium Wildlife","floor":7,"turns":6},{"damage":0,"enemies":"3 Sentries","floor":10,"turns":15},{"damage":0,"enemies":"Lagavulin","floor":12,"turns":9},{"damage":0,"enemies":"Large Slime","floor":13,"turns":9},{"damage":1,"enemies":"Exordium Thugs","floor":14,"turns":10},{"damage":64,"enemies":"Hexaghost","floor":16,"turns":21}],"seed_played":"7338871748284844373","potions_obtained":[{"floor":1,"key":"Energy Potion"},{"floor":7,"key":"Fire Potion"},{"floor":10,"key":"EssenceOfSteel"},{"floor":13,"key":"GamblersBrew"}],"is_trial":false,"path_per_floor":["M","M","M","$","M","R","M","R","T","E","?","E","M","M","R","B"],"character_chosen":"THE_SILENT","items_purchased":["Footwork"],"campfire_rested":0,"item_purchase_floors":[4],"current_hp_per_floor":[70,70,69,69,69,69,69,69,69,69,55,55,55,54,54,0],"gold":195,"neow_bonus":"REMOVE_CARD","is_prod":false,"is_daily":false,"chose_seed":false,"campfire_upgraded":3,"win_rate":0,"timestamp":1544359264,"path_taken":["M","M","M","$","M","R","M","R","T","E","?","E","M","M","R","BOSS"],"build_version":"2018-12-06","purchased_purges":1,"victory":false,"max_hp_per_floor":[70,70,70,70,70,70,70,70,70,70,70,70,70,70,70,70],"card_choices":[{"not_picked":["Deadly Poison","Distraction"],"picked":"Deflect","floor":1},{"not_picked":["Dagger Throw","Sucker Punch","Endless Agony"],"picked":"SKIP","floor":2},{"not_picked":["Sucker Punch","Bane","Storm of Steel"],"picked":"SKIP","floor":3},{"not_picked":["Deflect","Underhanded Strike"],"picked":"Well Laid Plans","floor":5},{"not_picked":["Backflip","Deflect"],"picked":"Footwork","floor":7},{"not_picked":["Concentrate","Blade Dance"],"picked":"Blur","floor":10},{"not_picked":["Slice","Well Laid Plans","Unload"],"picked":"SKIP","floor":12},{"not_picked":["Underhanded Strike","All Out Attack","Masterful Stab"],"picked":"SKIP","floor":13},{"not_picked":["PiercingWail","Dagger Spray","Flechettes"],"picked":"SKIP","floor":14}],"player_experience":472895,"relics_obtained":[{"floor":9,"key":"Tiny Chest"},{"floor":10,"key":"Ornamental Fan"},{"floor":12,"key":"PreservedInsect"}],"event_choices":[{"damage_healed":0,"gold_gain":0,"player_choice":"Entered Light","damage_taken":14,"max_hp_gain":0,"max_hp_loss":0,"event_name":"Shining Light","floor":11,"gold_loss":0,"cards_upgraded":["Strike_G","Strike_G"]}],"is_beta":false,"boss_relics":[],"items_purged_floors":[4],"is_endless":false,"potions_floor_spawned":[1,7,10,13],"killed_by":"Hexaghost","ascension_level":1}