{"gold_per_floor":[117,129,148,98,108,138,138,148,227,227,227,244,244],"floor_reached":13,"playtime":682,"items_purged":[],"score":122,"play_id":"90a8eb58-5eb7-412c-8cb7-3b0526ad9c03","local_time":"20180702190152","is_ascension_mode":true,"campfire_choices":[{"floor":7,"key":"REST"},{"data":"Melter","floor":10,"key":"SMITH"}],"neow_cost":"NONE","seed_source_timestamp":214694273895427,"circlet_count":0,"master_deck":["Strike_B","Strike_B","Strike_B","Defend_B","Defend_B+1","Defend_B","Defend_B","Zap","Dualcast","Auto Shields","Reinforced Body","Melter+1","Defragment+1","Conserve Battery","Sweeping Beam"],"relics":["Orrery","Happy Flower","Blue Candle"],"potions_floor_usage":[6,6,6],"damage_taken":[{"damage":0,"enemies":"Cultist","floor":1,"turns":3},{"damage":8,"enemies":"Small Slimes","floor":2,"turns":4},{"damage":0,"enemies":"2 Louse","floor":3,"turns":2},{"damage":46,"enemies":"Exordium Thugs","floor":5,"turns":8},{"damage":9,"enemies":"3 Sentries","floor":6,"turns":6},{"damage":3,"enemies":"2 Fungi Beasts","floor":8,"turns":4},{"damage":2,"enemies":"Exordium Wildlife","floor":12,"turns":6},{"damage":9,"enemies":"Large Slime","floor":13,"turns":6}],"seed_played":"2278169009253456166","potions_obtained":[{"floor":2,"key":"SteroidPotion"},{"floor":3,"key":"FocusPotion"},{"floor":5,"key":"Explosive Potion"},{"floor":8,"key":"LiquidBronze"}],"is_trial":false,"path_per_floor":["M","M","M","?","M","E","R","M","T","R","?","M"],"character_chosen":"DEFECT","items_purchased":[],"campfire_rested":1,"item_purchase_floors":[],"current_hp_per_floor":[68,60,60,60,14,5,27,24,24,24,9,7,0],"gold":244,"neow_bonus":"BOSS_RELIC","is_prod":false,"is_daily":false,"chose_seed":false,"campfire_upgraded":1,"win_rate":0,"timestamp":1530572512,"path_taken":["M","M","?","?","M","E","R","M","T","R","?","M","?"],"build_version":"2018-06-28","purchased_purges":0,"victory":false,"max_hp_per_floor":[75,75,75,75,75,75,75,75,75,75,75,75,75],"card_choices":[{"not_picked":["Conserve Battery","Sweeping Beam"],"picked":"Auto Shields","floor":0},{"not_picked":["Leap","Force Field"],"picked":"Reinforced Body","floor":0},{"not_picked":["Hello World","Barrage"],"picked":"Melter","floor":0},{"not_picked":["Chill","Ball Lightning"],"picked":"Defragment","floor":0},{"not_picked":["Capacitor","Compile Driver"],"picked":"Conserve Battery","floor":1},{"not_picked":["Reinforced Body","Aggregate","Consume"],"picked":"SKIP","floor":2},{"not_picked":["Undo","Steam Power","Auto Shields"],"picked":"SKIP","floor":3},{"not_picked":["Double Energy","Reinforced Body","Static Discharge"],"picked":"SKIP","floor":5},{"not_picked":["Fission","Darkness","Steam Power"],"picked":"SKIP","floor":6},{"not_picked":["Barrage","Reinforced Body","Defragment"],"picked":"SKIP","floor":8},{"not_picked":["Compile Driver","Barrage"],"picked":"Sweeping Beam","floor":12}],"player_experience":359740,"relics_obtained":[{"floor":6,"key":"Happy Flower"},{"floor":9,"key":"Blue Candle"}],"event_choices":[{"event_name":"The Cleric","player_choice":"Card Removal","floor":4,"damage_taken":0},{"event_name":"Shining Light","player_choice":"Entered Light","floor":11,"damage_taken":0}],"boss_relics":[],"items_purged_floors":[],"is_endless":false,"potions_floor_spawned":[2,3,5,8],"killed_by":"Large Slime","ascension_level":8}