{"gold_per_floor":[115,115,132,132,148,173,189,200,268,288,288,302,321,337,337,440,440,456,456,471,471,491,491,491,491],"floor_reached":25,"playtime":1379,"items_purged":[],"score":229,"play_id":"a4a8e23e-102a-4c11-ae83-e1966709a15a","local_time":"20190115134101","is_ascension_mode":false,"campfire_choices":[{"floor":11,"key":"REST"},{"floor":15,"key":"REST"},{"floor":24,"key":"REST"}],"neow_cost":"NONE","seed_source_timestamp":502630434974009,"circlet_count":0,"master_deck":["Defend_G","Defend_G","Defend_G","Defend_G","Defend_G","Strike_G","Strike_G+1","Strike_G","Strike_G+1","Strike_G","Survivor","Neutralize","Infinite Blades+1","Flying Knee","Masterful Stab","Deflect","Dagger Throw","Outmaneuver","Poisoned Stab","Poisoned Stab","Cloak And Dagger","Envenom","Masterful Stab","Necronomicurse","Backstab","Acrobatics","Backflip+1"],"relics":["Ring of the Snake","Pocketwatch","Letter Opener","White Beast Statue","Necronomicon"],"potions_floor_usage":[16,22,22,23,23],"damage_taken":[{"damage":0,"enemies":"Small Slimes","floor":1,"turns":4},{"damage":3,"enemies":"Jaw Worm","floor":3,"turns":4},{"damage":0,"enemies":"Cultist","floor":5,"turns":4},{"damage":17,"enemies":"Gremlin Nob","floor":6,"turns":4},{"damage":4,"enemies":"Exordium Wildlife","floor":7,"turns":4},{"damage":1,"enemies":"Looter","floor":8,"turns":3},{"damage":4,"enemies":"Gremlin Gang","floor":10,"turns":4},{"damage":2,"enemies":"Lots of Slimes","floor":12,"turns":3},{"damage":2,"enemies":"Exordium Wildlife","floor":13,"turns":3},{"damage":3,"enemies":"Red Slaver","floor":14,"turns":3},{"damage":11,"enemies":"Slime Boss","floor":16,"turns":10},{"damage":4,"enemies":"3 Byrds","floor":18,"turns":6},{"damage":0,"enemies":"Chosen","floor":20,"turns":4},{"damage":4,"enemies":"Snake Plant","floor":22,"turns":5},{"damage":35,"enemies":"Book of Stabbing","floor":23,"turns":6},{"damage":43,"enemies":"Slavers","floor":25,"turns":3}],"seed_played":"730448629827012694","potions_obtained":[{"floor":1,"key":"Dexterity Potion"},{"floor":3,"key":"Ancient Potion"},{"floor":12,"key":"SteroidPotion"},{"floor":18,"key":"Block Potion"},{"floor":20,"key":"Strength Potion"},{"floor":22,"key":"SmokeBomb"}],"is_trial":false,"path_per_floor":["M","?","M","?","M","E","M","M","T","M","R","M","M","M","R","B",null,"M","?","M","?","M","E","R","E"],"character_chosen":"THE_SILENT","items_purchased":[],"campfire_rested":3,"item_purchase_floors":[],"current_hp_per_floor":[77,62,59,59,59,42,38,37,37,33,56,54,52,49,72,61,77,73,57,57,57,53,18,41,0],"gold":491,"neow_bonus":"TEN_PERCENT_HP_BONUS","is_prod":false,"is_daily":false,"chose_seed":false,"campfire_upgraded":0,"win_rate":0.0,"timestamp":1547577661,"path_taken":["M","?","M","?","M","E","M","M","T","?","R","M","M","M","R","BOSS","M","?","M","?","?","E","R","E"],"build_version":"2019-01-10","purchased_purges":0,"victory":false,"max_hp_per_floor":[77,77,77,77,77,77,77,77,77,77,77,77,77,77,77,77,77,77,77,77,77,77,77,77,77],"card_choices":[{"not_picked":["All Out Attack","Backflip"],"picked":"Infinite Blades","floor":1},{"not_picked":["Backflip","Sucker Punch"],"picked":"Flying Knee","floor":3},{"not_picked":["All Out Attack","Slice"],"picked":"Masterful Stab","floor":5},{"not_picked":["Heel Hook","Caltrops"],"picked":"Deflect","floor":6},{"not_picked":["Blade Dance","Sucker Punch"],"picked":"Dagger Throw","floor":7},{"not_picked":["Dagger Throw","Blade Dance"],"picked":"Outmaneuver","floor":8},{"not_picked":["Dagger Throw","Dodge and Roll"],"picked":"Poisoned Stab","floor":10},{"not_picked":["Blade Dance","Outmaneuver","Bouncing Flask"],"picked":"SKIP","floor":12},{"not_picked":["Tactician","Quick Slash"],"picked":"Poisoned Stab","floor":13},{"not_picked":["Storm of Steel","Endless Agony"],"picked":"Cloak And Dagger","floor":14},{"not_picked":["A Thousand Cuts","Night Terror"],"picked":"Envenom","floor":16},{"not_picked":["Flying Knee","Acrobatics"],"picked":"Masterful Stab","floor":18},{"not_picked":["Slice+1","Crippling Poison+1"],"picked":"Backstab","floor":20},{"not_picked":["Dash","Dodge and Roll"],"picked":"Backflip+1","floor":22}],"player_experience":59433,"relics_obtained":[{"floor":6,"key":"Pocketwatch"},{"floor":9,"key":"Letter Opener"},{"floor":19,"key":"Necronomicon"}],"event_choices":[{"damage_healed":0,"gold_gain":0,"player_choice":"Entered Light","damage_taken":15,"max_hp_gain":0,"max_hp_loss":0,"event_name":"Shining Light","floor":2,"gold_loss":0,"cards_upgraded":["Strike_G","Strike_G"]},{"damage_healed":0,"gold_gain":0,"player_choice":"Forge","damage_taken":0,"max_hp_gain":0,"max_hp_loss":0,"event_name":"Accursed Blacksmith","floor":4,"gold_loss":0,"cards_upgraded":["Infinite Blades"]},{"damage_healed":0,"gold_gain":0,"player_choice":"Obtained Book","damage_taken":16,"max_hp_gain":0,"max_hp_loss":0,"event_name":"Cursed Tome","floor":19,"gold_loss":0},{"damage_healed":0,"gold_gain":0,"player_choice":"1 cards matched","damage_taken":0,"max_hp_gain":0,"max_hp_loss":0,"event_name":"Match and Keep!","floor":21,"gold_loss":0,"cards_obtained":["Acrobatics"]}],"is_beta":false,"boss_relics":[{"not_picked":["Velvet Choker","Runic Dome"],"picked":"White Beast Statue"}],"items_purged_floors":[],"is_endless":false,"potions_floor_spawned":[1,3,12,18,20,22,23],"killed_by":"Slavers","ascension_level":0}