{"gold_per_floor":[119,79,98,16,32,32,59,59,128,128],"floor_reached":10,"playtime":408,"items_purged":[],"score":99,"play_id":"4e91cf05-e8a8-40a3-910f-853b2efa824a","local_time":"20190223223242","is_ascension_mode":true,"campfire_choices":[{"data":"Well Laid Plans","floor":6,"key":"SMITH"}],"neow_cost":"NONE","seed_source_timestamp":943935378963340,"circlet_count":0,"master_deck":["AscendersBane","Defend_G","Defend_G","Defend_G","Defend_G","Defend_G","Strike_G","Strike_G","Strike_G","Strike_G","Strike_G","Survivor","Neutralize","Dagger Spray","Backflip","Well Laid Plans+1","Blur","Backflip"],"relics":["Ring of the Snake","Bronze Scales","Smiling Mask","Paper Crane"],"potions_floor_usage":[7,7,7,10],"damage_taken":[{"damage":1,"enemies":"Cultist","floor":1,"turns":3},{"damage":0,"enemies":"2 Louse","floor":3,"turns":3},{"damage":0,"enemies":"Small Slimes","floor":5,"turns":4},{"damage":33,"enemies":"Gremlin Nob","floor":7,"turns":6},{"damage":21,"enemies":"Lagavulin","floor":10,"turns":8}],"seed_played":"-5570107529713173779","potions_obtained":[{"floor":2,"key":"LiquidBronze"},{"floor":2,"key":"EntropicBrew"},{"floor":2,"key":"SmokeBomb"},{"floor":7,"key":"Ancient Potion"}],"is_trial":false,"path_per_floor":["M","?","M","$","M","R","E","?","T","E"],"character_chosen":"THE_SILENT","items_purchased":["Well Laid Plans"],"campfire_rested":0,"item_purchase_floors":[4],"current_hp_per_floor":[62,62,62,62,62,62,29,17,17,0],"gold":128,"neow_bonus":"RANDOM_COMMON_RELIC","is_prod":false,"is_daily":false,"chose_seed":false,"campfire_upgraded":1,"win_rate":0,"timestamp":1550979162,"path_taken":["M","?","M","?","M","R","E","?","T","E"],"build_version":"2019-01-23","purchased_purges":0,"victory":false,"max_hp_per_floor":[70,70,70,70,70,70,70,70,70,70],"card_choices":[{"not_picked":["Deflect","Blade Dance"],"picked":"Dagger Spray","floor":1},{"not_picked":["Flechettes","Finisher"],"picked":"Backflip","floor":3},{"not_picked":["Sucker Punch","Choke"],"picked":"Blur","floor":5},{"not_picked":["Distraction","Infinite Blades"],"picked":"Backflip","floor":7}],"player_experience":352682,"relics_obtained":[{"floor":7,"key":"Smiling Mask"}],"event_choices":[{"damage_healed":0,"gold_gain":0,"player_choice":"Bought 3 Potions","damage_taken":0,"max_hp_gain":0,"max_hp_loss":0,"event_name":"The Woman in Blue","floor":2,"gold_loss":0},{"damage_healed":0,"gold_gain":0,"player_choice":"Success","damage_taken":12,"relics_obtained":["Paper Crane"],"max_hp_gain":0,"max_hp_loss":0,"event_name":"Scrap Ooze","floor":8,"gold_loss":0}],"is_beta":false,"boss_relics":[],"items_purged_floors":[],"is_endless":false,"potions_floor_spawned":[7],"killed_by":"Lagavulin","ascension_level":10}