{"gold_per_floor":[109,128,128,138,148,173,183,183,183,183,194,204,264,275,275,373,373,393,403,421,26,126,126,141,141,141,141,161,180,193,205,205,310,310,328,79,92,107,107,107,125,158,183,196,223,238,113,113],"floor_reached":48,"playtime":3113,"items_purged":["Defend_G","Strike_G","Decay"],"score":529,"play_id":"1291ce17-4838-45ab-a1b3-f0d55dddec9a","local_time":"20190115102455","is_ascension_mode":false,"campfire_choices":[{"floor":8,"key":"REST"},{"floor":10,"key":"REST"},{"data":"Infinite Blades","floor":15,"key":"SMITH"},{"floor":23,"key":"REST"},{"data":"Cloak And Dagger","floor":25,"key":"SMITH"},{"data":"Riddle With Holes","floor":27,"key":"SMITH"},{"floor":32,"key":"REST"},{"floor":40,"key":"REST"}],"neow_cost":"NONE","seed_source_timestamp":489118705453796,"circlet_count":0,"master_deck":["Defend_G+1","Defend_G","Defend_G","Strike_G+1","Strike_G","Strike_G","Strike_G","Survivor+1","Neutralize+1","Heel Hook","Blade Dance","Slice","Flying Knee","Infinite Blades+1","Backstab","Dagger Throw","Die Die Die","PiercingWail","Riddle With Holes+1","Cloak And Dagger+1","Slice","Dagger Spray","Slice","Slice","Backstab+1","Slice","After Image","Quick Slash+1","Blade Dance+1","Sucker Punch+1","Dagger Spray+1","Deflect+1","Blade Dance+1","Endless Agony"],"relics":["Ring of the Serpent","Whetstone","Mango","Shuriken","Paper Crane","Vajra","Blood Vial","Question Card","Runic Pyramid","War Paint","Potion Belt","Anchor","Bag of Preparation"],"potions_floor_usage":[16,19,33,33,33,41,48],"damage_taken":[{"damage":6,"enemies":"Small Slimes","floor":1,"turns":3},{"damage":4,"enemies":"Jaw Worm","floor":2,"turns":5},{"damage":1,"enemies":"Cultist","floor":4,"turns":4},{"damage":7,"enemies":"Exordium Thugs","floor":5,"turns":4},{"damage":23,"enemies":"Lagavulin","floor":6,"turns":7},{"damage":8,"enemies":"Gremlin Gang","floor":7,"turns":6},{"damage":2,"enemies":"2 Fungi Beasts","floor":11,"turns":2},{"damage":4,"enemies":"Exordium Wildlife","floor":12,"turns":5},{"damage":14,"enemies":"Lagavulin Event","floor":13,"turns":5},{"damage":1,"enemies":"Looter","floor":14,"turns":2},{"damage":12,"enemies":"Hexaghost","floor":16,"turns":6},{"damage":10,"enemies":"Shell Parasite","floor":18,"turns":4},{"damage":0,"enemies":"Spheric Guardian","floor":19,"turns":3},{"damage":17,"enemies":"3 Cultists","floor":20,"turns":4},{"damage":11,"enemies":"Centurion and Healer","floor":24,"turns":4},{"damage":10,"enemies":"Cultist and Chosen","floor":28,"turns":3},{"damage":9,"enemies":"Snecko","floor":29,"turns":4},{"damage":9,"enemies":"Centurion and Healer","floor":30,"turns":4},{"damage":13,"enemies":"Sentry and Sphere","floor":31,"turns":4},{"damage":45,"enemies":"Champ","floor":33,"turns":6},{"damage":24,"enemies":"3 Shapes","floor":35,"turns":3},{"damage":6,"enemies":"Orb Walker","floor":37,"turns":2},{"damage":19,"enemies":"Jaw Worm Horde","floor":38,"turns":3},{"damage":10,"enemies":"Spire Growth","floor":41,"turns":4},{"damage":32,"enemies":"Giant Head","floor":42,"turns":7},{"damage":5,"enemies":"Maw","floor":44,"turns":6},{"damage":8,"enemies":"Reptomancer","floor":45,"turns":4},{"damage":18,"enemies":"Sphere and 2 Shapes","floor":46,"turns":3},{"damage":3,"enemies":"4 Shapes","floor":48,"turns":2}],"seed_played":"-6360383236882032028","potions_obtained":[{"floor":1,"key":"Energy Potion"},{"floor":4,"key":"Regen Potion"},{"floor":5,"key":"Weak Potion"},{"floor":12,"key":"FearPotion"},{"floor":18,"key":"SteroidPotion"},{"floor":28,"key":"Ancient Potion"},{"floor":30,"key":"Regen Potion"},{"floor":33,"key":"Weak Potion"},{"floor":42,"key":"Strength Potion"},{"floor":44,"key":"Swift Potion"},{"floor":46,"key":"GamblersBrew"}],"is_trial":false,"path_per_floor":["M","M","?","M","M","E","M","R","T","R","M","M","?","M","R","B",null,"M","M","M","$","?","R","M","R","T","R","M","M","M","M","R","B",null,"M","$","M","M","?","R","M","E","T","M","E","M","$","M"],"character_chosen":"THE_SILENT","items_purchased":["Slice","Vajra","Blood Vial","War Paint"],"campfire_rested":5,"item_purchase_floors":[21,21,21,36],"current_hp_per_floor":[64,60,60,59,52,43,35,60,60,84,82,78,64,63,63,51,84,74,74,57,57,57,82,73,73,73,73,65,58,51,40,65,37,84,60,60,56,39,39,64,56,26,26,23,17,1,1,0],"gold":113,"neow_bonus":"RANDOM_COMMON_RELIC","is_prod":false,"is_daily":false,"chose_seed":false,"campfire_upgraded":3,"win_rate":0.0,"timestamp":1547565895,"path_taken":["M","M","?","M","M","E","M","R","T","R","M","M","?","M","R","BOSS","M","M","M","$","?","R","M","R","T","R","M","M","?","M","R","BOSS","M","$","M","M","?","R","M","E","T","M","E","M","$","M"],"build_version":"2019-01-10","purchased_purges":3,"victory":false,"max_hp_per_floor":[70,70,70,70,70,84,84,84,84,84,84,84,84,84,84,84,84,84,84,84,84,84,84,84,84,84,84,84,84,84,84,84,84,84,84,84,84,84,84,84,84,84,84,84,84,84,84,84],"card_choices":[{"not_picked":["Expertise","Masterful Stab"],"picked":"Heel Hook","floor":1},{"not_picked":["Noxious Fumes","Masterful Stab","Deadly Poison"],"picked":"SKIP","floor":2},{"not_picked":["Deadly Poison","Noxious Fumes","Underhanded Strike"],"picked":"SKIP","floor":4},{"not_picked":["Heel Hook","Blade Dance"],"picked":"Slice","floor":5},{"not_picked":["Blur","Blade Dance","Caltrops"],"picked":"SKIP","floor":6},{"not_picked":["Prepared","Expertise"],"picked":"Flying Knee","floor":7},{"not_picked":["Blade Dance","Skewer"],"picked":"Infinite Blades","floor":11},{"not_picked":["Dagger Throw","Dodge and Roll"],"picked":"Backstab","floor":12},{"not_picked":["Catalyst","Expertise"],"picked":"Dagger Throw","floor":14},{"not_picked":["Phantasmal Killer","Corpse Explosion"],"picked":"Die Die Die","floor":16},{"not_picked":["Footwork","Dagger Spray"],"picked":"PiercingWail","floor":18},{"not_picked":["Dagger Throw","Blade Dance"],"picked":"Riddle With Holes","floor":19},{"not_picked":["Bane+1","All Out Attack"],"picked":"Cloak And Dagger","floor":20},{"not_picked":["Underhanded Strike","Acrobatics"],"picked":"Dagger Spray","floor":24},{"not_picked":["Flechettes+1","Outmaneuver","Footwork+1"],"picked":"Slice","floor":28},{"not_picked":["Backflip+1","Reflex","Catalyst"],"picked":"Slice","floor":29},{"not_picked":["Cloak And Dagger","Die Die Die","Underhanded Strike"],"picked":"Backstab+1","floor":30},{"not_picked":["Acrobatics+1","Dodge and Roll","Flying Knee+1"],"picked":"Slice","floor":31},{"not_picked":["Doppelganger","A Thousand Cuts","Storm of Steel"],"picked":"After Image","floor":33},{"not_picked":["Dagger Throw","Prepared+1","Bane+1"],"picked":"Quick Slash+1","floor":35},{"not_picked":["Tactician+1","Quick Slash+1","Poisoned Stab+1"],"picked":"Blade Dance+1","floor":37},{"not_picked":["Predator+1","Underhanded Strike+1","Prepared","Flechettes"],"picked":"SKIP","floor":38},{"not_picked":["Noxious Fumes+1","Slice+1","Masterful Stab"],"picked":"Sucker Punch+1","floor":41},{"not_picked":["Blade Dance+1","Bane","All Out Attack"],"picked":"Dagger Spray+1","floor":42},{"not_picked":["Bane+1","Wraith Form v2","Dagger Throw"],"picked":"Deflect+1","floor":44},{"not_picked":["Reflex+1","Slice","Noxious Fumes+1"],"picked":"Blade Dance+1","floor":45},{"not_picked":["Dodge and Roll+1","Backflip+1","Deadly Poison+1"],"picked":"Endless Agony","floor":46}],"player_experience":46644,"relics_obtained":[{"floor":6,"key":"Mango"},{"floor":9,"key":"Shuriken"},{"floor":13,"key":"Paper Crane"},{"floor":26,"key":"Question Card"},{"floor":42,"key":"Potion Belt"},{"floor":43,"key":"Anchor"},{"floor":45,"key":"Bag of Preparation"}],"event_choices":[{"damage_healed":0,"gold_gain":0,"cards_transformed":["Defend_G"],"player_choice":"Change","damage_taken":0,"max_hp_gain":0,"max_hp_loss":0,"event_name":"Living Wall","floor":3,"gold_loss":0,"cards_obtained":["Blade Dance"]},{"damage_healed":0,"gold_gain":0,"player_choice":"Searched \u00271\u0027 times","damage_taken":0,"max_hp_gain":0,"max_hp_loss":0,"event_name":"Dead Adventurer","floor":13,"gold_loss":0},{"damage_healed":0,"gold_gain":100,"player_choice":"Pray","damage_taken":0,"max_hp_gain":0,"max_hp_loss":0,"event_name":"Golden Shrine","floor":22,"gold_loss":0},{"damage_healed":0,"gold_gain":0,"player_choice":"Cursed","damage_taken":0,"max_hp_gain":0,"max_hp_loss":0,"event_name":"Wheel of Change","floor":39,"gold_loss":0,"cards_obtained":["Decay"]}],"is_beta":false,"boss_relics":[{"not_picked":["Calling Bell","Coffee Dripper"],"picked":"Ring of the Serpent"},{"not_picked":["Eternal Feather","Lizard Tail"],"picked":"Runic Pyramid"}],"items_purged_floors":[21,36,47],"is_endless":false,"potions_floor_spawned":[1,4,5,7,12,18,28,30,33,42,44,46],"killed_by":"4 Shapes","ascension_level":0}