{"gold_per_floor":[118,118,118,132,150,177,177,177,177,193,208,243,243,255,255,354,354,324,338,263,276,286,286,319,319,319,333,333,23,38,137,137,237,237,253,253,32,47,65,65,80,80,80,80,80,80,80,97,97,97],"floor_reached":51,"playtime":3502,"items_purged":["Pain"],"score":904,"play_id":"2ec62b5c-2aef-4e2c-bae4-849054b4247f","local_time":"20180628200420","is_ascension_mode":false,"campfire_choices":[{"floor":8,"key":"REST"},{"data":"Bouncing Flask","floor":15,"key":"SMITH"},{"floor":23,"key":"REST"},{"floor":25,"key":"REST"},{"floor":32,"key":"REST"},{"floor":40,"key":"REST"},{"floor":44,"key":"REST"},{"data":"Distraction","floor":46,"key":"SMITH"},{"data":"Catalyst","floor":49,"key":"SMITH"}],"neow_cost":"","seed_source_timestamp":324047358931954,"circlet_count":0,"master_deck":["Defend_G","Defend_G","Defend_G","Defend_G","Defend_G","Strike_G","Strike_G","Strike_G","Survivor","Neutralize","Cloak And Dagger","Deadly Poison","Terror+1","Dash","Footwork+1","Poisoned Stab","Bouncing Flask+1","Distraction+1","After Image+1","Catalyst+1","Outmaneuver+1","Bane+1","Backstab","Noxious Fumes+1","Tactician","After Image+1","Normality","Clumsy","Distraction+1","Outmaneuver+1","Crippling Poison+1","Madness","Madness"],"relics":["Ring of the Snake","Frozen Egg 2","Happy Flower","Mango","Kunai","Eternal Feather","Gremlin Horn","Dodecahedron","Mercury Hourglass","Calling Bell","Art of War","Meat on the Bone","Du-Vu Doll","Gambling Chip","Omamori","Tough Bandages"],"potions_floor_usage":[16,19,19,24,24,24,39,50,50],"damage_taken":[{"damage":1,"enemies":"Jaw Worm","floor":1,"turns":5},{"damage":4,"enemies":"Cultist","floor":4,"turns":6},{"damage":0,"enemies":"Small Slimes","floor":5,"turns":4},{"damage":14,"enemies":"3 Sentries","floor":6,"turns":12},{"damage":7,"enemies":"Exordium Wildlife","floor":10,"turns":7},{"damage":0,"enemies":"3 Louse","floor":11,"turns":4},{"damage":0,"enemies":"Lagavulin","floor":12,"turns":7},{"damage":5,"enemies":"Exordium Thugs","floor":14,"turns":5},{"damage":30,"enemies":"Slime Boss","floor":16,"turns":10},{"damage":18,"enemies":"2 Thieves","floor":18,"turns":5},{"damage":0,"enemies":"3 Byrds","floor":19,"turns":4},{"damage":14,"enemies":"Sentry and Sphere","floor":21,"turns":6},{"damage":12,"enemies":"Centurion and Healer","floor":22,"turns":8},{"damage":53,"enemies":"Slavers","floor":24,"turns":12},{"damage":26,"enemies":"Slaver and Parasite","floor":27,"turns":7},{"damage":10,"enemies":"Snecko","floor":30,"turns":5},{"damage":36,"enemies":"Automaton","floor":33,"turns":11},{"damage":22,"enemies":"3 Darklings","floor":35,"turns":6},{"damage":24,"floor":36,"turns":8},{"damage":13,"enemies":"Orb Walker","floor":38,"turns":6},{"damage":35,"enemies":"Maw","floor":39,"turns":7},{"damage":19,"enemies":"3 Darklings","floor":41,"turns":7},{"damage":0,"enemies":"4 Shapes","floor":48,"turns":4},{"damage":60,"enemies":"Time Eater","floor":50,"turns":9}],"seed_played":"5775062142854948891","potions_obtained":[{"floor":4,"key":"FearPotion"},{"floor":10,"key":"AttackPotion"},{"floor":11,"key":"EssenceOfSteel"},{"floor":12,"key":"LiquidBronze"},{"floor":18,"key":"Poison Potion"},{"floor":19,"key":"Block Potion"},{"floor":21,"key":"Dexterity Potion"},{"floor":33,"key":"SpeedPotion"},{"floor":36,"key":"AttackPotion"},{"floor":48,"key":"Poison Potion"}],"is_trial":false,"path_per_floor":["M","?","?","M","M","E","?","R","T","M","M","E","?","M","R","B",null,"M","M","?","M","M","R","E","R","T","M","?","$","M","?","R","B",null,"M","?","$","M","M","R","M","?","T","R","?","R","?","M","R","B"],"character_chosen":"THE_SILENT","items_purchased":["Mercury Hourglass","Noxious Fumes+1","Omamori"],"campfire_rested":6,"item_purchase_floors":[29,29,37],"current_hp_per_floor":[69,69,62,58,58,44,44,65,65,58,58,72,72,67,67,37,84,66,66,66,52,40,73,20,53,53,27,27,27,17,17,52,16,84,62,50,50,49,26,63,44,44,44,81,70,82,82,82,84,36],"gold":97,"neow_bonus":"","is_prod":false,"is_daily":false,"chose_seed":false,"campfire_upgraded":3,"win_rate":0.0,"timestamp":1530245060,"path_taken":["M","?","?","?","M","E","?","R","T","M","?","E","?","M","R","BOSS","M","M","?","M","M","R","E","R","T","M","?","$","M","?","R","BOSS","M","?","$","?","M","R","M","?","T","R","?","R","?","M","R","BOSS"],"build_version":"2018-06-28","purchased_purges":1,"victory":true,"max_hp_per_floor":[70,70,70,70,70,70,70,70,70,70,70,84,84,84,84,84,84,84,84,84,84,84,84,84,84,84,84,84,84,84,84,84,84,84,84,84,84,84,84,84,84,84,84,84,84,84,84,84,84,84],"card_choices":[{"not_picked":["Dagger Throw","Eviscerate"],"picked":"Cloak And Dagger","floor":1},{"not_picked":["Bane","Backflip"],"picked":"Deadly Poison","floor":4},{"not_picked":["Infinite Blades","Dodge and Roll"],"picked":"Terror","floor":5},{"not_picked":["Dodge and Roll","Deflect"],"picked":"Dash","floor":6},{"not_picked":["Leg Sweep","Escape Plan"],"picked":"Footwork+1","floor":10},{"not_picked":["Well Laid Plans+1","Expertise"],"picked":"Poisoned Stab","floor":11},{"not_picked":["Setup","Footwork+1"],"picked":"Bouncing Flask","floor":12},{"not_picked":["Bane","Quick Slash"],"picked":"Distraction","floor":14},{"not_picked":["Phantasmal Killer","Tactician"],"picked":"After Image+1","floor":16},{"not_picked":["Prepared","Cloak And Dagger"],"picked":"Catalyst","floor":18},{"not_picked":["Quick Slash","Underhanded Strike","Choke"],"picked":"SKIP","floor":19},{"not_picked":["Setup","Sucker Punch"],"picked":"Flechettes","floor":21},{"not_picked":["Slice","Flechettes"],"picked":"Outmaneuver+1","floor":22},{"not_picked":["Riddle With Holes+1","Dagger Throw"],"picked":"Bane+1","floor":24},{"not_picked":["Dagger Spray","Masterful Stab"],"picked":"Backstab","floor":27},{"not_picked":["Bane","Terror"],"picked":"Tactician","floor":30},{"not_picked":["Venomology","Burst"],"picked":"After Image+1","floor":33},{"not_picked":["Dagger Throw","Slice","Poisoned Stab"],"picked":"SKIP","floor":35},{"not_picked":["Finisher","Dagger Throw+1"],"picked":"Distraction+1","floor":36},{"not_picked":["Masterful Stab+1","Dagger Spray+1"],"picked":"Outmaneuver+1","floor":38},{"not_picked":["PiercingWail+1","Terror"],"picked":"Endless Agony","floor":39},{"not_picked":["Noxious Fumes+1","Outmaneuver+1"],"picked":"Crippling Poison+1","floor":41},{"not_picked":["Predator+1","Escape Plan+1","Slice"],"picked":"SKIP","floor":48}],"player_experience":289908,"relics_obtained":[{"floor":6,"key":"Frozen Egg 2"},{"floor":9,"key":"Happy Flower"},{"floor":12,"key":"Mango"},{"floor":24,"key":"Gremlin Horn"},{"floor":26,"key":"Dodecahedron"},{"floor":34,"key":"Art of War"},{"floor":34,"key":"Meat on the Bone"},{"floor":34,"key":"Du-Vu Doll"},{"floor":36,"key":"Gambling Chip"},{"floor":43,"key":"Tough Bandages"}],"event_choices":[{"event_name":"Bonfire Elementals","player_choice":"BASIC","floor":2,"damage_taken":0},{"event_name":"Golden Wing","player_choice":"Card Removal","floor":3,"damage_taken":0},{"event_name":"Upgrade Shrine","player_choice":"Upgraded","floor":7,"damage_taken":0},{"event_name":"Big Fish","player_choice":"Box","floor":13,"damage_taken":0},{"event_name":"Beggar","player_choice":"Gave Gold","floor":20,"damage_taken":0},{"event_name":"Purifier","player_choice":"One Purge","floor":28,"damage_taken":0},{"event_name":"Nest","player_choice":"Stole From Cult","floor":31,"damage_taken":0},{"event_name":"MindBloom","player_choice":"Fight","floor":36,"damage_taken":0},{"event_name":"Mysterious Sphere","player_choice":"Ignore","floor":42,"damage_taken":0},{"event_name":"Winding Halls","player_choice":"Embrace Madness","floor":45,"damage_taken":0},{"event_name":"Falling","player_choice":"Removed Attack","floor":47,"damage_taken":0}],"boss_relics":[{"not_picked":["Fusion Hammer","Empty Cage"],"picked":"Eternal Feather"},{"not_picked":["Snecko Eye","Runic Dome"],"picked":"Calling Bell"}],"items_purged_floors":[37],"is_endless":false,"potions_floor_spawned":[4,10,11,12,18,19,21,33,36,48],"ascension_level":0}