{"gold_per_floor":[118,136,155,169,188,213,213,247,271,299,312,312,326,326,326,431,431,442,453,463,388,25,25,51,64,88,88,105,115,15,34,34,34],"floor_reached":33,"playtime":1406,"items_purged":["Strike_B","Strike_B"],"score":440,"play_id":"00b4772b-9009-44f0-817f-7f61f54b3ff8","local_time":"20180707102445","is_ascension_mode":true,"campfire_choices":[{"data":"Hyperbeam","floor":7,"key":"SMITH"},{"floor":15,"key":"REST"},{"data":"Turbo","floor":23,"key":"SMITH"},{"floor":32,"key":"REST"}],"neow_cost":"TEN_PERCENT_HP_LOSS","seed_source_timestamp":614955615848033,"circlet_count":0,"master_deck":["Strike_B","Defend_B","Defend_B","Defend_B","Defend_B","Zap","Dualcast","AscendersBane","Hyperbeam+1","Cold Snap","Sweeping Beam","FTL","Chill","Turbo+1","Beam Cell","Undo","Auto Shields","Meteor Strike","FTL+1","Conserve Battery","Conserve Battery"],"relics":["Cracked Core","Bronze Scales","Singing Bowl","Regal Pillow","Bag of Preparation","Busted Crown","Mummified Hand","Ancient Tea Set","Lantern"],"potions_floor_usage":[8,16,16,16,16,16,18,24,24,29,31],"damage_taken":[{"damage":9,"enemies":"Jaw Worm","floor":1,"turns":3},{"damage":0,"enemies":"Small Slimes","floor":2,"turns":2},{"damage":0,"enemies":"2 Louse","floor":3,"turns":2},{"damage":14,"enemies":"Blue Slaver","floor":4,"turns":3},{"damage":0,"enemies":"Lots of Slimes","floor":5,"turns":1},{"damage":4,"enemies":"3 Sentries","floor":6,"turns":3},{"damage":12,"enemies":"Gremlin Nob","floor":8,"turns":3},{"damage":25,"enemies":"Lagavulin","floor":10,"turns":4},{"damage":1,"enemies":"Looter","floor":11,"turns":2},{"damage":0,"enemies":"3 Louse","floor":13,"turns":1},{"damage":15,"enemies":"Hexaghost","floor":16,"turns":6},{"damage":7,"enemies":"Chosen","floor":18,"turns":4},{"damage":9,"enemies":"Shell Parasite","floor":19,"turns":7},{"damage":2,"enemies":"Snecko","floor":20,"turns":4},{"damage":14,"enemies":"Book of Stabbing","floor":24,"turns":5},{"damage":2,"enemies":"Snake Plant","floor":25,"turns":3},{"damage":25,"enemies":"Slaver and Parasite","floor":28,"turns":6},{"damage":0,"enemies":"Cultist and Chosen","floor":29,"turns":3},{"damage":7,"enemies":"Centurion and Healer","floor":31,"turns":3},{"damage":61,"enemies":"Champ","floor":33,"turns":9}],"seed_played":"-1744641951751657837","potions_obtained":[{"floor":5,"key":"AttackPotion"},{"floor":8,"key":"Fire Potion"},{"floor":10,"key":"EntropicBrew"},{"floor":11,"key":"AttackPotion"},{"floor":16,"key":"Energy Potion"},{"floor":19,"key":"Block Potion"},{"floor":20,"key":"FearPotion"},{"floor":25,"key":"SteroidPotion"},{"floor":28,"key":"Fire Potion"}],"is_trial":false,"path_per_floor":["M","M","M","M","M","E","R","E","T","E","M","?","M","?","R","B",null,"M","M","M","?","$","R","E","M","T","?","M","M","$","M","R"],"character_chosen":"DEFECT","items_purchased":["Conserve Battery","Mummified Hand"],"campfire_rested":2,"item_purchase_floors":[22,22],"current_hp_per_floor":[59,59,59,45,45,41,41,29,29,4,5,5,5,5,41,33,61,56,47,47,47,47,47,35,35,35,35,10,12,12,7,46,0],"gold":34,"neow_bonus":"THREE_RARE_CARDS","is_prod":false,"is_daily":false,"chose_seed":false,"campfire_upgraded":2,"win_rate":0,"timestamp":1530973485,"path_taken":["M","M","M","M","M","E","R","E","T","E","M","?","M","?","R","BOSS","M","M","M","?","$","R","E","M","T","?","M","?","$","M","R","BOSS"],"build_version":"2018-07-05","purchased_purges":2,"victory":false,"max_hp_per_floor":[68,68,68,68,68,68,68,68,68,68,70,70,70,70,70,70,70,72,72,74,74,74,74,76,78,78,78,78,80,80,82,82,82],"card_choices":[{"not_picked":["Rainbow","Meteor Strike"],"picked":"Hyperbeam","floor":0},{"not_picked":["Sweeping Beam","Aggregate"],"picked":"Cold Snap","floor":1},{"not_picked":["Barrage","Go for the Eyes"],"picked":"Sweeping Beam","floor":2},{"not_picked":["Ball Lightning","Tempest"],"picked":"FTL","floor":3},{"not_picked":["White Noise","Hologram"],"picked":"Chill","floor":4},{"not_picked":["Barrage","Stack"],"picked":"Turbo","floor":5},{"not_picked":["Force Field","Redo","Barrage"],"picked":"SKIP","floor":6},{"not_picked":["Fission","Static Discharge"],"picked":"Beam Cell","floor":8},{"not_picked":["Fission","Steam"],"picked":"Undo","floor":10},{"not_picked":["Hologram","Steam Power","Redo"],"picked":"Singing Bowl","floor":11},{"not_picked":["Heatsinks","Ball Lightning"],"picked":"Auto Shields","floor":13},{"not_picked":["Amplify","Machine Learning"],"picked":"Meteor Strike","floor":16},{"not_picked":["Steam"],"picked":"Singing Bowl","floor":18},{"not_picked":[],"picked":"FTL+1","floor":19},{"not_picked":["Beam Cell"],"picked":"Singing Bowl","floor":20},{"not_picked":["Chill"],"picked":"Singing Bowl","floor":24},{"not_picked":["Turbo"],"picked":"Singing Bowl","floor":25},{"not_picked":[],"picked":"Conserve Battery","floor":28},{"not_picked":["Loop"],"picked":"Singing Bowl","floor":29},{"not_picked":["Compile Driver"],"picked":"Singing Bowl","floor":31}],"player_experience":392824,"relics_obtained":[{"floor":6,"key":"Bronze Scales"},{"floor":8,"key":"Singing Bowl"},{"floor":9,"key":"Regal Pillow"},{"floor":10,"key":"Bag of Preparation"},{"floor":24,"key":"Ancient Tea Set"},{"floor":26,"key":"Lantern"}],"event_choices":[{"event_name":"Scrap Ooze","player_choice":"unsuccessful","floor":12,"damage_taken":0},{"event_name":"Match and Keep!","player_choice":"0 cards matched","floor":14,"damage_taken":0},{"event_name":"Beggar","player_choice":"Gave Gold","floor":21,"damage_taken":0},{"event_name":"Drug Dealer","player_choice":"Ignored","floor":27,"damage_taken":0}],"boss_relics":[{"not_picked":["Inserter","White Beast Statue"],"picked":"Busted Crown"}],"items_purged_floors":[22,30],"is_endless":false,"potions_floor_spawned":[5,8,10,11,16,19,20,25,28],"killed_by":"Champ","ascension_level":10}