{"path_per_floor":["M","?","?","M","M","R","$","R","T","M","E","M","R","M","R","B",null,"M","?","$","M","M","R","E","M","T","E","R","M","R","M","R","B",null,"M","?","T","M","$","R","E","?","T","R","$","M","M","M","R","B"],"character_chosen":"IRONCLAD","items_purchased":["True Grit"],"gold_per_floor":[113,113,113,126,146,146,17,17,17,36,72,85,85,109,109,228,228,244,169,69,93,114,114,147,168,168,204,204,220,220,238,238,366,404,418,418,418,439,314,314,350,350,396,396,246,259,277,291,291,291],"floor_reached":51,"campfire_rested":3,"playtime":2078,"current_hp_per_floor":[66,66,46,51,49,49,49,49,49,51,22,28,52,49,49,51,73,71,71,71,69,50,50,21,19,19,21,59,57,57,59,59,39,73,68,68,68,66,66,66,66,54,54,54,54,34,32,30,73,15],"items_purged":["Strike_R","Strike_R","Strike_R","Strike_R"],"gold":291,"score":854,"play_id":"cf750489-872b-47bc-afa3-48d33962195f","is_prod":false,"is_daily":false,"is_ascension_mode":true,"campfire_upgraded":8,"path_taken":["M","?","?","?","M","R","$","R","T","?","E","?","R","M","R","BOSS","M","?","?","M","?","R","E","M","T","E","R","M","R","M","R","BOSS","M","?","?","?","$","R","E","?","T","R","$","M","?","M","R","BOSS"],"build_version":"2018-02-22-PROD2","purchased_purges":4,"victory":true,"master_deck":["Strike_R","Defend_R","Defend_R","Defend_R","Defend_R","Twin Strike","Offering","Flex+1","True Grit+1","Dropkick","Bludgeon+1","Dropkick","Offering+1","Metallicize+1","Thunderclap+1","Seeing Red+1","Fiend Fire","Feel No Pain","Shockwave+1","Madness","Madness+1","Corruption+1","Ghostly Armor","Armaments+1"],"max_hp_per_floor":[80,80,80,80,80,80,80,80,80,80,80,80,80,80,80,80,80,80,77,77,77,77,77,77,77,77,77,77,77,77,77,77,77,82,82,82,82,82,82,82,96,96,96,96,96,96,96,96,96,96],"relics":["Burning Blood","Golden Idol","Thread and Needle","Paper Frog","Runic Dome","Ornamental Fan","Red Skull","Regal Pillow","Tiny House","Sundial","Mango","Ancient Tea Set"],"card_choices":[{"not_picked":["Wild Strike","Warcry"],"picked":"Twin Strike"},{"not_picked":["Ghostly Armor","Clash"],"picked":"Offering"},{"not_picked":["Sword Boomerang","Hemokinesis"],"picked":"Flex"},{"not_picked":["Anger","Heavy Blade"],"picked":"Dropkick"},{"not_picked":["Twin Strike","Juggernaut"],"picked":"Bludgeon"},{"not_picked":["Thunderclap","Wild Strike"],"picked":"Dropkick"},{"not_picked":["Impervious","Barricade"],"picked":"Offering"},{"not_picked":["Pummel","Clothesline"],"picked":"Metallicize"},{"not_picked":["Dropkick","Reckless Charge"],"picked":"Thunderclap"},{"not_picked":["Wild Strike","Intimidate"],"picked":"Seeing Red"},{"not_picked":["Wild Strike","Clothesline"],"picked":"Fiend Fire"},{"not_picked":["Twin Strike","Headbutt"],"picked":"Feel No Pain"},{"not_picked":["Flex","Spot Weakness"],"picked":"Shockwave"},{"not_picked":["Havoc","Headbutt"],"picked":"Corruption"},{"not_picked":["Anger","Searing Blow"],"picked":"Ghostly Armor"},{"not_picked":["Cleave","Clash"],"picked":"Armaments"}],"player_experience":250425,"potions_floor_usage":[16,18,24,24,27,50,50],"damage_taken":[{"damage":12,"enemies":"Small Slimes","floor":1,"turns":3},{"damage":1,"enemies":"Cultist","floor":4,"turns":3},{"damage":8,"enemies":"2 Louse","floor":5,"turns":3},{"damage":4,"enemies":"Blue Slaver","floor":10,"turns":2},{"damage":35,"enemies":"Gremlin Nob","floor":11,"turns":4},{"damage":0,"enemies":"2 Fungi Beasts","floor":12,"turns":4},{"damage":9,"enemies":"Lots of Slimes","floor":14,"turns":5},{"damage":4,"enemies":"Slime Boss","floor":16,"turns":5},{"damage":8,"enemies":"Shell Parasite","floor":18,"turns":3},{"damage":8,"enemies":"Spheric Guardian","floor":21,"turns":2},{"damage":25,"enemies":"Snecko","floor":22,"turns":4},{"damage":35,"enemies":"Slavers","floor":24,"turns":6},{"damage":8,"enemies":"3 Cultists","floor":25,"turns":3},{"damage":4,"enemies":"Book of Stabbing","floor":27,"turns":2},{"damage":8,"enemies":"Chosen and Byrds","floor":29,"turns":3},{"damage":4,"enemies":"Centurion and Healer","floor":31,"turns":3},{"damage":26,"enemies":"Champ","floor":33,"turns":6},{"damage":11,"enemies":"3 Shapes","floor":35,"turns":6},{"damage":8,"enemies":"Orb Walker","floor":38,"turns":2},{"damage":20,"enemies":"Nemesis","floor":41,"turns":3},{"damage":26,"enemies":"4 Shapes","floor":46,"turns":7},{"damage":8,"enemies":"3 Darklings","floor":47,"turns":3},{"damage":8,"enemies":"Maw","floor":48,"turns":5},{"damage":64,"enemies":"Awakened One","floor":50,"turns":8}],"event_choices":[{"event_name":"Accursed Blacksmith","player_choice":"Forge","floor":2,"damage_taken":0},{"event_name":"Golden Idol","player_choice":"Take Damage","floor":3,"damage_taken":0},{"event_name":"Beggar","player_choice":"Gave Gold","floor":19,"damage_taken":0},{"event_name":"Winding Halls","player_choice":"Embrace Madness","floor":42,"damage_taken":0}],"boss_relics":[{"not_picked":["Astrolabe","Snecko Eye"],"picked":"Runic Dome"},{"not_picked":["Philosopher\u0027s Stone","Orrery"],"picked":"Tiny House"}],"potions_floor_spawned":[11,12,14,21,22,31,33,46,47,48],"seed_played":"4059493877164805964","ascension_level":10,"is_trial":false}