{"gold_per_floor":[114,189,189,189,204,204,234,249,249,249,249,264,264,279,279,279],"floor_reached":16,"playtime":382,"items_purged":[],"score":100,"play_id":"7ae490ac-d295-475e-a7b6-359d679a26f2","local_time":"20180729214937","daily_mods":["Diverse","Lethality","Terminal"],"is_ascension_mode":false,"campfire_choices":[{"data":"Cloak And Dagger","floor":6,"key":"SMITH"},{"data":"Rebound","floor":11,"key":"SMITH"},{"data":"Sucker Punch","floor":13,"key":"SMITH"},{"data":"Combust","floor":15,"key":"SMITH"}],"neow_cost":"","seed_source_timestamp":0,"circlet_count":0,"master_deck":["Strike_R+1","Strike_R+1","Strike_R","Strike_R","Strike_R","Defend_R","Defend_R","Defend_R","Defend_R","Bash","Cloak And Dagger+1","Combust+1","Rebound+1","Sucker Punch+1"],"special_seed":17742,"relics":["Burning Blood","Singing Bowl","Self Forming Clay","Letter Opener","The Courier"],"potions_floor_usage":[12,16],"damage_taken":[{"damage":0,"enemies":"Cultist","floor":1,"turns":2},{"damage":5,"enemies":"Jaw Worm","floor":5,"turns":3},{"damage":24,"enemies":"Lagavulin","floor":7,"turns":5},{"damage":0,"enemies":"2 Louse","floor":8,"turns":2},{"damage":5,"enemies":"Blue Slaver","floor":12,"turns":2},{"damage":0,"enemies":"2 Fungi Beasts","floor":14,"turns":2},{"damage":55,"enemies":"The Guardian","floor":16,"turns":8}],"seed_played":"3676121671515635212","potions_obtained":[{"floor":5,"key":"Ancient Potion"},{"floor":8,"key":"Energy Potion"},{"floor":12,"key":"SpeedPotion"}],"is_trial":false,"path_per_floor":["M","?","?","T","M","R","E","M","T","?","R","M","R","M","R"],"character_chosen":"IRONCLAD","items_purchased":[],"campfire_rested":0,"item_purchase_floors":[],"current_hp_per_floor":[78,67,64,64,67,67,49,55,55,41,41,42,42,50,50,0],"gold":279,"neow_bonus":"","is_prod":false,"is_daily":true,"chose_seed":false,"campfire_upgraded":4,"win_rate":0,"timestamp":1532915377,"path_taken":["M","?","?","?","M","R","E","M","T","?","R","M","R","?","R","BOSS"],"build_version":"2018-07-26","purchased_purges":0,"victory":false,"max_hp_per_floor":[78,77,76,75,76,75,74,73,72,71,70,69,68,69,68,68],"card_choices":[{"not_picked":["True Grit","Havoc"],"picked":"Cloak And Dagger","floor":1},{"not_picked":["Shrug It Off","Hologram","Body Slam"],"picked":"Singing Bowl","floor":5},{"not_picked":["Steam","Auto Shields"],"picked":"Combust","floor":7},{"not_picked":["Machine Learning","Flex"],"picked":"Rebound","floor":8},{"not_picked":["Redo","Backflip"],"picked":"Sucker Punch","floor":12},{"not_picked":["Poisoned Stab","Perfected Strike","Outmaneuver"],"picked":"Singing Bowl","floor":14}],"player_experience":542125,"relics_obtained":[{"floor":4,"key":"Self Forming Clay"},{"floor":7,"key":"Letter Opener"},{"floor":9,"key":"The Courier"}],"event_choices":[{"event_name":"World of Goop","player_choice":"Gather Gold","floor":2,"damage_taken":0},{"event_name":"Scrap Ooze","player_choice":"success","floor":3,"damage_taken":3},{"event_name":"Shining Light","player_choice":"Entered Light","floor":10,"damage_taken":0}],"is_beta":false,"boss_relics":[],"items_purged_floors":[],"is_endless":false,"potions_floor_spawned":[5,8,12],"killed_by":"The Guardian","ascension_level":0}