{"path_per_floor":["M","M","?","M","M","R","$","?","T","T","$","R","E","M","R","B",null,"M","?","$","?","M","E","R"],"character_chosen":"THE_SILENT","items_purchased":["Noxious Fumes"],"gold_per_floor":[113,129,129,146,165,165,90,90,113,113,32,32,66,77,77,175,175,193,118,18,18,30,63,63],"floor_reached":25,"campfire_rested":1,"playtime":882,"current_hp_per_floor":[63,62,67,63,63,63,63,63,63,63,63,63,53,53,53,27,61,61,61,61,61,59,22,43],"items_purged":["Parasite","Defend_G"],"gold":63,"score":339,"play_id":"9ee19d79-988a-4704-9765-d3082bb5118b","is_prod":false,"is_daily":false,"is_ascension_mode":true,"campfire_upgraded":3,"path_taken":["M","M","?","?","M","R","$","?","T","?","$","R","E","M","R","BOSS","M","?","$","?","M","E","R","E"],"build_version":"2018-02-22-PROD2","purchased_purges":2,"victory":false,"master_deck":["Defend_G","Defend_G","Defend_G","Survivor","Neutralize","Malaise+1","Deadly Poison","Dodge and Roll+1","Bane","Noxious Fumes+1","Dagger Spray","Tools of the Trade+1","Caltrops+1","Unload+1","Endless Agony+1","Dodge and Roll","Bane+1","Terror+1"],"max_hp_per_floor":[70,70,75,75,75,75,72,72,72,72,72,72,72,72,72,72,72,72,72,72,72,72,72,72],"relics":["Philosopher\u0027s Stone","Ancient Tea Set","Torii","Frozen Egg 2","Astrolabe","Art of War"],"card_choices":[{"not_picked":["Setup","Deflect"],"picked":"Malaise"},{"not_picked":["Dagger Throw","Outmaneuver"],"picked":"Deadly Poison"},{"not_picked":["Backflip","Sucker Punch"],"picked":"Dodge and Roll"},{"not_picked":["Well Laid Plans","Sucker Punch"],"picked":"Bane"},{"not_picked":["Poisoned Stab","Cloak And Dagger"],"picked":"Dagger Spray"},{"not_picked":["Unload","Tactician"],"picked":"Tools of the Trade"},{"not_picked":["Slice","Flying Knee"],"picked":"Dodge and Roll"},{"not_picked":["Prepared","Acrobatics"],"picked":"Bane"},{"not_picked":["Well Laid Plans","Dodge and Roll"],"picked":"Terror"}],"player_experience":279160,"potions_floor_usage":[5,5],"damage_taken":[{"damage":0,"enemies":"Jaw Worm","floor":1,"turns":5},{"damage":1,"enemies":"Small Slimes","floor":2,"turns":4},{"damage":4,"enemies":"Cultist","floor":4,"turns":5},{"damage":0,"enemies":"3 Louse","floor":5,"turns":4},{"damage":10,"enemies":"Lagavulin","floor":13,"turns":6},{"damage":0,"enemies":"Red Slaver","floor":14,"turns":5},{"damage":26,"enemies":"Slime Boss","floor":16,"turns":12},{"damage":0,"enemies":"3 Byrds","floor":18,"turns":5},{"damage":2,"enemies":"Chosen","floor":22,"turns":6},{"damage":37,"enemies":"Slavers","floor":23,"turns":6},{"damage":56,"enemies":"Gremlin Leader","floor":25,"turns":4}],"event_choices":[{"event_name":"Big Fish","player_choice":"Donut","floor":3,"damage_taken":0},{"event_name":"Purifier","player_choice":"One Purge","floor":8,"damage_taken":0},{"event_name":"Beggar","player_choice":"Gave Gold","floor":19,"damage_taken":0},{"event_name":"Purifier","player_choice":"One Purge","floor":21,"damage_taken":0}],"boss_relics":[{"not_picked":["Question Card","White Beast Statue"],"picked":"Astrolabe"}],"potions_floor_spawned":[1,2],"seed_played":"-5540029977146305990","killed_by":"Gremlin Leader","ascension_level":11,"is_trial":false}