{"gold_per_floor":[112,112,129,146,146,146,176,176,176,209,209],"floor_reached":11,"playtime":280,"items_purged":[],"score":162,"play_id":"2482a77a-aa86-462b-a817-9ec197a3c027","local_time":"20181022235612","is_ascension_mode":true,"campfire_choices":[{"data":"Sword Boomerang","floor":6,"key":"SMITH"},{"data":"Rupture","floor":8,"key":"SMITH"}],"neow_cost":"NONE","seed_source_timestamp":1136613436640364,"circlet_count":0,"master_deck":["Strike_R","Strike_R","Strike_R","Strike_R","Strike_R","Defend_R","Defend_R","Defend_R","Defend_R","Bash","AscendersBane","Sword Boomerang+1","Thunderclap","Rupture+1","Offering","Ghostly Armor"],"relics":["Burning Blood","PreservedInsect","NlothsMask","Juzu Bracelet","Molten Egg 2"],"potions_floor_usage":[10,10],"damage_taken":[{"damage":2,"enemies":"2 Louse","floor":1,"turns":2},{"damage":12,"enemies":"Jaw Worm","floor":3,"turns":3},{"damage":7,"enemies":"Cultist","floor":4,"turns":4},{"damage":45,"enemies":"3 Sentries","floor":7,"turns":8},{"damage":26,"enemies":"Lagavulin","floor":10,"turns":4},{"damage":0,"enemies":"Exordium Wildlife","floor":11,"turns":1}],"seed_played":"4806634145660203886","potions_obtained":[{"floor":1,"key":"Swift Potion"},{"floor":7,"key":"Weak Potion"}],"is_trial":false,"path_per_floor":["M","?","M","M","?","R","E","R","T","E"],"character_chosen":"IRONCLAD","items_purchased":[],"campfire_rested":0,"item_purchase_floors":[],"current_hp_per_floor":[79,74,68,67,67,67,28,28,28,8,8],"gold":209,"neow_bonus":"TEN_PERCENT_HP_BONUS","is_prod":false,"is_daily":false,"chose_seed":false,"campfire_upgraded":2,"win_rate":0,"timestamp":1540266972,"path_taken":["M","?","M","?","?","R","E","R","T","E","M"],"build_version":"2018-10-18","purchased_purges":0,"victory":false,"max_hp_per_floor":[82,82,82,82,82,82,82,82,82,82,82],"card_choices":[{"not_picked":["Battle Trance","Clash"],"picked":"Sword Boomerang","floor":1},{"not_picked":["Body Slam","Warcry"],"picked":"Thunderclap","floor":3},{"not_picked":["Sword Boomerang","Power Through"],"picked":"Rupture","floor":4},{"not_picked":["Seeing Red","Metallicize"],"picked":"Offering","floor":7},{"not_picked":["Body Slam","Fire Breathing"],"picked":"Ghostly Armor","floor":10}],"player_experience":804146,"relics_obtained":[{"floor":7,"key":"Juzu Bracelet"},{"floor":10,"key":"Molten Egg 2"}],"event_choices":[{"damage_healed":0,"gold_gain":0,"player_choice":"Success","damage_taken":5,"relics_obtained":["PreservedInsect"],"max_hp_gain":0,"max_hp_loss":0,"event_name":"Scrap Ooze","floor":2,"gold_loss":0},{"damage_healed":0,"gold_gain":0,"player_choice":"Trade","damage_taken":0,"relics_obtained":["NlothsMask"],"max_hp_gain":0,"max_hp_loss":0,"event_name":"FaceTrader","floor":5,"gold_loss":0}],"is_beta":false,"boss_relics":[],"items_purged_floors":[],"is_endless":false,"potions_floor_spawned":[1,7],"killed_by":"Exordium Wildlife","ascension_level":20}