{"path_per_floor":["M","M","?","M","$","E","R","E","T","E","$","M","M","?","R"],"character_chosen":"IRONCLAD","items_purchased":["Body Slam"],"gold_per_floor":[110,123,123,142,20,53,53,85,153,180,80,100,118,180,180],"floor_reached":16,"campfire_rested":0,"playtime":736,"current_hp_per_floor":[68,74,79,80,80,70,70,56,56,45,45,56,62,68,68],"items_purged":["Strike_R","Strike_R"],"gold":180,"score":196,"play_id":"c866dea0-4ee6-46fb-a56d-2991163f95a9","is_prod":false,"is_daily":false,"is_ascension_mode":true,"campfire_upgraded":2,"path_taken":["M","M","?","M","$","E","R","E","T","E","$","M","M","?","R","BOSS"],"build_version":"2018-02-15-PROD1","purchased_purges":2,"victory":false,"master_deck":["Strike_R+1","Strike_R","Strike_R","Defend_R","Defend_R+1","Defend_R+1","Defend_R","Bash","Headbutt+1","Inflame","True Grit+1","Body Slam+1","Dark Embrace+1","Feel No Pain+1","Corruption+1","Armaments"],"max_hp_per_floor":[80,80,85,85,85,85,85,85,85,85,85,85,85,85,85],"relics":["Burning Blood","War Paint","Frozen Egg 2","Meat on the Bone","Kunai","Whetstone","Bottled Lightning"],"card_choices":[{"not_picked":["Anger","True Grit"],"picked":"Headbutt"},{"not_picked":["Armaments","Sever Soul"],"picked":"Inflame"},{"not_picked":["Flame Barrier","Headbutt"],"picked":"True Grit"},{"not_picked":["Anger","Sword Boomerang"],"picked":"Dark Embrace"},{"not_picked":["Impervious","True Grit"],"picked":"Feel No Pain"},{"not_picked":["Searing Blow","Evolve"],"picked":"Corruption"},{"not_picked":["Body Slam","Anger"],"picked":"Armaments"}],"player_experience":211218,"potions_floor_usage":[6,8],"damage_taken":[{"damage":10,"enemies":"Jaw Worm","floor":1,"turns":4},{"damage":0,"enemies":"Small Slimes","floor":2,"turns":3},{"damage":5,"enemies":"2 Louse","floor":4,"turns":3},{"damage":16,"enemies":"3 Sentries","floor":6,"turns":6},{"damage":20,"enemies":"Gremlin Nob","floor":8,"turns":4},{"damage":29,"enemies":"Lagavulin","floor":10,"turns":8},{"damage":7,"enemies":"2 Fungi Beasts","floor":12,"turns":4},{"damage":0,"enemies":"Exordium Thugs","floor":13,"turns":4},{"damage":0,"enemies":"Gremlin Nob","floor":14,"turns":2},{"damage":69,"enemies":"Hexaghost","floor":16,"turns":7}],"event_choices":[{"event_name":"Big Fish","player_choice":"Donut","floor":3,"damage_taken":0},{"event_name":"Dead Adventurer","player_choice":"Searched \u00271\u0027 times","floor":14,"damage_taken":0}],"boss_relics":[],"potions_floor_spawned":[2,6,14,14],"seed_played":"9008873277456746111","killed_by":"Hexaghost","ascension_level":7,"is_trial":false}