{"gold_per_floor":[114,124,124,134,145,145,159,190,190,190,190,210,63,63,63,156,156,177,177,191,205,205,205,0,0,0,21,21,21,42,62,62,62],"floor_reached":33,"playtime":944,"items_purged":[],"score":461,"play_id":"42c1f46d-fc66-4b6c-9f86-b3951c184a3d","local_time":"20180817214644","is_ascension_mode":true,"campfire_choices":[{"data":"Bash","floor":6,"key":"SMITH"},{"data":"Demon Form","floor":10,"key":"SMITH"},{"data":"True Grit","floor":15,"key":"SMITH"},{"data":"Pommel Strike","floor":23,"key":"SMITH"},{"data":"Double Tap","floor":25,"key":"SMITH"},{"data":"Armaments","floor":28,"key":"SMITH"},{"floor":32,"key":"REST"}],"neow_cost":"PERCENT_DAMAGE","seed_source_timestamp":15290822539605,"circlet_count":0,"master_deck":["Defend_R","Defend_R","Bash+1","AscendersBane","Iron Wave","Twin Strike","Wild Strike","Demon Form+1","Anger","True Grit+1","Feed","Injury","Double Tap+1","Bite","Bite","Bite","Bite","Bite","Thunderclap","Pommel Strike+1","Armaments+1","Iron Wave"],"relics":["Burning Blood","Dream Catcher","Pear","Ginger","Golden Idol","Nloth\u0027s Gift","Potion Belt"],"potions_floor_usage":[4,16,18],"damage_taken":[{"damage":12,"enemies":"Jaw Worm","floor":1,"turns":2},{"damage":5,"enemies":"Small Slimes","floor":2,"turns":3},{"damage":10,"enemies":"2 Louse","floor":4,"turns":3},{"damage":18,"enemies":"Large Slime","floor":5,"turns":4},{"damage":12,"enemies":"Exordium Wildlife","floor":7,"turns":3},{"damage":15,"enemies":"Lagavulin","floor":8,"turns":5},{"damage":24,"enemies":"Exordium Thugs","floor":12,"turns":4},{"damage":26,"enemies":"Hexaghost","floor":16,"turns":8},{"damage":27,"enemies":"3 Byrds","floor":18,"turns":3},{"damage":42,"enemies":"Shell Parasite","floor":20,"turns":5},{"damage":24,"enemies":"Centurion and Healer","floor":21,"turns":7},{"damage":23,"enemies":"Snecko","floor":27,"turns":6},{"damage":25,"enemies":"Chosen and Byrds","floor":30,"turns":6},{"damage":40,"enemies":"Snake Plant","floor":31,"turns":4},{"damage":35,"enemies":"Champ","floor":33,"turns":2}],"seed_played":"5080700088858108397","potions_obtained":[{"floor":2,"key":"BloodPotion"},{"floor":7,"key":"FairyPotion"},{"floor":12,"key":"BloodPotion"},{"floor":16,"key":"LiquidBronze"},{"floor":18,"key":"Explosive Potion"},{"floor":27,"key":"FearPotion"},{"floor":30,"key":"Ancient Potion"}],"is_trial":false,"path_per_floor":["M","M","?","M","M","R","M","E","T","R","T","M","$","?","R","B",null,"M","?","M","M","?","R","?","R","T","M","R","?","M","M","R"],"character_chosen":"IRONCLAD","items_purchased":["Feed"],"campfire_rested":1,"item_purchase_floors":[13],"current_hp_per_floor":[44,45,45,48,36,36,30,21,31,31,31,13,13,13,13,17,70,49,49,32,35,35,35,35,35,35,26,26,39,33,9,30,0],"gold":62,"neow_bonus":"REMOVE_TWO","is_prod":false,"is_daily":false,"chose_seed":false,"campfire_upgraded":6,"win_rate":0,"timestamp":1534556804,"path_taken":["M","M","?","M","M","R","M","E","T","R","?","M","?","?","R","BOSS","M","?","M","M","?","R","?","R","T","M","R","?","?","M","R","BOSS"],"build_version":"2018-08-16","purchased_purges":0,"victory":false,"max_hp_per_floor":[75,75,75,75,75,75,75,75,85,85,85,85,85,85,85,88,88,88,61,64,67,67,67,67,67,67,67,67,67,71,71,71,71],"card_choices":[{"not_picked":["Perfected Strike","True Grit"],"picked":"Iron Wave","floor":1},{"not_picked":["Flex","Wild Strike"],"picked":"Twin Strike","floor":2},{"not_picked":["Perfected Strike","Clash"],"picked":"Wild Strike","floor":4},{"not_picked":["Dual Wield","Headbutt","Heavy Blade"],"picked":"SKIP","floor":5},{"not_picked":["Rage","Flex"],"picked":"Demon Form","floor":7},{"not_picked":["Perfected Strike","Seeing Red"],"picked":"Anger","floor":8},{"not_picked":["Anger","Dual Wield"],"picked":"True Grit","floor":12},{"not_picked":["Limit Break","Exhume"],"picked":"Double Tap","floor":16},{"not_picked":["Flex","Warcry","Clash"],"picked":"SKIP","floor":18},{"not_picked":["Twin Strike","Perfected Strike+1"],"picked":"Thunderclap","floor":20},{"not_picked":["Seeing Red","Anger"],"picked":"Pommel Strike","floor":21},{"not_picked":["Clothesline","Flex"],"picked":"Armaments","floor":27},{"not_picked":["Twin Strike","Pommel Strike","Flex"],"picked":"SKIP","floor":30},{"not_picked":["Second Wind","Fire Breathing"],"picked":"Iron Wave","floor":31}],"player_experience":588740,"relics_obtained":[{"floor":8,"key":"Dream Catcher"},{"floor":9,"key":"Pear"},{"floor":11,"key":"Ginger"},{"floor":26,"key":"Potion Belt"}],"event_choices":[{"event_name":"Liars Game","player_choice":"disagreed","floor":3,"damage_taken":0},{"event_name":"Golden Idol","player_choice":"Take Wound","floor":14,"damage_taken":0},{"event_name":"Vampires","player_choice":"Became a vampire","floor":19,"damage_taken":0},{"event_name":"N\u0027loth","player_choice":"Traded a Fusion Hammer","floor":22,"damage_taken":0},{"event_name":"Masked Bandits","player_choice":"Paid Fearfully","floor":24,"damage_taken":0},{"event_name":"The Library","player_choice":"Heal","floor":29,"damage_taken":0}],"is_beta":false,"boss_relics":[{"not_picked":["Tiny House","Astrolabe"],"picked":"Fusion Hammer"}],"items_purged_floors":[],"is_endless":false,"potions_floor_spawned":[2,7,12,16,18,27,30],"killed_by":"Champ","ascension_level":15}