{"path_per_floor":["M","M","$","M","M","E","R","E","T","?","R","M","R","T","R","B",null,"M","M","?","$","?","R","M","E","T","M","R","M","R","?","R"],"character_chosen":"THE_SILENT","items_purchased":[],"gold_per_floor":[99,99,99,99,99,99,99,99,99,99,99,69,69,69,69,69,69,69,69,39,39,39,39,39,39,39,39,39,39,39,39,39],"floor_reached":33,"campfire_rested":5,"playtime":2796,"current_hp_per_floor":[70,64,64,62,49,33,54,47,47,47,68,68,68,68,68,21,70,63,60,60,60,60,60,46,33,33,20,41,23,44,28,49],"items_purged":[],"gold":39,"score":275,"play_id":"53292de0-e33a-4b64-af53-a93bfad27be4","is_prod":false,"is_daily":false,"is_ascension_mode":false,"campfire_upgraded":3,"path_taken":["M","?","$","M","M","E","R","E","T","?","R","M","R","?","R","BOSS","M","M","?","?","?","R","?","E","T","M","R","M","R","?","R","BOSS"],"build_version":"2018-02-22-PROD2","purchased_purges":0,"victory":false,"master_deck":["Survivor","Neutralize","Outmaneuver+1","Slice","Blur","Leg Sweep+1","Dagger Throw","Blade Dance","Predator+1","Die Die Die","Well Laid Plans","Escape Plan","Concentrate","Choke","All Out Attack","Underhanded Strike","Deadly Poison","Poisoned Stab","Prepared","Sucker Punch","Accuracy","Cloak And Dagger+1","Quick Slash","Setup+1","Infinite Blades+1"],"max_hp_per_floor":[70,70,70,70,70,70,70,70,70,70,70,70,70,70,70,70,70,70,70,70,70,70,70,70,70,70,70,70,70,70,70,70],"relics":["Ectoplasm","Ninja Scroll","Mummified Hand","Bag of Preparation","Golden Idol","Pantograph","Pandora\u0027s Box","Bird Faced Urn","Blue Candle","Enchiridion"],"card_choices":[{"not_picked":["Heel Hook","Sucker Punch"],"picked":"Outmaneuver"},{"not_picked":["Prepared","Dodge and Roll"],"picked":"Slice"},{"not_picked":["Acrobatics","Expertise"],"picked":"Blur"},{"not_picked":["Blur","Catalyst"],"picked":"Leg Sweep"},{"not_picked":["Doppelganger","Slice"],"picked":"Dagger Throw"},{"not_picked":["Calculated Gamble","Flying Knee"],"picked":"Blade Dance"},{"not_picked":["Dagger Throw","Deflect"],"picked":"Predator"},{"not_picked":["Grand Finale","Tactician"],"picked":"Die Die Die"},{"not_picked":["Poisoned Stab","Acrobatics"],"picked":"Accuracy"},{"not_picked":["Prepared","Blur"],"picked":"Cloak And Dagger"},{"not_picked":["Doppelganger","Well Laid Plans"],"picked":"Quick Slash"},{"not_picked":["Dagger Spray","Calculated Gamble"],"picked":"Setup"},{"not_picked":["Acrobatics","Dagger Throw"],"picked":"Infinite Blades"}],"player_experience":167094,"potions_floor_usage":[6,25,27,27,29],"damage_taken":[{"damage":0,"enemies":"Cultist","floor":1,"turns":4},{"damage":6,"enemies":"Jaw Worm","floor":2,"turns":4},{"damage":2,"enemies":"Small Slimes","floor":4,"turns":4},{"damage":13,"enemies":"Exordium Wildlife","floor":5,"turns":7},{"damage":16,"enemies":"3 Sentries","floor":6,"turns":8},{"damage":7,"enemies":"Lagavulin","floor":8,"turns":10},{"damage":0,"enemies":"Looter","floor":12,"turns":3},{"damage":49,"enemies":"The Guardian","floor":16,"turns":19},{"damage":7,"enemies":"Spheric Guardian","floor":18,"turns":4},{"damage":3,"enemies":"3 Byrds","floor":19,"turns":4},{"damage":14,"enemies":"Snecko","floor":24,"turns":4},{"damage":13,"enemies":"Book of Stabbing","floor":25,"turns":4},{"damage":15,"enemies":"Snake Plant","floor":27,"turns":2},{"damage":22,"enemies":"Slaver and Parasite","floor":29,"turns":5},{"damage":85,"enemies":"Automaton","floor":33,"turns":6}],"event_choices":[{"event_name":"Golden Idol","player_choice":"Take Wound","floor":10,"damage_taken":0},{"event_name":"The Woman in Blue","player_choice":"Bought 2 Potions","floor":20,"damage_taken":0},{"event_name":"Back to Basics","player_choice":"Elegance","floor":22,"damage_taken":0},{"event_name":"Cursed Tome","player_choice":"Obtained Book","floor":31,"damage_taken":0}],"boss_relics":[{"not_picked":["The Specimen","Cursed Key"],"picked":"Pandora\u0027s Box"}],"potions_floor_spawned":[1,16,24,25],"seed_played":"4769916538873109384","killed_by":"Automaton","ascension_level":0,"is_trial":false}