{"gold_per_floor":[116,126,141,141,160,160,191,207,230,265,280,295,313,313,313,417,417,435,345,361,375,204,204,236,236,287,287,287,312,323,336,336,439,439,458,472,131,141,30,30,65,65,65],"floor_reached":44,"playtime":2131,"items_purged":["Strike_G","Strike_G"],"score":767,"play_id":"d0311934-0f6e-4f64-8156-fddb9ae91452","local_time":"20181116231538","is_ascension_mode":false,"campfire_choices":[{"data":"Dash","floor":6,"key":"SMITH"},{"data":"Blade Dance","floor":15,"key":"SMITH"},{"data":"Cloak And Dagger","floor":23,"key":"SMITH"},{"data":"After Image","floor":25,"key":"SMITH"},{"data":"Neutralize","floor":27,"key":"SMITH"},{"floor":32,"key":"REST"},{"data":"Footwork","floor":40,"key":"SMITH"}],"neow_cost":"NONE","seed_source_timestamp":192441120631998,"circlet_count":0,"master_deck":["Defend_G","Defend_G","Defend_G+1","Defend_G","Defend_G+1","Strike_G","Strike_G","Strike_G","Survivor+1","Neutralize+1","Bane+1","Distraction+1","Slice","Dash+1","Sucker Punch+1","Blade Dance+1","After Image+1","Dagger Spray","Backflip","Tools of the Trade","Cloak And Dagger+1","Backstab+1","Backflip","Poisoned Stab","Well Laid Plans","Poisoned Stab+1","Cloak And Dagger","Malaise","Deflect+1","Dodge and Roll+1","Footwork+1"],"relics":["Ring of the Serpent","Vajra","WarpedTongs","Singing Bowl","Whetstone","War Paint","Happy Flower","Snake Skull","Lantern","WristBlade","HandDrill","Strawberry"],"potions_floor_usage":[7,10,10,16,24,24,29,41,43],"damage_taken":[{"damage":0,"enemies":"2 Louse","floor":1,"turns":3},{"damage":0,"enemies":"Cultist","floor":2,"turns":3},{"damage":0,"enemies":"Small Slimes","floor":3,"turns":3},{"damage":2,"enemies":"3 Louse","floor":5,"turns":3},{"damage":23,"enemies":"Lagavulin","floor":7,"turns":4},{"damage":2,"enemies":"Red Slaver","floor":8,"turns":4},{"damage":2,"enemies":"3 Sentries","floor":10,"turns":3},{"damage":4,"enemies":"Lots of Slimes","floor":11,"turns":5},{"damage":2,"enemies":"3 Louse","floor":12,"turns":4},{"damage":5,"enemies":"Looter","floor":13,"turns":3},{"damage":19,"enemies":"Hexaghost","floor":16,"turns":13},{"damage":7,"enemies":"Shell Parasite","floor":18,"turns":6},{"damage":12,"enemies":"Spheric Guardian","floor":20,"turns":4},{"damage":12,"enemies":"Centurion and Healer","floor":21,"turns":6},{"damage":13,"enemies":"Gremlin Leader","floor":24,"turns":6},{"damage":0,"enemies":"Book of Stabbing","floor":29,"turns":5},{"damage":1,"enemies":"Sentry and Sphere","floor":30,"turns":6},{"damage":18,"enemies":"Snake Plant","floor":31,"turns":3},{"damage":34,"enemies":"Champ","floor":33,"turns":13},{"damage":0,"enemies":"Orb Walker","floor":35,"turns":3},{"damage":11,"enemies":"3 Darklings","floor":36,"turns":6},{"damage":0,"enemies":"Spire Growth","floor":38,"turns":5},{"damage":0,"enemies":"Giant Head","floor":41,"turns":7},{"damage":21,"enemies":"Time Eater","floor":43,"turns":16}],"seed_played":"-3848635258427787398","potions_obtained":[{"floor":1,"key":"Strength Potion"},{"floor":3,"key":"Explosive Potion"},{"floor":7,"key":"Explosive Potion"},{"floor":13,"key":"SkillPotion"},{"floor":20,"key":"AttackPotion"},{"floor":21,"key":"AttackPotion"},{"floor":24,"key":"AttackPotion"},{"floor":36,"key":"Energy Potion"}],"is_trial":false,"path_per_floor":["M","M","M","?","M","R","E","M","T","E","M","M","M","?","R","B",null,"M","?","M","M","$","R","E","R","T","R","?","E","M","M","R","B",null,"M","M","$","M","$","R","E","?","B",null],"character_chosen":"THE_SILENT","items_purchased":["Poisoned Stab","Well Laid Plans","HandDrill","Strength Potion","Footwork","GhostInAJar"],"campfire_rested":1,"item_purchase_floors":[22,22,37,37,39,39],"current_hp_per_floor":[70,70,70,70,68,68,45,43,43,41,37,37,32,32,32,13,72,65,65,53,41,41,41,30,30,30,30,30,32,31,13,35,1,76,76,65,65,67,67,67,76,76,55],"gold":65,"neow_bonus":"RANDOM_COMMON_RELIC","is_prod":false,"is_daily":false,"chose_seed":false,"campfire_upgraded":6,"win_rate":0,"timestamp":1542428138,"path_taken":["M","M","M","?","M","R","E","M","T","E","M","?","M","?","R","BOSS","M","?","?","M","$","R","E","R","T","R","?","E","M","M","R","BOSS","M","M","$","M","?","R","E","?","BOSS"],"build_version":"2018-11-15","purchased_purges":2,"victory":true,"max_hp_per_floor":[70,70,70,70,70,70,70,70,70,70,70,72,72,72,72,72,72,72,72,72,72,72,72,74,74,74,74,74,76,76,76,76,76,76,76,76,76,78,78,78,87,87,87],"card_choices":[{"not_picked":["Acrobatics","Accuracy"],"picked":"Bane","floor":1},{"not_picked":["Choke","Outmaneuver"],"picked":"Distraction","floor":2},{"not_picked":["Setup","Dodge and Roll"],"picked":"Slice","floor":3},{"not_picked":["Masterful Stab","Blur"],"picked":"Dash","floor":5},{"not_picked":["Bullet Time","Accuracy"],"picked":"Sucker Punch","floor":7},{"not_picked":["Cloak And Dagger","Sucker Punch"],"picked":"Blade Dance","floor":8},{"not_picked":["Flechettes","PiercingWail"],"picked":"After Image","floor":10},{"not_picked":["Dodge and Roll","Calculated Gamble"],"picked":"Dagger Spray","floor":11},{"not_picked":["Bane","Quick Slash","Deadly Poison"],"picked":"Singing Bowl","floor":12},{"not_picked":["Terror","Finisher"],"picked":"Backflip","floor":13},{"not_picked":["Storm of Steel","Adrenaline"],"picked":"Tools of the Trade","floor":16},{"not_picked":["Quick Slash+1","Leg Sweep"],"picked":"Cloak And Dagger","floor":18},{"not_picked":["Prepared","Riddle With Holes"],"picked":"Backstab+1","floor":20},{"not_picked":["Acrobatics+1","Dash+1"],"picked":"Backflip","floor":21},{"not_picked":["Sucker Punch","Eviscerate","Skewer"],"picked":"Singing Bowl","floor":24},{"not_picked":["Wraith Form v2","Expertise","Dash"],"picked":"Singing Bowl","floor":29},{"not_picked":["Finisher","Dagger Spray+1"],"picked":"Poisoned Stab+1","floor":30},{"not_picked":["Endless Agony","Calculated Gamble"],"picked":"Cloak And Dagger","floor":31},{"not_picked":["Die Die Die","Storm of Steel"],"picked":"Malaise","floor":33},{"not_picked":["Choke","Bane"],"picked":"Deflect+1","floor":35},{"not_picked":["Poisoned Stab","Expertise"],"picked":"Dodge and Roll+1","floor":36},{"not_picked":["Eviscerate+1","Predator+1","Poisoned Stab"],"picked":"Singing Bowl","floor":38},{"not_picked":["Sucker Punch","Calculated Gamble+1","Caltrops+1"],"picked":"Singing Bowl","floor":41}],"player_experience":899593,"relics_obtained":[{"floor":7,"key":"Singing Bowl"},{"floor":9,"key":"Whetstone"},{"floor":10,"key":"War Paint"},{"floor":24,"key":"Happy Flower"},{"floor":26,"key":"Snake Skull"},{"floor":29,"key":"Lantern"},{"floor":41,"key":"Strawberry"}],"event_choices":[{"damage_healed":0,"gold_gain":0,"player_choice":"Rummage","damage_taken":0,"relics_obtained":["WarpedTongs"],"max_hp_gain":0,"max_hp_loss":0,"event_name":"Accursed Blacksmith","floor":4,"gold_loss":0,"cards_obtained":["Pain"]},{"damage_healed":0,"gold_gain":0,"player_choice":"Ignored","damage_taken":0,"max_hp_gain":0,"max_hp_loss":0,"event_name":"Liars Game","floor":14,"gold_loss":0},{"cards_removed":["Pain"],"damage_healed":0,"gold_gain":0,"player_choice":"Upgrade and Remove","damage_taken":0,"max_hp_gain":0,"max_hp_loss":0,"event_name":"Designer","floor":19,"gold_loss":90,"cards_upgraded":["Defend_G"]},{"damage_healed":0,"gold_gain":0,"player_choice":"Upgraded","damage_taken":0,"max_hp_gain":0,"max_hp_loss":0,"event_name":"Upgrade Shrine","floor":28,"gold_loss":0,"cards_upgraded":["Distraction"]},{"damage_healed":0,"gold_gain":0,"player_choice":"Took Portal","damage_taken":0,"max_hp_gain":0,"max_hp_loss":0,"event_name":"SecretPortal","floor":42,"gold_loss":0}],"is_beta":false,"boss_relics":[{"not_picked":["White Beast Statue","Eternal Feather"],"picked":"Ring of the Serpent"},{"not_picked":["Sozu","Busted Crown"],"picked":"WristBlade"}],"items_purged_floors":[22,37],"is_endless":false,"potions_floor_spawned":[1,3,7,13,20,21,24,36],"ascension_level":0}