{"gold_per_floor":[110,35,35,52,52,52,52,52,76,76,111,135,135,149,149,247,310,330,17,17,17,30,30,30],"floor_reached":24,"playtime":579,"items_purged":[],"score":365,"play_id":"cd87ec42-e745-435a-9fb1-b048d6a1812a","local_time":"20181001225818","is_ascension_mode":true,"campfire_choices":[{"data":"Zap","floor":6,"key":"SMITH"},{"data":"Consume","floor":8,"key":"SMITH"},{"data":"Dualcast","floor":10,"key":"SMITH"},{"data":"Recycle","floor":15,"key":"SMITH"},{"data":"Hologram","floor":23,"key":"SMITH"}],"neow_cost":"NONE","seed_source_timestamp":1407830243069035,"circlet_count":0,"master_deck":["Strike_B+1","Strike_B+1","Strike_B","Defend_B","Defend_B","Defend_B","Zap+1","Dualcast+1","AscendersBane","Consume+1","Streamline+1","Leap","Conserve Battery","Recycle+1","Multi-Cast+1","Conserve Battery","Hologram+1","Conserve Battery","Turbo+1"],"relics":["Cracked Core","Juzu Bracelet","Bloody Idol","Whetstone","Lantern","CultistMask","Tiny House","Mummified Hand"],"potions_floor_usage":[11,16,22,24],"damage_taken":[{"damage":0,"enemies":"Cultist","floor":1,"turns":3},{"damage":1,"enemies":"2 Louse","floor":4,"turns":3},{"damage":14,"enemies":"Gremlin Nob","floor":11,"turns":3},{"damage":2,"enemies":"Jaw Worm","floor":12,"turns":3},{"damage":6,"enemies":"Looter","floor":14,"turns":2},{"damage":27,"enemies":"The Guardian","floor":16,"turns":10},{"damage":32,"enemies":"Shell Parasite","floor":18,"turns":6},{"damage":0,"enemies":"Spheric Guardian","floor":22,"turns":3},{"damage":16,"enemies":"Book of Stabbing","floor":24,"turns":2}],"seed_played":"8902477414869545010","potions_obtained":[{"floor":1,"key":"FocusPotion"},{"floor":12,"key":"Dexterity Potion"},{"floor":14,"key":"GamblersBrew"},{"floor":16,"key":"Dexterity Potion"},{"floor":18,"key":"FocusPotion"}],"is_trial":false,"path_per_floor":["M","?","?","M","?","R","?","R","T","R","E","M","?","M","R","B",null,"M","$","?","?","M","R"],"character_chosen":"DEFECT","items_purchased":["Mummified Hand","Conserve Battery"],"campfire_rested":0,"item_purchase_floors":[19,19],"current_hp_per_floor":[64,64,64,63,63,63,63,63,63,63,49,47,47,41,41,14,57,25,25,25,25,30,30,14],"gold":30,"neow_bonus":"RANDOM_COMMON_RELIC","is_prod":false,"is_daily":false,"chose_seed":false,"campfire_upgraded":5,"win_rate":0,"timestamp":1538449098,"path_taken":["M","?","?","M","?","R","?","R","T","R","E","M","?","M","R","BOSS","M","$","?","?","M","R","E"],"build_version":"2018-09-27","purchased_purges":0,"victory":false,"max_hp_per_floor":[71,71,71,71,71,71,64,64,64,64,64,64,64,64,64,64,69,69,69,69,69,69,69,69],"card_choices":[{"not_picked":["Beam Cell","Capacitor"],"picked":"Consume","floor":1},{"not_picked":["Double Energy","Steam"],"picked":"Streamline","floor":4},{"not_picked":["Gash","Beam Cell"],"picked":"Leap","floor":11},{"not_picked":["Steam","Stack"],"picked":"Conserve Battery","floor":12},{"not_picked":["Hologram","Blizzard"],"picked":"Recycle","floor":14},{"not_picked":["Buffer","Amplify"],"picked":"Multi-Cast","floor":16},{"not_picked":["Steam","Darkness"],"picked":"Conserve Battery","floor":17},{"not_picked":["Streamline","Turbo"],"picked":"Hologram","floor":18},{"not_picked":["Rebound","Recycle"],"picked":"Turbo+1","floor":22}],"player_experience":748546,"relics_obtained":[{"floor":9,"key":"Whetstone"},{"floor":11,"key":"Lantern"}],"event_choices":[{"event_name":"The Cleric","player_choice":"Card Removal","floor":2,"damage_taken":0},{"event_name":"Purifier","player_choice":"One Purge","floor":3,"damage_taken":0},{"event_name":"Living Wall","player_choice":"Grow","floor":5,"damage_taken":0},{"event_name":"Golden Idol","player_choice":"Lose Max HP","floor":7,"damage_taken":0},{"event_name":"FaceTrader","player_choice":"Trade","floor":13,"damage_taken":0},{"event_name":"Forgotten Altar","player_choice":"Gave Idol","floor":20,"damage_taken":0},{"event_name":"Ghosts","player_choice":"Ignored","floor":21,"damage_taken":0}],"is_beta":false,"boss_relics":[{"not_picked":["Runic Pyramid","Orrery"],"picked":"Tiny House"}],"items_purged_floors":[],"is_endless":false,"potions_floor_spawned":[1,12,14,16,18],"killed_by":"Book of Stabbing","ascension_level":18}