{"path_per_floor":["M","$","M","M","?","R","E","M","T","M","M","R","?","$","R","B",null,"M","?","?","?","?","R"],"character_chosen":"IRONCLAD","items_purchased":["Flex","Panacea"],"gold_per_floor":[213,113,123,137,137,137,171,187,187,204,221,221,249,53,53,152,152,170,95,95,95,95,95,95],"floor_reached":24,"campfire_rested":0,"playtime":2176,"current_hp_per_floor":[80,80,79,79,79,79,62,66,66,71,72,72,61,61,61,33,80,74,74,74,74,40,40,0],"items_purged":["Strike_R","Strike_R"],"gold":95,"score":219,"play_id":"2da3c0b6-449d-47d2-a691-5a502a250682","local_time":"20180520230004","is_prod":false,"is_daily":false,"chose_seed":false,"is_ascension_mode":false,"campfire_upgraded":4,"timestamp":1526853604,"campfire_choices":[{"data":"Heavy Blade","floor":6,"key":"SMITH"},{"data":"Armaments","floor":12,"key":"SMITH"},{"data":"Panacea","floor":15,"key":"SMITH"},{"data":"Barricade","floor":23,"key":"SMITH"}],"path_taken":["M","$","M","M","?","R","E","M","T","M","M","R","?","?","R","BOSS","M","?","?","?","?","R","E"],"build_version":"2018-05-17","seed_source_timestamp":108230283900423,"purchased_purges":2,"victory":false,"master_deck":["Defend_R","Defend_R","Defend_R","Defend_R","Bash","Heavy Blade+1","Flex","Flex","Inflame","Armaments+1","Panacea+1","Barricade+1","Cleave","Shrug It Off","Iron Wave","Inflame","Writhe","Ghostly","Ghostly","Ghostly","Ghostly","Ghostly"],"max_hp_per_floor":[80,80,80,80,80,80,80,80,80,80,80,80,80,80,80,80,80,80,80,80,80,40,40,40],"relics":["Burning Blood","Matryoshka","Blue Candle","Centennial Puzzle","Odd Mushroom","Orrery","Ancient Tea Set"],"card_choices":[{"not_picked":["Sentinel","Clothesline"],"picked":"Heavy Blade","floor":1},{"not_picked":["Twin Strike","Disarm"],"picked":"Flex","floor":3},{"not_picked":["Wild Strike","Heavy Blade"],"picked":"Inflame","floor":4},{"not_picked":["Flex","Warcry"],"picked":"Armaments","floor":7},{"not_picked":["Sword Boomerang","Fiend Fire","Perfected Strike"],"picked":"SKIP","floor":8},{"not_picked":["Searing Blow","Body Slam","Entrench"],"picked":"SKIP","floor":10},{"not_picked":["Perfected Strike","Anger","Searing Blow"],"picked":"SKIP","floor":11},{"not_picked":["Reaper","Immolate"],"picked":"Barricade","floor":16},{"not_picked":["Whirlwind","Perfected Strike"],"picked":"Cleave","floor":17},{"not_picked":["Iron Wave","Flame Barrier"],"picked":"Shrug It Off","floor":17},{"not_picked":["Wild Strike","Pommel Strike"],"picked":"Iron Wave","floor":17},{"not_picked":["Rupture","Anger"],"picked":"Inflame","floor":17},{"not_picked":["Iron Wave","Sword Boomerang","Body Slam+1"],"picked":"SKIP","floor":18}],"player_experience":112057,"potions_floor_usage":[7,8],"damage_taken":[{"damage":4,"enemies":"Jaw Worm","floor":1,"turns":5},{"damage":7,"enemies":"Small Slimes","floor":3,"turns":4},{"damage":6,"enemies":"2 Louse","floor":4,"turns":4},{"damage":23,"enemies":"Lagavulin","floor":7,"turns":6},{"damage":2,"enemies":"Large Slime","floor":8,"turns":4},{"damage":1,"enemies":"Exordium Wildlife","floor":10,"turns":4},{"damage":5,"enemies":"2 Fungi Beasts","floor":11,"turns":3},{"damage":17,"enemies":"The Mushroom Lair","floor":13,"turns":4},{"damage":34,"enemies":"The Guardian","floor":16,"turns":8},{"damage":12,"enemies":"Shell Parasite","floor":18,"turns":7},{"damage":43,"enemies":"Book of Stabbing","floor":24,"turns":7}],"relics_obtained":[{"floor":7,"key":"Matryoshka"},{"floor":9,"key":"Blue Candle"},{"floor":9,"key":"Centennial Puzzle"},{"floor":13,"key":"Odd Mushroom"}],"event_choices":[{"event_name":"Living Wall","player_choice":"Forget","floor":5,"damage_taken":0},{"event_name":"Mushrooms","player_choice":"Fought Mushrooms","floor":13,"damage_taken":0},{"event_name":"Beggar","player_choice":"Gave Gold","floor":19,"damage_taken":0},{"event_name":"The Mausoleum","player_choice":"Yes","floor":20,"damage_taken":0},{"event_name":"Back to Basics","player_choice":"Elegance","floor":21,"damage_taken":0},{"event_name":"Ghosts","player_choice":"Became a Ghost","floor":22,"damage_taken":0}],"boss_relics":[{"not_picked":["Lizard Tail","Velvet Choker"],"picked":"Orrery"}],"potions_floor_spawned":[1,7,8],"seed_played":"-7786940724551731053","killed_by":"Book of Stabbing","ascension_level":0,"potions_obtained":[{"floor":1,"key":"SpeedPotion"},{"floor":7,"key":"Weak Potion"},{"floor":8,"key":"FearPotion"}],"is_trial":false}