{"gold_per_floor":[109,109,133,146,160,160,115,115,115,149,170,170,170],"floor_reached":13,"playtime":557,"items_purged":[],"score":119,"play_id":"60895bae-4160-4f1c-8b21-ef5eff961536","local_time":"20180703173908","is_ascension_mode":true,"campfire_choices":[{"floor":6,"key":"REST"},{"data":"Zap","floor":8,"key":"SMITH"},{"data":"Rebound","floor":12,"key":"SMITH"}],"neow_cost":"","seed_source_timestamp":296257193558675,"circlet_count":0,"master_deck":["Strike_B","Strike_B","Strike_B","Strike_B","Defend_B","Defend_B","Defend_B","Defend_B","Zap+1","Dualcast","Coolheaded","Leap","Beam Cell","Reprogram","Conserve Battery","Chill","Rebound+1"],"relics":["Cracked Core","Golden Idol","Singing Bowl","Smiling Mask"],"potions_floor_usage":[10,13],"damage_taken":[{"damage":0,"enemies":"Cultist","floor":1,"turns":4},{"damage":15,"enemies":"Small Slimes","floor":3,"turns":4},{"damage":1,"enemies":"Jaw Worm","floor":4,"turns":5},{"damage":32,"enemies":"Gremlin Gang","floor":5,"turns":6},{"damage":13,"enemies":"3 Sentries","floor":10,"turns":8},{"damage":0,"enemies":"2 Fungi Beasts","floor":11,"turns":4},{"damage":26,"enemies":"Lagavulin","floor":13,"turns":6}],"seed_played":"7278937805268852086","potions_obtained":[{"floor":3,"key":"PowerPotion"},{"floor":11,"key":"Regen Potion"}],"is_trial":false,"path_per_floor":["M","?","M","M","M","R","$","R","T","E","M","R"],"character_chosen":"DEFECT","items_purchased":["Conserve Battery"],"campfire_rested":1,"item_purchase_floors":[7],"current_hp_per_floor":[68,50,35,34,2,24,24,24,24,11,11,11,0],"gold":170,"neow_bonus":"","is_prod":false,"is_daily":false,"chose_seed":false,"campfire_upgraded":2,"win_rate":0,"timestamp":1530653948,"path_taken":["M","?","M","M","M","R","$","R","T","E","M","R","E"],"build_version":"2018-06-28","purchased_purges":0,"victory":false,"max_hp_per_floor":[75,75,75,75,75,75,75,75,75,75,75,75,75],"card_choices":[{"not_picked":["Steam","Hologram"],"picked":"Coolheaded","floor":1},{"not_picked":["Hologram","Tempest"],"picked":"Leap","floor":3},{"not_picked":["Stack","Gash"],"picked":"Beam Cell","floor":4},{"not_picked":["Go for the Eyes","Reinforced Body"],"picked":"Reprogram","floor":5},{"not_picked":["Rainbow","Electrodynamics"],"picked":"Chill","floor":10},{"not_picked":["Sweeping Beam","Go for the Eyes"],"picked":"Rebound","floor":11}],"player_experience":360422,"relics_obtained":[{"floor":9,"key":"Singing Bowl"},{"floor":10,"key":"Smiling Mask"}],"event_choices":[{"event_name":"Golden Idol","player_choice":"Take Damage","floor":2,"damage_taken":0}],"boss_relics":[],"items_purged_floors":[],"is_endless":false,"potions_floor_spawned":[3,11],"killed_by":"Lagavulin","ascension_level":8}