{"gold_per_floor":[118,118,138,153,27,53,13,13,37,37,52,7,40,51,51,147,147,160,178,178,178],"floor_reached":21,"playtime":902,"items_purged":["Clumsy"],"score":265,"play_id":"0771a4ec-0bd5-4bed-8eae-17190b4d6cd6","local_time":"20190127171331","is_ascension_mode":true,"campfire_choices":[{"data":"Zap","floor":8,"key":"SMITH"},{"data":"Dualcast","floor":10,"key":"SMITH"},{"floor":15,"key":"REST"}],"neow_cost":"CURSE","seed_source_timestamp":863181571716744,"circlet_count":0,"master_deck":["Strike_B","Strike_B","Strike_B","Strike_B","Defend_B","Defend_B","Defend_B","Defend_B","Zap+1","Dualcast+1","Ball Lightning","Turbo","Compile Driver","Cold Snap","Hologram","Double Energy","Auto Shields","Conserve Battery","Barrage","Rainbow","Creative AI","Redo","Conserve Battery"],"relics":["Cracked Core","Gambling Chip","Lantern","Blood Vial","Boot","Black Star"],"potions_floor_usage":[6,13,18,21],"damage_taken":[{"damage":2,"enemies":"2 Louse","floor":1,"turns":3},{"damage":1,"enemies":"Cultist","floor":3,"turns":3},{"damage":18,"enemies":"Small Slimes","floor":4,"turns":3},{"damage":8,"enemies":"Gremlin Nob","floor":6,"turns":3},{"damage":0,"enemies":"Exordium Wildlife","floor":11,"turns":4},{"damage":3,"enemies":"3 Sentries","floor":13,"turns":5},{"damage":6,"enemies":"3 Louse","floor":14,"turns":3},{"damage":13,"enemies":"The Guardian","floor":16,"turns":11},{"damage":35,"enemies":"3 Byrds","floor":18,"turns":5},{"damage":0,"enemies":"Spheric Guardian","floor":19,"turns":3},{"damage":25,"enemies":"Centurion and Healer","floor":21,"turns":6}],"seed_played":"-7995417587626473499","potions_obtained":[{"floor":2,"key":"Fire Potion"},{"floor":2,"key":"FearPotion"},{"floor":2,"key":"Poison Potion"},{"floor":13,"key":"Dexterity Potion"},{"floor":16,"key":"SpeedPotion"}],"is_trial":false,"path_per_floor":["M","?","M","M","$","E","$","R","T","R","M","$","E","M","R","B",null,"M","M","?","M"],"character_chosen":"DEFECT","items_purchased":["Cold Snap","Double Energy","Conserve Battery"],"campfire_rested":1,"item_purchase_floors":[5,7,12],"current_hp_per_floor":[66,66,65,47,47,39,39,39,39,39,41,41,40,36,58,47,68,35,37,23,0],"gold":178,"neow_bonus":"ONE_RARE_RELIC","is_prod":false,"is_daily":false,"chose_seed":false,"campfire_upgraded":2,"win_rate":0,"timestamp":1548627211,"path_taken":["M","?","?","M","$","E","$","R","T","R","M","?","E","M","R","BOSS","M","M","?","M"],"build_version":"2019-01-23","purchased_purges":1,"victory":false,"max_hp_per_floor":[75,75,75,75,75,75,75,75,75,75,75,75,75,75,75,75,75,75,75,80,80],"card_choices":[{"not_picked":["Stack","Chaos"],"picked":"Ball Lightning","floor":1},{"not_picked":["Leap","Sweeping Beam"],"picked":"Turbo","floor":3},{"not_picked":["Go for the Eyes","Rip and Tear"],"picked":"Compile Driver","floor":4},{"not_picked":["Turbo","Ball Lightning"],"picked":"Hologram","floor":6},{"not_picked":["Scrape","Defragment"],"picked":"Auto Shields","floor":11},{"not_picked":["Storm","Darkness"],"picked":"Barrage","floor":13},{"not_picked":["Ball Lightning","Steam"],"picked":"Rainbow","floor":14},{"not_picked":["Fission","Multi-Cast"],"picked":"Creative AI","floor":16},{"not_picked":["Ball Lightning","Hologram"],"picked":"Redo","floor":18},{"not_picked":["Double Energy","Go for the Eyes"],"picked":"Conserve Battery","floor":19}],"player_experience":226907,"relics_obtained":[{"floor":6,"key":"Lantern"},{"floor":9,"key":"Blood Vial"},{"floor":13,"key":"Boot"}],"event_choices":[{"damage_healed":0,"gold_gain":0,"player_choice":"Got Potions","damage_taken":0,"max_hp_gain":0,"max_hp_loss":0,"event_name":"Lab","floor":2,"gold_loss":0},{"damage_healed":0,"gold_gain":0,"player_choice":"Shed Blood","damage_taken":19,"max_hp_gain":5,"max_hp_loss":0,"event_name":"Forgotten Altar","floor":20,"gold_loss":0}],"is_beta":false,"boss_relics":[{"not_picked":["White Beast Statue","Coffee Dripper"],"picked":"Black Star"}],"items_purged_floors":[5],"is_endless":false,"potions_floor_spawned":[3,13,16],"killed_by":"Centurion and Healer","ascension_level":8}