{"gold_per_floor":[362,45,0,0,11,44,64,19,19,19,34,44,64,83,83,162,162,172,186,204,216,216,216,234,246,270,270,285,285],"floor_reached":29,"playtime":1414,"items_purged":[],"score":408,"play_id":"77a3997b-ffd7-4ed4-a503-f3844d5525a6","local_time":"20180826221722","is_ascension_mode":true,"campfire_choices":[{"data":"Backstab","floor":10,"key":"SMITH"},{"data":"Cloak And Dagger","floor":15,"key":"SMITH"},{"floor":23,"key":"REST"},{"floor":27,"key":"REST"}],"neow_cost":"PERCENT_DAMAGE","seed_source_timestamp":173452639965512,"circlet_count":0,"master_deck":["Defend_G","Defend_G","Defend_G","Defend_G","Strike_G","Strike_G","Survivor","Neutralize","AscendersBane","Cloak And Dagger+1","Tools of the Trade","Transmutation","Slice","Unload","Backstab+1","Dagger Spray","Dash","Underhanded Strike","Well Laid Plans","Flying Knee","Malaise","Bane+1","Caltrops+1","Well Laid Plans+1","Cloak And Dagger","Tactician","Calculated Gamble","Eviscerate","Deflect","Expertise+1"],"relics":["Ring of the Snake","Bag of Marbles","The Courier","Astrolabe","Vajra"],"potions_floor_usage":[7,16,16,19,21,24,24,28],"damage_taken":[{"damage":1,"enemies":"Cultist","floor":1,"turns":4},{"damage":1,"enemies":"2 Louse","floor":5,"turns":3},{"damage":24,"enemies":"Lagavulin","floor":6,"turns":13},{"damage":1,"enemies":"Small Slimes","floor":7,"turns":4},{"damage":1,"enemies":"Red Slaver","floor":11,"turns":3},{"damage":6,"enemies":"2 Fungi Beasts","floor":12,"turns":2},{"damage":0,"enemies":"Large Slime","floor":13,"turns":4},{"damage":0,"enemies":"Looter","floor":14,"turns":2},{"damage":10,"enemies":"Hexaghost","floor":16,"turns":9},{"damage":3,"enemies":"3 Byrds","floor":18,"turns":3},{"damage":6,"enemies":"Chosen","floor":19,"turns":4},{"damage":32,"enemies":"Shelled Parasite and Fungi","floor":20,"turns":7},{"damage":9,"enemies":"Centurion and Healer","floor":21,"turns":5},{"damage":6,"enemies":"Chosen and Byrds","floor":24,"turns":4},{"damage":34,"enemies":"3 Cultists","floor":25,"turns":7},{"damage":8,"enemies":"Snake Plant","floor":28,"turns":2},{"damage":0,"enemies":"Centurion and Healer","floor":29,"turns":1}],"seed_played":"7802684707136254869","potions_obtained":[{"floor":6,"key":"Fruit Juice"},{"floor":7,"key":"Energy Potion"},{"floor":12,"key":"Fire Potion"},{"floor":14,"key":"PowerPotion"},{"floor":16,"key":"Fire Potion"},{"floor":18,"key":"Explosive Potion"},{"floor":19,"key":"LiquidBronze"},{"floor":22,"key":"Regen Potion"},{"floor":22,"key":"SpeedPotion"},{"floor":24,"key":"LiquidBronze"},{"floor":28,"key":"Explosive Potion"}],"is_trial":false,"path_per_floor":["M","$","?","?","M","E","M","$","T","R","M","M","M","M","R","B",null,"M","M","M","M","?","R","M","M","T","R","M"],"character_chosen":"THE_SILENT","items_purchased":["Tools of the Trade","Transmutation","Dagger Spray"],"campfire_rested":2,"item_purchase_floors":[2,2,8],"current_hp_per_floor":[43,43,43,43,42,18,22,22,22,22,21,15,15,15,15,5,55,52,50,18,9,9,30,38,4,4,25,17,17],"gold":285,"neow_bonus":"TWO_FIFTY_GOLD","is_prod":false,"is_daily":false,"chose_seed":false,"campfire_upgraded":2,"win_rate":0,"timestamp":1535336242,"path_taken":["M","$","?","?","M","E","M","$","T","R","M","M","M","M","R","BOSS","M","?","?","M","?","R","M","M","T","R","M","M"],"build_version":"2018-08-23v2","purchased_purges":0,"victory":false,"max_hp_per_floor":[66,66,66,66,66,66,71,71,71,71,71,71,71,71,71,71,71,71,71,71,71,71,71,71,71,71,71,71,71],"card_choices":[{"not_picked":["Eviscerate","Deflect"],"picked":"Cloak And Dagger","floor":1},{"not_picked":["Expertise","Outmaneuver"],"picked":"Slice","floor":5},{"not_picked":["Sucker Punch","Well Laid Plans"],"picked":"Unload","floor":6},{"not_picked":["Prepared","Backflip"],"picked":"Backstab","floor":7},{"not_picked":["Backflip","Dagger Throw"],"picked":"Dash","floor":11},{"not_picked":["Dagger Throw","Prepared"],"picked":"Underhanded Strike","floor":12},{"not_picked":["Tools of the Trade","Acrobatics"],"picked":"Well Laid Plans","floor":13},{"not_picked":["Accuracy","Dagger Throw"],"picked":"Flying Knee","floor":14},{"not_picked":["Corpse Explosion","Bullet Time"],"picked":"Malaise","floor":16},{"not_picked":["Bane","Slice"],"picked":"Cloak And Dagger","floor":18},{"not_picked":["Flying Knee+1","Riddle With Holes"],"picked":"Tactician","floor":19},{"not_picked":["Quick Slash","Masterful Stab"],"picked":"Calculated Gamble","floor":20},{"not_picked":["Predator","Flying Knee"],"picked":"Eviscerate","floor":21},{"not_picked":["Blade Dance","Flying Knee","Caltrops"],"picked":"SKIP","floor":24},{"not_picked":["Dagger Spray","Dodge and Roll"],"picked":"Deflect","floor":25},{"not_picked":["Slice","Crippling Poison"],"picked":"Expertise+1","floor":28}],"player_experience":617040,"relics_obtained":[{"floor":6,"key":"Bag of Marbles"},{"floor":9,"key":"The Courier"},{"floor":26,"key":"Vajra"}],"event_choices":[{"event_name":"World of Goop","player_choice":"Left","floor":3,"damage_taken":0},{"event_name":"Purifier","player_choice":"One Purge","floor":4,"damage_taken":0},{"event_name":"The Lab","player_choice":"Got Potions","floor":22,"damage_taken":0}],"is_beta":false,"boss_relics":[{"not_picked":["Busted Crown","Eternal Feather"],"picked":"Astrolabe"}],"items_purged_floors":[],"is_endless":false,"potions_floor_spawned":[6,7,12,14,16,18,19,24,28],"killed_by":"Centurion and Healer","ascension_level":15}