{"gold_per_floor":[114,189,189,189,204,204,234,249,249,249,249,264,264,279,279,379,379,394,409,424,424,424,424,454,469,519,35,50,80,80,110,110,210,210,225,240,255,255,270,270,285,300,300,315,315,315,330,345,345,345],"floor_reached":51,"playtime":2221,"items_purged":["Strike_R"],"score":788,"play_id":"6f278b3d-2ee5-4680-b0a4-cc09c3b794ab","local_time":"20180730195429","daily_mods":["Diverse","Lethality","Terminal"],"is_ascension_mode":false,"campfire_choices":[{"data":"Cloak And Dagger","floor":6.0,"key":"SMITH"},{"data":"Flex","floor":11.0,"key":"SMITH"},{"data":"Backflip","floor":13.0,"key":"SMITH"},{"data":"Bash","floor":15.0,"key":"SMITH"},{"data":"Fusion","floor":23.0,"key":"SMITH"},{"data":"Body Slam","floor":30.0,"key":"SMITH"},{"data":"Auto Shields","floor":32.0,"key":"SMITH"},{"data":"Conserve Battery","floor":40.0,"key":"SMITH"},{"floor":49,"key":"DIG"}],"neow_cost":"","seed_source_timestamp":0,"circlet_count":0,"master_deck":["Strike_R","Strike_R","Strike_R","Strike_R","Defend_R+1","Defend_R","Defend_R","Defend_R+1","Bash+1","Cloak And Dagger+1","Shrug It Off","Auto Shields+1","Flex+1","Backflip+1","Core Surge","Body Slam+1","Fusion+1","Reinforced Body","Conserve Battery+1","Cold Snap","Sweeping Beam","Thunderclap","Blade Dance+1","Finesse+1","Panacea+1","Escape Plan+1","Offering+1","Riddle With Holes+1","Cloak And Dagger+1","PiercingWail+1","Madness+1","Madness+1","True Grit+1","Cold Snap+1","Double Tap+1","Deflect+1"],"special_seed":17742,"relics":["Burning Blood","Singing Bowl","Self Forming Clay","Letter Opener","The Courier","Orrery","Mercury Hourglass","Omamori","Regal Pillow","Toxic Egg 2","Frozen Egg 2","Gambling Chip","Philosopher\u0027s Stone","Shovel","Mango","Meat on the Bone","Shuriken"],"potions_floor_usage":[45,50,50,50],"damage_taken":[{"damage":0.0,"enemies":"Cultist","floor":1.0,"turns":2.0},{"damage":0.0,"enemies":"Jaw Worm","floor":5.0,"turns":3.0},{"damage":11.0,"enemies":"Lagavulin","floor":7.0,"turns":5.0},{"damage":0.0,"enemies":"2 Louse","floor":8.0,"turns":2.0},{"damage":0.0,"enemies":"Blue Slaver","floor":12.0,"turns":3.0},{"damage":0.0,"enemies":"2 Fungi Beasts","floor":14.0,"turns":2.0},{"damage":16.0,"enemies":"The Guardian","floor":16.0,"turns":9.0},{"damage":25.0,"enemies":"3 Byrds","floor":18.0,"turns":5.0},{"damage":14.0,"enemies":"2 Thieves","floor":19.0,"turns":4.0},{"damage":14.0,"enemies":"Cultist and Chosen","floor":20.0,"turns":8.0},{"damage":0.0,"enemies":"Gremlin Leader","floor":24.0,"turns":8.0},{"damage":9.0,"enemies":"Snake Plant","floor":25.0,"turns":3.0},{"damage":3.0,"enemies":"Chosen and Byrds","floor":28.0,"turns":4.0},{"damage":27.0,"enemies":"Book of Stabbing","floor":29.0,"turns":4.0},{"damage":23.0,"enemies":"Slavers","floor":31.0,"turns":4.0},{"damage":29.0,"enemies":"Automaton","floor":33.0,"turns":10.0},{"damage":4.0,"enemies":"3 Darklings","floor":35.0,"turns":4.0},{"damage":12.0,"enemies":"Orb Walker","floor":36.0,"turns":3.0},{"damage":0.0,"enemies":"3 Darklings","floor":37.0,"turns":3.0},{"damage":14.0,"enemies":"Maw","floor":39.0,"turns":6.0},{"damage":6.0,"enemies":"Spire Growth","floor":41.0,"turns":2.0},{"damage":5.0,"enemies":"3 Darklings","floor":42.0,"turns":1.0},{"damage":5.0,"enemies":"Flame Bruiser 2 Orb","floor":44.0,"turns":1.0},{"damage":34,"floor":45,"turns":5},{"damage":16,"enemies":"Maw","floor":47,"turns":5},{"damage":5,"enemies":"Transient","floor":48,"turns":5},{"damage":44,"enemies":"Time Eater","floor":50,"turns":10}],"seed_played":"3676121671515635212","potions_obtained":[{"floor":5.0,"key":"Ancient Potion"},{"floor":8.0,"key":"Energy Potion"},{"floor":12.0,"key":"SpeedPotion"},{"floor":18.0,"key":"SteroidPotion"},{"floor":19.0,"key":"LiquidBronze"},{"floor":24.0,"key":"Fruit Juice"},{"floor":25.0,"key":"LiquidBronze"},{"floor":35.0,"key":"Dexterity Potion"},{"floor":42.0,"key":"SpeedPotion"},{"floor":45,"key":"LiquidBronze"}],"is_trial":false,"path_per_floor":["M","?","?","T","M","R","E","M","T","?","R","M","R","M","R","B",null,"M","M","M","?","T","R","E","M","T","$","M","E","R","E","R","B",null,"M","M","M","?","M","R","M","M","T","M","?","T","M","M","R","B"],"character_chosen":"IRONCLAD","items_purchased":["Toxic Egg 2","Blade Dance+1","Finesse+1","Panacea+1"],"campfire_rested":0,"item_purchase_floors":[27,27,27,27],"current_hp_per_floor":[78,67,64,64,70,70,65,71,70,56,56,62,62,67,66,56,68,49,41,33,54,54,54,62,64,64,64,64,45,45,30,30,7,62,61,55,59,52,46,46,46,47,47,48,36,36,38,53,53,27],"gold":345,"neow_bonus":"","is_prod":false,"is_daily":true,"chose_seed":false,"campfire_upgraded":8,"win_rate":0,"timestamp":1532994869,"path_taken":["M","?","?","?","M","R","E","M","T","?","R","M","R","?","R","BOSS","M","?","M","?","?","R","E","M","T","$","M","E","R","E","R","BOSS","M","M","M","?","M","R","M","?","T","M","?","?","M","?","R","BOSS"],"build_version":"2018-07-26","purchased_purges":1,"victory":true,"max_hp_per_floor":[78,77,76,75,74,73,72,71,70,69,68,67,66,67,66,65,68,67,66,65,64,63,62,63,67,66,65,64,65,64,65,64,63,62,61,60,59,58,59,58,57,56,55,54,69,68,67,68,67,66],"card_choices":[{"not_picked":["True Grit","Havoc"],"picked":"Cloak And Dagger","floor":1.0},{"not_picked":["Hologram","Body Slam"],"picked":"Shrug It Off","floor":5.0},{"not_picked":["Steam","Combust"],"picked":"Auto Shields","floor":7.0},{"not_picked":["Machine Learning","Rebound"],"picked":"Flex","floor":8.0},{"not_picked":["Redo","Sucker Punch"],"picked":"Backflip","floor":12.0},{"not_picked":["Poisoned Stab","Perfected Strike","Outmaneuver"],"picked":"Singing Bowl","floor":14.0},{"not_picked":["Reaper","Multi-Cast"],"picked":"Core Surge","floor":16.0},{"not_picked":["Cloak And Dagger","Backflip"],"picked":"Body Slam","floor":17.0},{"not_picked":["Warcry","Perfected Strike"],"picked":"Fusion","floor":17.0},{"not_picked":["Burning Pact","Rebound","Tempest"],"picked":"Singing Bowl","floor":17.0},{"not_picked":["Gash","Dropkick"],"picked":"Reinforced Body","floor":17.0},{"not_picked":["Stack","Redo","Burning Pact"],"picked":"Singing Bowl","floor":17.0},{"not_picked":["Wild Strike","Clash+1"],"picked":"Conserve Battery","floor":18.0},{"not_picked":["Compile Driver","Dodge and Roll"],"picked":"Cold Snap","floor":19.0},{"not_picked":["Beam Cell","Venomology"],"picked":"Sweeping Beam","floor":20.0},{"not_picked":["Spot Weakness","Pommel Strike+1","Rampage"],"picked":"Singing Bowl","floor":24.0},{"not_picked":["Coolheaded","Accuracy"],"picked":"Thunderclap","floor":25.0},{"not_picked":["Rip and Tear","Reckless Charge+1"],"picked":"Escape Plan+1","floor":28.0},{"not_picked":["Perfected Strike+1","Thunder Strike","Quick Slash"],"picked":"Singing Bowl","floor":29.0},{"not_picked":["Sucker Punch","Catalyst+1","Thunderclap"],"picked":"Singing Bowl","floor":31.0},{"not_picked":["Feed","Thunder Strike"],"picked":"Offering+1","floor":33.0},{"not_picked":["Rip and Tear","Quick Slash"],"picked":"Riddle With Holes+1","floor":35.0},{"not_picked":["Thunderclap+1","Corruption+1"],"picked":"Cloak And Dagger+1","floor":36.0},{"not_picked":["Carnage+1","Redo+1"],"picked":"PiercingWail+1","floor":37.0},{"not_picked":["Burning Pact+1","Rupture+1","Blizzard+1"],"picked":"Singing Bowl","floor":39.0},{"not_picked":["Dagger Spray","Coolheaded+1"],"picked":"True Grit+1","floor":41.0},{"not_picked":["Cleave+1","Compile Driver+1"],"picked":"Cold Snap+1","floor":42.0},{"not_picked":["Twin Strike+1","Dagger Spray"],"picked":"Double Tap+1","floor":44.0},{"not_picked":["Backflip+1","Ball Lightning","Stack+1"],"picked":"Singing Bowl","floor":45},{"not_picked":["Anger+1","Backflip+1"],"picked":"Deflect+1","floor":47},{"not_picked":["Barrage","Acrobatics+1","PiercingWail+1"],"picked":"Singing Bowl","floor":48}],"player_experience":542507,"relics_obtained":[{"floor":4.0,"key":"Self Forming Clay"},{"floor":7.0,"key":"Letter Opener"},{"floor":9.0,"key":"The Courier"},{"floor":22.0,"key":"Mercury Hourglass"},{"floor":24.0,"key":"Omamori"},{"floor":26.0,"key":"Regal Pillow"},{"floor":29.0,"key":"Frozen Egg 2"},{"floor":31.0,"key":"Gambling Chip"},{"floor":43.0,"key":"Shovel"},{"floor":45,"key":"Mango"},{"floor":46,"key":"Meat on the Bone"},{"floor":49,"key":"Shuriken"}],"event_choices":[{"event_name":"World of Goop","player_choice":"Gather Gold","floor":2.0,"damage_taken":0.0},{"event_name":"Scrap Ooze","player_choice":"success","floor":3.0,"damage_taken":3.0},{"event_name":"Shining Light","player_choice":"Entered Light","floor":10.0,"damage_taken":0.0},{"event_name":"The Library","player_choice":"Heal","floor":21.0,"damage_taken":0.0},{"event_name":"Winding Halls","player_choice":"Embrace Madness","floor":38.0,"damage_taken":0.0},{"event_name":"MindBloom","player_choice":"Fight","floor":45,"damage_taken":0}],"is_beta":false,"boss_relics":[{"not_picked":["Runic Cube","Velvet Choker"],"picked":"Orrery"},{"not_picked":["Eternal Feather","White Beast Statue"],"picked":"Philosopher\u0027s Stone"}],"items_purged_floors":[27],"is_endless":false,"potions_floor_spawned":[5,8,12,18,19,24,25,35,42,44,45,47],"ascension_level":0}