{"gold_per_floor":[109,119,138,148,163,163,163,163,163,163,213,229,249,284,296,308],"floor_reached":16,"playtime":804,"items_purged":[],"score":192,"play_id":"4e1dad46-f76a-49d0-a856-d7b4e94280c3","local_time":"20180921213048","is_ascension_mode":true,"campfire_choices":[{"data":"Streamline","floor":6,"key":"SMITH"},{"data":"Zap","floor":8,"key":"SMITH"},{"data":"Dualcast","floor":10,"key":"SMITH"},{"data":"Conserve Battery","floor":15,"key":"SMITH"}],"neow_cost":"NONE","seed_source_timestamp":538336361542779,"circlet_count":0,"master_deck":["Strike_B","Strike_B","Strike_B","Strike_B","Defend_B","Defend_B","Defend_B","Defend_B","Zap+1","Dualcast+1","AscendersBane","Seek","Sweeping Beam","Streamline+1","Turbo","Rebound","Conserve Battery+1","Leap","Cold Snap"],"relics":["Cracked Core","Shuriken","MawBank"],"potions_floor_usage":[2,5],"damage_taken":[{"damage":1,"enemies":"Cultist","floor":1,"turns":3},{"damage":2,"enemies":"Small Slimes","floor":2,"turns":2},{"damage":2,"enemies":"Jaw Worm","floor":3,"turns":3},{"damage":7,"enemies":"Exordium Thugs","floor":4,"turns":4},{"damage":24,"enemies":"Exordium Wildlife","floor":5,"turns":5},{"damage":11,"enemies":"Blue Slaver","floor":12,"turns":3},{"damage":7,"enemies":"Looter","floor":13,"turns":3},{"damage":14,"enemies":"Lagavulin","floor":14,"turns":5},{"damage":27,"enemies":"Hexaghost","floor":16,"turns":7}],"seed_played":"-3881871934018827889","potions_obtained":[{"floor":1,"key":"Explosive Potion"},{"floor":4,"key":"Fruit Juice"},{"floor":5,"key":"Energy Potion"}],"is_trial":false,"path_per_floor":["M","M","M","M","M","R","?","R","T","R","?","M","M","E","R"],"character_chosen":"DEFECT","items_purchased":[],"campfire_rested":0,"item_purchase_floors":[],"current_hp_per_floor":[63,61,59,52,33,33,58,58,58,58,58,47,40,26,26,0],"gold":308,"neow_bonus":"ONE_RANDOM_RARE_CARD","is_prod":false,"is_daily":false,"chose_seed":false,"campfire_upgraded":4,"win_rate":0,"timestamp":1537579848,"path_taken":["M","?","M","M","M","R","?","R","T","R","?","M","M","E","R","BOSS"],"build_version":"2018-09-20","purchased_purges":0,"victory":false,"max_hp_per_floor":[71,71,71,71,76,76,76,76,76,76,76,76,76,76,76,76],"card_choices":[{"not_picked":["Heatsinks","Recycle"],"picked":"Sweeping Beam","floor":1},{"not_picked":["Chaos","Hello World"],"picked":"Streamline","floor":2},{"not_picked":["Ball Lightning","Redo"],"picked":"Turbo","floor":3},{"not_picked":["Recycle","Barrage"],"picked":"Rebound","floor":4},{"not_picked":["Storm","Chaos","Gash"],"picked":"SKIP","floor":5},{"not_picked":["Force Field","Stack"],"picked":"Conserve Battery","floor":12},{"not_picked":["Consume","Redo"],"picked":"Leap","floor":13},{"not_picked":["Genetic Algorithm","Undo"],"picked":"Cold Snap","floor":14}],"player_experience":681969,"relics_obtained":[{"floor":9,"key":"Shuriken"},{"floor":14,"key":"MawBank"}],"event_choices":[{"event_name":"Big Fish","player_choice":"Banana","floor":7,"damage_taken":0},{"event_name":"Golden Shrine","player_choice":"Pray","floor":11,"damage_taken":0}],"is_beta":false,"boss_relics":[],"items_purged_floors":[],"is_endless":false,"potions_floor_spawned":[1,4,5],"killed_by":"Hexaghost","ascension_level":17}