{"gold_per_floor":[114,11,26,41,56,56,56,81,131,161,161,161,161,180,180,305,305,324,324,26,26,26,64,83,102,102,140,140,140,140,140,140,265,295,314,74,93,426,426,456,456,506,531,531,546,546,546,91,91,91],"floor_reached":51,"playtime":1805,"items_purged":[],"score":1082,"play_id":"cb51836b-809d-4155-aa31-0e5750fa79c6","local_time":"20180728204316","daily_mods":["Specialized","Cursed Run","Binary"],"is_ascension_mode":false,"campfire_choices":[{"data":"Mind Blast","floor":6,"key":"SMITH"},{"floor":11,"key":"REST"},{"data":"Cloak And Dagger","floor":13,"key":"SMITH"},{"data":"Flying Knee","floor":15,"key":"SMITH"},{"data":"Glass Knife","floor":30,"key":"SMITH"},{"floor":32,"key":"REST"},{"floor":41,"key":"DIG"},{"floor":44,"key":"DIG"},{"floor":49,"key":"REST"}],"neow_cost":"","seed_source_timestamp":0,"circlet_count":0,"master_deck":["Defend_G","Defend_G","Defend_G","Defend_G","Survivor","Neutralize","Night Terror","Night Terror","Well Laid Plans","Mind Blast+1","Acrobatics","Calculated Gamble","Cloak And Dagger+1","Decay","Writhe","Flying Knee+1","Injury","Backflip","Pain","Glass Knife+1","Accuracy+1","Sucker Punch+1","Prepared+1","Expertise+1","Neutralize","Deflect","Dagger Spray","Blade Dance","PiercingWail","Bite","Bite","Bite","Bite","Bite","RitualDagger","Parasite","Bullet Time","Doubt","Clumsy","Regret","Poisoned Stab+1","Underhanded Strike+1","Riddle With Holes","Pain","Normality","Blur","Clumsy","Clumsy","Tools of the Trade+1","Footwork+1","Thinking Ahead","Madness","Slice+1","Decay"],"special_seed":17741,"relics":["Cursed Key","Darkstone Periapt","Du-Vu Doll","Ancient Tea Set","Bag of Marbles","Juzu Bracelet","Astrolabe","Shuriken","Omamori","Letter Opener","Mango","The Courier","Calling Bell","Tiny Chest","Ornamental Fan","Dead Branch","Shovel","Tingsha","Frozen Egg 2","Art of War","Centennial Puzzle","Strawberry","Blood Vial","Dream Catcher","Ginger"],"potions_floor_usage":[10,16,16,33,40,50],"damage_taken":[{"damage":10,"enemies":"Cultist","floor":1,"turns":6},{"damage":7,"enemies":"Jaw Worm","floor":3,"turns":5},{"damage":0,"enemies":"Small Slimes","floor":4,"turns":5},{"damage":9,"enemies":"3 Louse","floor":5,"turns":4},{"damage":34,"enemies":"Gremlin Nob","floor":10,"turns":4},{"damage":7,"enemies":"Blue Slaver","floor":14,"turns":2},{"damage":0,"enemies":"Slime Boss","floor":16,"turns":8},{"damage":10,"enemies":"Chosen","floor":18,"turns":2},{"damage":19,"enemies":"Slavers","floor":23,"turns":4},{"damage":7,"enemies":"3 Byrds","floor":24,"turns":4},{"damage":14,"enemies":"Slaver and Parasite","floor":25,"turns":3},{"damage":17,"enemies":"Book of Stabbing","floor":27,"turns":4},{"damage":58,"enemies":"Automaton","floor":33,"turns":8},{"damage":4,"enemies":"3 Shapes","floor":35,"turns":2},{"damage":0,"enemies":"Orb Walker","floor":37,"turns":1},{"damage":41,"floor":39,"turns":4},{"damage":47,"enemies":"Giant Head","floor":40,"turns":7},{"damage":29,"enemies":"Sphere and 2 Shapes","floor":45,"turns":4},{"damage":60,"enemies":"Awakened One","floor":50,"turns":8}],"seed_played":"3633398992768724987","potions_obtained":[{"floor":1,"key":"Strength Potion"},{"floor":3,"key":"PowerPotion"},{"floor":14,"key":"Dexterity Potion"},{"floor":25,"key":"SpeedPotion"},{"floor":27,"key":"Block Potion"},{"floor":33,"key":"Regen Potion"},{"floor":39,"key":"SpeedPotion"},{"floor":40,"key":"SteroidPotion"}],"is_trial":false,"path_per_floor":["M","$","M","M","M","R","?","T","T","E","R","?","R","M","R","B",null,"M","?","$","?","?","E","M","M","T","E","?","?","R","T","R","B",null,"M","$","M","?","?","E","R","T","T","R","M","T","T","$","R","B"],"character_chosen":"THE_SILENT","items_purchased":["Mind Blast","Shuriken","Deflect","Shovel","Tools of the Trade+1","Footwork+1","Thinking Ahead","Madness","Strength Potion"],"campfire_rested":3,"item_purchase_floors":[2,20,20,36,48,48,48,48,48],"current_hp_per_floor":[60,60,53,53,44,44,37,43,49,15,39,45,45,38,38,44,94,84,84,84,84,84,65,58,44,44,41,41,35,35,35,57,19,99,99,99,99,99,62,40,40,46,59,59,36,42,48,48,87,43],"gold":91,"neow_bonus":"","is_prod":false,"is_daily":true,"chose_seed":false,"campfire_upgraded":4,"win_rate":0,"timestamp":1532824996,"path_taken":["M","?","?","M","M","R","?","?","T","E","R","?","R","M","R","BOSS","M","?","$","?","?","E","M","M","T","E","?","?","R","?","R","BOSS","M","$","M","?","?","E","R","?","T","R","M","?","?","$","R","BOSS"],"build_version":"2018-07-26","purchased_purges":0,"victory":true,"max_hp_per_floor":[70,70,70,70,70,70,70,76,82,82,82,88,88,88,88,94,94,94,94,94,94,94,94,94,94,94,108,75,75,75,75,75,81,99,99,99,99,99,99,99,99,105,118,118,118,124,130,130,130,136],"card_choices":[{"not_picked":["Concentrate"],"picked":"Well Laid Plans","floor":1},{"not_picked":["Deflect"],"picked":"Acrobatics","floor":3},{"not_picked":["Masterful Stab"],"picked":"Calculated Gamble","floor":4},{"not_picked":["Flying Knee"],"picked":"Cloak And Dagger","floor":5},{"not_picked":["Well Laid Plans"],"picked":"Flying Knee","floor":10},{"not_picked":["Cloak And Dagger"],"picked":"Backflip","floor":14},{"not_picked":["Night Terror"],"picked":"Glass Knife","floor":16},{"not_picked":["PiercingWail"],"picked":"Expertise+1","floor":18},{"not_picked":["Bane","Outmaneuver"],"picked":"SKIP","floor":23},{"not_picked":["Accuracy"],"picked":"Blade Dance","floor":24},{"not_picked":["Underhanded Strike+1","Dagger Spray"],"picked":"SKIP","floor":25},{"not_picked":["Prepared+1"],"picked":"PiercingWail","floor":27},{"not_picked":["Die Die Die"],"picked":"Bullet Time","floor":33},{"not_picked":["Dagger Throw","Bane+1"],"picked":"SKIP","floor":35},{"not_picked":["Prepared"],"picked":"Poisoned Stab+1","floor":37},{"not_picked":["Flying Knee"],"picked":"Underhanded Strike+1","floor":39},{"not_picked":["Night Terror"],"picked":"Riddle With Holes","floor":40},{"not_picked":["Deflect"],"picked":"Blur","floor":45},{"not_picked":["Prepared"],"picked":"Slice+1","floor":49}],"player_experience":540320,"relics_obtained":[{"floor":8,"key":"Ancient Tea Set"},{"floor":9,"key":"Bag of Marbles"},{"floor":10,"key":"Juzu Bracelet"},{"floor":23,"key":"Omamori"},{"floor":26,"key":"Letter Opener"},{"floor":27,"key":"Mango"},{"floor":31,"key":"The Courier"},{"floor":34,"key":"Tiny Chest"},{"floor":34,"key":"Ornamental Fan"},{"floor":34,"key":"Dead Branch"},{"floor":39,"key":"Tingsha"},{"floor":40,"key":"Frozen Egg 2"},{"floor":41,"key":"Art of War"},{"floor":42,"key":"Centennial Puzzle"},{"floor":43,"key":"Strawberry"},{"floor":44,"key":"Blood Vial"},{"floor":46,"key":"Dream Catcher"},{"floor":47,"key":"Ginger"}],"event_choices":[{"event_name":"Golden Wing","player_choice":"Card Removal","floor":7,"damage_taken":0},{"event_name":"Golden Idol","player_choice":"Take Wound","floor":12,"damage_taken":0},{"event_name":"Match and Keep!","player_choice":"1 cards matched","floor":19,"damage_taken":0},{"event_name":"Beggar","player_choice":"Ignored","floor":21,"damage_taken":0},{"event_name":"The Library","player_choice":"Read","floor":22,"damage_taken":0},{"event_name":"Vampires","player_choice":"Became a vampire","floor":28,"damage_taken":0},{"event_name":"Nest","player_choice":"Joined the Cult","floor":29,"damage_taken":0},{"event_name":"The Moai Head","player_choice":"Gave Idol","floor":38,"damage_taken":0},{"event_name":"MindBloom","player_choice":"Fight","floor":39,"damage_taken":0}],"is_beta":false,"boss_relics":[{"not_picked":["Eternal Feather","Lizard Tail"],"picked":"Astrolabe"},{"not_picked":["Philosopher\u0027s Stone","HoveringKite"],"picked":"Calling Bell"}],"items_purged_floors":[],"is_endless":false,"potions_floor_spawned":[1,3,14,25,27,33,39,40],"ascension_level":0}