{"gold_per_floor":[109,109,121,121,135,165,165,165,190,0,0,14,14,34,34,163,163,181,201,226,226,9,40,40,58,58,96,96,96,96,112,112,238,238,252,127,488,0,0,0,39,39,62,75,90,90,90,109,109,109],"floor_reached":51,"playtime":11100,"items_purged":["Defend_G","Strike_G","Strike_G","Defend_G"],"score":713,"play_id":"4a2df61a-1c84-42d3-a086-95b50db15361","local_time":"20180630015400","is_ascension_mode":false,"campfire_choices":[{"data":"Backflip","floor":8,"key":"SMITH"},{"data":"Noxious Fumes","floor":15,"key":"SMITH"},{"floor":24,"key":"REST"},{"floor":28,"key":"REST"},{"floor":32,"key":"REST"},{"floor":40,"key":"REST"},{"data":"Reflex","floor":42,"key":"SMITH"},{"floor":46,"key":"REST"},{"floor":49,"key":"REST"}],"neow_cost":"NONE","seed_source_timestamp":174541713545403,"circlet_count":0,"master_deck":["Survivor","Neutralize","Backflip+1","Well Laid Plans","Wraith Form v2","Prepared","Noxious Fumes+1","Poisoned Stab","Glass Knife","Prepared","Noxious Fumes","Poisoned Stab","Bane+1","Deflect+1","Tools of the Trade","Underhanded Strike+1","Dash+1","Accuracy+1","Noxious Fumes","Dagger Spray","Thinking Ahead","Neutralize","Reflex+1","Deflect+1","Acrobatics+1"],"relics":["Ring of the Snake","Ancient Tea Set","Golden Idol","Empty Cage","Nloth\u0027s Gift","Pear","Bag of Preparation","Strawberry","Paper Crane","Astrolabe","Old Coin","Pen Nib","Art of War","Omamori"],"potions_floor_usage":[16,19,23,23,33,35,37,50],"damage_taken":[{"damage":0,"enemies":"Jaw Worm","floor":1,"turns":5},{"damage":0,"enemies":"2 Louse","floor":3,"turns":4},{"damage":0,"enemies":"Cultist","floor":5,"turns":4},{"damage":27,"enemies":"3 Sentries","floor":6,"turns":12},{"damage":3,"enemies":"Blue Slaver","floor":12,"turns":3},{"damage":0,"enemies":"Exordium Wildlife","floor":14,"turns":6},{"damage":43,"enemies":"The Guardian","floor":16,"turns":10},{"damage":6,"enemies":"3 Byrds","floor":18,"turns":5},{"damage":0,"enemies":"2 Thieves","floor":19,"turns":5},{"damage":15,"enemies":"Slaver and Parasite","floor":20,"turns":9},{"damage":31,"enemies":"Book of Stabbing","floor":23,"turns":7},{"damage":14,"enemies":"Snake Plant","floor":25,"turns":5},{"damage":25,"enemies":"Gremlin Leader","floor":27,"turns":6},{"damage":0,"enemies":"Centurion and Healer","floor":31,"turns":5},{"damage":60,"enemies":"Champ","floor":33,"turns":12},{"damage":19,"enemies":"3 Shapes","floor":35,"turns":5},{"damage":28,"floor":37,"turns":7},{"damage":24,"enemies":"2 Orb Walkers","floor":41,"turns":5},{"damage":23,"enemies":"3 Darklings","floor":44,"turns":5},{"damage":1,"enemies":"4 Shapes","floor":45,"turns":7},{"damage":7,"enemies":"Maw","floor":48,"turns":7},{"damage":27,"enemies":"Awakened One","floor":50,"turns":16}],"seed_played":"-2395227241244396862","potions_obtained":[{"floor":1,"key":"GhostInAJar"},{"floor":6,"key":"Regen Potion"},{"floor":12,"key":"FearPotion"},{"floor":16,"key":"PowerPotion"},{"floor":19,"key":"SpeedPotion"},{"floor":33,"key":"Explosive Potion"},{"floor":35,"key":"Weak Potion"},{"floor":41,"key":"Explosive Potion"},{"floor":44,"key":"SneckoOil"}],"is_trial":false,"path_per_floor":["M","?","M","?","M","E","?","R","T","$","?","M","?","M","R","B",null,"M","M","M","?","$","E","R","M","T","E","R","$","T","M","R","B",null,"M","$","?","$","?","R","E","R","T","M","M","R","?","M","R","B"],"character_chosen":"THE_SILENT","items_purchased":["Noxious Fumes","Poisoned Stab","Noxious Fumes","Poisoned Stab","Thinking Ahead","Pen Nib"],"campfire_rested":6,"item_purchase_floors":[10,10,22,22,38,38],"current_hp_per_floor":[70,70,70,70,70,43,66,66,66,66,49,46,46,46,46,18,70,64,64,49,49,49,28,52,38,38,20,46,46,46,46,72,12,87,68,68,40,40,40,66,42,42,42,19,18,44,44,37,63,36],"gold":109,"neow_bonus":"THREE_CARDS","is_prod":false,"is_daily":false,"chose_seed":false,"campfire_upgraded":3,"win_rate":0,"timestamp":1530320040,"path_taken":["M","?","M","?","M","E","?","R","T","$","?","M","?","M","R","BOSS","M","M","M","?","$","E","R","M","T","E","R","$","?","M","R","BOSS","M","$","?","$","?","R","E","R","T","M","?","R","?","M","R","BOSS"],"build_version":"2018-06-28","purchased_purges":4,"victory":true,"max_hp_per_floor":[70,70,70,70,70,70,70,70,70,70,70,70,70,70,70,70,70,70,70,70,70,70,80,80,80,80,87,87,87,87,87,87,87,87,87,87,87,87,87,87,87,87,87,87,87,87,87,87,87,87],"card_choices":[{"not_picked":["Dodge and Roll","Flying Knee"],"picked":"Backflip","floor":0},{"not_picked":["Leg Sweep","Bane"],"picked":"Well Laid Plans","floor":1},{"not_picked":["Deadly Poison","Endless Agony"],"picked":"Deflect","floor":3},{"not_picked":["Bane","Deadly Poison","Flechettes"],"picked":"SKIP","floor":5},{"not_picked":["After Image","Underhanded Strike"],"picked":"Prepared","floor":6},{"not_picked":["Dagger Spray","Quick Slash","Deflect"],"picked":"SKIP","floor":12},{"not_picked":["Distraction","PiercingWail","Quick Slash"],"picked":"SKIP","floor":14},{"not_picked":["Tactician","Night Terror"],"picked":"Glass Knife","floor":16},{"not_picked":["Dagger Throw+1","PiercingWail","Reflex"],"picked":"SKIP","floor":18},{"not_picked":["Dagger Spray+1","All Out Attack+1"],"picked":"Prepared","floor":19},{"not_picked":["Underhanded Strike","Dagger Throw+1","Flying Knee"],"picked":"SKIP","floor":20},{"not_picked":["Leg Sweep","Reflex"],"picked":"Bane+1","floor":23},{"not_picked":["Eviscerate","PiercingWail","Quick Slash"],"picked":"SKIP","floor":25},{"not_picked":["Masterful Stab","Dash","Backflip"],"picked":"SKIP","floor":27},{"not_picked":["Caltrops","Die Die Die"],"picked":"Deflect+1","floor":31},{"not_picked":["Unload","Doppelganger"],"picked":"Tools of the Trade","floor":33},{"not_picked":["Caltrops","Sucker Punch+1"],"picked":"Noxious Fumes","floor":35},{"not_picked":["Flying Knee","Prepared"],"picked":"Dagger Spray","floor":37},{"not_picked":["Leg Sweep","Dodge and Roll+1"],"picked":"Deflect+1","floor":41},{"not_picked":["Flying Knee","Distraction+1","Deflect"],"picked":"SKIP","floor":44},{"not_picked":["Cloak And Dagger","Envenom","Poisoned Stab"],"picked":"SKIP","floor":45},{"not_picked":["Dagger Spray+1","Cloak And Dagger"],"picked":"Acrobatics+1","floor":48}],"player_experience":227120,"relics_obtained":[{"floor":6,"key":"Ancient Tea Set"},{"floor":9,"key":"Juzu Bracelet"},{"floor":23,"key":"Pear"},{"floor":26,"key":"Bag of Preparation"},{"floor":27,"key":"Strawberry"},{"floor":30,"key":"Paper Crane"},{"floor":37,"key":"Old Coin"},{"floor":41,"key":"Art of War"},{"floor":43,"key":"Omamori"}],"event_choices":[{"event_name":"Liars Game","player_choice":"disagreed","floor":2,"damage_taken":0},{"event_name":"Transmorgrifier","player_choice":"Transform","floor":4,"damage_taken":0},{"event_name":"Big Fish","player_choice":"Banana","floor":7,"damage_taken":0},{"event_name":"Golden Idol","player_choice":"Take Damage","floor":11,"damage_taken":0},{"event_name":"The Cleric","player_choice":"Leave","floor":13,"damage_taken":0},{"event_name":"N\u0027loth","player_choice":"Traded a Juzu Bracelet","floor":21,"damage_taken":0},{"event_name":"Mysterious Sphere","player_choice":"Fight","floor":37,"damage_taken":0},{"event_name":"Match and Keep!","player_choice":"2 cards matched","floor":39,"damage_taken":0},{"event_name":"Falling","player_choice":"Removed Skill","floor":47,"damage_taken":0}],"boss_relics":[{"not_picked":["Coffee Dripper","Velvet Choker"],"picked":"Empty Cage"},{"not_picked":["Cursed Key","Runic Pyramid"],"picked":"Astrolabe"}],"items_purged_floors":[10,22,36,38],"is_endless":false,"potions_floor_spawned":[1,6,12,16,19,33,35,41,44],"ascension_level":0}