{"gold_per_floor":[219,219,229,86,106,131,131,159,213,213,245,261,275,286,286,286],"floor_reached":16,"playtime":758,"items_purged":["Strike_R"],"score":183,"play_id":"8b8f13e5-d50f-41d7-8bed-14257cd7b78c","local_time":"20180705173849","is_ascension_mode":true,"campfire_choices":[{"data":"True Grit","floor":7,"key":"SMITH"},{"data":"Armaments","floor":15,"key":"SMITH"}],"neow_cost":"NONE","seed_source_timestamp":468841283488504,"circlet_count":0,"master_deck":["Strike_R","Strike_R","Strike_R","Strike_R","Defend_R","Defend_R","Defend_R","Defend_R","Bash","AscendersBane","Uppercut","Metallicize","Shrug It Off","True Grit+1","Fire Breathing+1","Regret","Armaments+1","Feel No Pain+1","Heavy Blade","Whirlwind"],"relics":["Burning Blood","Du-Vu Doll","Frozen Egg 2","Dream Catcher","Boot","Letter Opener","Orichalcum"],"potions_floor_usage":[8,8,14,16],"damage_taken":[{"damage":6,"enemies":"Cultist","floor":1,"turns":4},{"damage":0,"enemies":"Small Slimes","floor":3,"turns":3},{"damage":7,"enemies":"Jaw Worm","floor":5,"turns":4},{"damage":23,"enemies":"3 Sentries","floor":6,"turns":13},{"damage":26,"enemies":"Lagavulin","floor":8,"turns":10},{"damage":42,"enemies":"Gremlin Nob","floor":11,"turns":5},{"damage":3,"enemies":"Blue Slaver","floor":12,"turns":5},{"damage":12,"enemies":"Lots of Slimes","floor":13,"turns":4},{"damage":14,"enemies":"3 Louse","floor":14,"turns":4},{"damage":31,"enemies":"Slime Boss","floor":16,"turns":3}],"seed_played":"-6776382755014474153","potions_obtained":[{"floor":1,"key":"Regen Potion"},{"floor":5,"key":"Weak Potion"},{"floor":11,"key":"EssenceOfSteel"},{"floor":14,"key":"BloodPotion"}],"is_trial":false,"path_per_floor":["M","T","M","$","M","E","R","E","T","?","E","M","M","M","R"],"character_chosen":"IRONCLAD","items_purchased":["Metallicize"],"campfire_rested":0,"item_purchase_floors":[4],"current_hp_per_floor":[72,72,78,78,77,60,60,55,55,55,19,22,16,8,8,0],"gold":286,"neow_bonus":"HUNDRED_GOLD","is_prod":false,"is_daily":false,"chose_seed":false,"campfire_upgraded":2,"win_rate":0,"timestamp":1530826729,"path_taken":["M","?","M","$","M","E","R","E","T","?","E","M","M","?","R","BOSS"],"build_version":"2018-06-28","purchased_purges":1,"victory":false,"max_hp_per_floor":[80,80,80,80,80,80,80,80,80,80,80,80,80,80,80,80],"card_choices":[{"not_picked":["Clash","Perfected Strike"],"picked":"Uppercut","floor":1},{"not_picked":["Uppercut","Havoc","Clash"],"picked":"SKIP","floor":3},{"not_picked":["Seeing Red","Uppercut"],"picked":"Shrug It Off","floor":5},{"not_picked":["Thunderclap","Flex"],"picked":"True Grit","floor":6},{"not_picked":["Cleave","Burning Pact"],"picked":"Fire Breathing+1","floor":8},{"not_picked":["Searing Blow","Sentinel"],"picked":"Armaments","floor":11},{"not_picked":["Fire Breathing+1","Armaments"],"picked":"Feel No Pain+1","floor":12},{"not_picked":["Havoc","Cleave"],"picked":"Heavy Blade","floor":13},{"not_picked":["Combust+1","Wild Strike"],"picked":"Whirlwind","floor":14}],"player_experience":379444,"relics_obtained":[{"floor":2,"key":"Du-Vu Doll"},{"floor":6,"key":"Frozen Egg 2"},{"floor":8,"key":"Dream Catcher"},{"floor":9,"key":"Boot"},{"floor":11,"key":"Orichalcum"}],"event_choices":[{"event_name":"Big Fish","player_choice":"Box","floor":10,"damage_taken":0}],"boss_relics":[],"items_purged_floors":[4],"is_endless":false,"potions_floor_spawned":[1,5,11,14],"killed_by":"Slime Boss","ascension_level":10}