{"path_per_floor":["M","?","?","?","$","E","R","E","T","M","E","R","$","M","R","B",null,"M","M","?","M","?"],"character_chosen":"THE_SILENT","items_purchased":["Dash"],"gold_per_floor":[116,66,66,66,66,97,97,132,158,168,200,200,48,65,65,163,193,203,223,223,239,239],"floor_reached":23,"campfire_rested":2,"playtime":1331,"current_hp_per_floor":[70,70,70,70,70,30,51,24,24,19,10,10,10,10,31,17,75,50,34,34,22,47],"items_purged":["Strike_G"],"gold":239,"score":248,"play_id":"c9a9aeb6-2cc1-41b3-b560-ab0d45163003","is_prod":false,"is_daily":false,"is_ascension_mode":true,"campfire_upgraded":1,"path_taken":["M","?","?","?","$","E","R","E","T","M","E","R","?","M","R","BOSS","M","?","?","M","?","E"],"build_version":"2018-02-15-PROD1","purchased_purges":1,"victory":false,"master_deck":["Defend_G+1","Defend_G","Defend_G","Defend_G","Defend_G+1","Strike_G+1","Strike_G","Strike_G","Survivor","Neutralize","Infinite Blades","Regret","Accuracy+1","Backflip","Infinite Blades","Dash","Cloak And Dagger","Die Die Die","Backflip","Acrobatics+1","Decay","Backflip+1"],"max_hp_per_floor":[70,70,70,70,70,70,70,70,70,70,70,70,70,70,70,70,75,75,75,75,75,75],"relics":["Ring of the Snake","Blue Candle","Ancient Tea Set","War Paint","Vajra","Toolbox","Tiny House"],"card_choices":[{"not_picked":["Heel Hook","Masterful Stab"],"picked":"Infinite Blades"},{"not_picked":["Quick Slash","Acrobatics"],"picked":"Accuracy"},{"not_picked":["Cloak And Dagger","Crippling Poison"],"picked":"Backflip"},{"not_picked":["Slice","Underhanded Strike"],"picked":"Infinite Blades"},{"not_picked":["Flying Knee","Wraith Form"],"picked":"Cloak And Dagger"},{"not_picked":["Venomology","Phantasmal Killer"],"picked":"Die Die Die"},{"not_picked":["PiercingWail","Poisoned Stab"],"picked":"Backflip"},{"not_picked":["Outmaneuver","Flying Knee"],"picked":"Acrobatics"},{"not_picked":["Caltrops","Deadly Poison"],"picked":"Backflip"}],"player_experience":172399,"potions_floor_usage":[6,6,8,11,16,21],"damage_taken":[{"damage":0,"enemies":"2 Louse","floor":1,"turns":4},{"damage":55,"enemies":"Lagavulin","floor":6,"turns":11},{"damage":27,"enemies":"3 Sentries","floor":8,"turns":8},{"damage":5,"enemies":"Jaw Worm","floor":10,"turns":5},{"damage":9,"enemies":"Gremlin Nob","floor":11,"turns":4},{"damage":0,"enemies":"Cultist","floor":14,"turns":3},{"damage":26,"enemies":"Slime Boss","floor":16,"turns":8},{"damage":25,"enemies":"3 Byrds","floor":18,"turns":6},{"damage":16,"enemies":"Spheric Guardian","floor":19,"turns":4},{"damage":27,"enemies":"Snake Plant","floor":21,"turns":6},{"damage":47,"enemies":"Book of Stabbing","floor":23,"turns":7}],"event_choices":[{"event_name":"The Cleric","player_choice":"Card Removal","floor":2,"damage_taken":0},{"event_name":"Big Fish","player_choice":"Box","floor":3,"damage_taken":0},{"event_name":"The Lab","player_choice":"Got Potions","floor":4,"damage_taken":0},{"event_name":"Forgotten Altar","player_choice":"Smashed Altar","floor":20,"damage_taken":0},{"event_name":"The Library","player_choice":"Heal","floor":22,"damage_taken":0}],"boss_relics":[{"not_picked":["White Beast Statue","Eternal Feather"],"picked":"Tiny House"}],"potions_floor_spawned":[1,8,11,16,19],"seed_played":"7021373174359728856","killed_by":"Book of Stabbing","ascension_level":4,"is_trial":false}