{"gold_per_floor":[109,121,141,155,173,202,202,218,264,116,116,136,153,165,165,260,260,271,171,200,210,46,74,74,74,97,97,115,132,166,182,182,279,279,297,45,58,73,73,103,103,119,119,119,68,101,115,115,115,115],"floor_reached":50,"playtime":3327,"items_purged":["Strike_B","Strike_B","Strike_B","Compile Driver"],"score":897,"play_id":"5a16299a-6d87-49ba-a9ad-29c5c39557a0","local_time":"20180707180120","is_ascension_mode":true,"campfire_choices":[{"floor":7.0,"key":"REST"},{"data":"Coolheaded","floor":11.0,"key":"SMITH"},{"data":"Defragment","floor":15.0,"key":"SMITH"},{"data":"Dualcast","floor":24.0,"key":"SMITH"},{"data":"Glacier","floor":27.0,"key":"SMITH"},{"data":"Thunder Strike","floor":32.0,"key":"SMITH"},{"floor":41.0,"key":"REST"},{"floor":49.0,"key":"REST"}],"neow_cost":"NONE","seed_source_timestamp":640261166506691,"circlet_count":0,"master_deck":["Zap+1","Dualcast+1","AscendersBane","Coolheaded+1","Sweeping Beam","Ball Lightning","Auto Shields","Electrodynamics","Reboot","Defragment+1","Glacier+1","Cold Snap","Ball Lightning","Reboot","Conserve Battery","Glacier+1","Coolheaded+1","Self Repair","Recycle+1","Thunder Strike+1","Creative AI","Recycle","Streamline","Coolheaded","Madness","Conserve Battery+1","Storm"],"special_seed":0,"relics":["Cracked Core","Calipers","Nuclear Battery","Red Mask","Ginger","Nloth\u0027s Gift","Vajra","Shuriken","Pandora\u0027s Box","Centennial Puzzle","Meat on the Bone","GremlinMask","Dream Catcher"],"potions_floor_usage":[50],"damage_taken":[{"damage":7.0,"enemies":"Small Slimes","floor":1.0,"turns":3.0},{"damage":1.0,"enemies":"2 Louse","floor":2.0,"turns":2.0},{"damage":6.0,"enemies":"Jaw Worm","floor":3.0,"turns":4.0},{"damage":19.0,"enemies":"Lots of Slimes","floor":4.0,"turns":4.0},{"damage":0.0,"enemies":"Large Slime","floor":5.0,"turns":4.0},{"damage":29.0,"enemies":"Gremlin Nob","floor":6.0,"turns":5.0},{"damage":0.0,"enemies":"3 Louse","floor":8.0,"turns":3.0},{"damage":0.0,"enemies":"Lots of Slimes","floor":12.0,"turns":1.0},{"damage":0.0,"enemies":"Exordium Wildlife","floor":13.0,"turns":3.0},{"damage":0.0,"enemies":"2 Fungi Beasts","floor":14.0,"turns":2.0},{"damage":13.0,"enemies":"The Guardian","floor":16.0,"turns":13.0},{"damage":0.0,"enemies":"Chosen","floor":18.0,"turns":3.0},{"damage":0.0,"floor":20.0,"turns":1.0},{"damage":4.0,"enemies":"2 Thieves","floor":21.0,"turns":3.0},{"damage":0.0,"enemies":"Book of Stabbing","floor":23.0,"turns":8.0},{"damage":0.0,"enemies":"Centurion and Healer","floor":28.0,"turns":11.0},{"damage":7.0,"enemies":"Slaver and Parasite","floor":29.0,"turns":8.0},{"damage":0.0,"enemies":"Slavers","floor":30.0,"turns":2.0},{"damage":0.0,"enemies":"Cultist and Chosen","floor":31.0,"turns":5.0},{"damage":55.0,"enemies":"Champ","floor":33.0,"turns":10.0},{"damage":6.0,"enemies":"Orb Walker","floor":35.0,"turns":7.0},{"damage":0.0,"enemies":"3 Shapes","floor":37.0,"turns":4.0},{"damage":31.0,"enemies":"Maw","floor":38.0,"turns":8.0},{"damage":37.0,"enemies":"2 Orb Walkers","floor":40.0,"turns":5.0},{"damage":0.0,"enemies":"3 Darklings","floor":42.0,"turns":4.0},{"damage":18.0,"enemies":"Nemesis","floor":46.0,"turns":11.0},{"damage":4.0,"enemies":"4 Shapes","floor":47.0,"turns":7.0},{"damage":76,"enemies":"Donu and Deca","floor":50,"turns":11}],"seed_played":"1328513930745700347","potions_obtained":[{"floor":2.0,"key":"Ancient Potion"},{"floor":5.0,"key":"Explosive Potion"},{"floor":6.0,"key":"Weak Potion"},{"floor":13.0,"key":"GamblersBrew"},{"floor":14.0,"key":"Dexterity Potion"},{"floor":16.0,"key":"Strength Potion"},{"floor":21.0,"key":"Energy Potion"},{"floor":23.0,"key":"FearPotion"},{"floor":30.0,"key":"Fire Potion"},{"floor":33.0,"key":"Poison Potion"},{"floor":37.0,"key":"SteroidPotion"}],"is_trial":false,"path_per_floor":["M","M","M","M","M","E","R","M","T","$","R","M","M","M","R","B",null,"M","$","?","M","$","E","R","?","T","R","M","M","E","M","R","B",null,"M","$","M","M","?","E","R","M","T","?","$","E","M","?","R"],"character_chosen":"DEFECT","items_purchased":["Defragment","Self Repair","Madness","Weak Potion"],"campfire_rested":3,"item_purchase_floors":[10,22,36,45],"current_hp_per_floor":[61,60,54,35,35,6,28,28,28,28,28,28,28,28,28,15,60,60,60,60,56,56,63,63,63,63,63,70,70,70,75,75,27,63,64,64,64,40,40,10,32,39,39,39,39,40,55,55,75,0],"gold":115,"neow_bonus":"UPGRADE_CARD","is_prod":false,"is_daily":false,"chose_seed":false,"campfire_upgraded":5,"win_rate":0,"timestamp":1531000880,"path_taken":["M","M","M","M","M","E","R","M","T","$","R","M","M","M","R","BOSS","M","$","?","M","$","E","R","?","T","R","M","M","E","M","R","BOSS","M","$","M","M","?","E","R","M","T","?","$","E","?","?","R","BOSS"],"build_version":"2018-07-05","purchased_purges":4,"victory":false,"max_hp_per_floor":[75,75,75,75,75,75,75,75,75,75,75,75,75,75,75,75,75,75,75,75,75,75,75,75,75,75,75,75,75,75,75,75,75,75,75,75,75,75,75,75,75,75,75,75,75,75,75,75,75,75],"card_choices":[{"not_picked":["Hologram","Sweeping Beam"],"picked":"Coolheaded","floor":1.0},{"not_picked":["Steam","Cold Snap"],"picked":"Sweeping Beam","floor":2.0},{"not_picked":["Coolheaded","White Noise"],"picked":"Ball Lightning","floor":3.0},{"not_picked":["Stack","Streamline"],"picked":"Auto Shields","floor":4.0},{"not_picked":["Barrage","Defragment"],"picked":"Electrodynamics","floor":5.0},{"not_picked":["Conserve Battery","Storm"],"picked":"Reboot","floor":6.0},{"not_picked":["Stack","Beam Cell"],"picked":"Hologram","floor":8.0},{"not_picked":["Cold Snap","Compile Driver"],"picked":"Glacier","floor":12.0},{"not_picked":["Barrage","Doom and Gloom"],"picked":"Cold Snap","floor":13.0},{"not_picked":["Cold Snap","Hologram"],"picked":"Ball Lightning","floor":14.0},{"not_picked":["Machine Learning","Amplify"],"picked":"Reboot","floor":16.0},{"not_picked":["Compile Driver+1","Sweeping Beam"],"picked":"Conserve Battery","floor":18.0},{"not_picked":["Coolheaded","Capacitor"],"picked":"Glacier+1","floor":20.0},{"not_picked":["Compile Driver+1","Turbo"],"picked":"Coolheaded+1","floor":21.0},{"not_picked":["Beam Cell","Leap"],"picked":"Recycle+1","floor":23.0},{"not_picked":["Reprogram+1","Coolheaded","Hello World+1"],"picked":"SKIP","floor":28.0},{"not_picked":["Sweeping Beam","Genetic Algorithm+1"],"picked":"Thunder Strike","floor":29.0},{"not_picked":["Conserve Battery+1","Reinforced Body","Machine Learning"],"picked":"SKIP","floor":30.0},{"not_picked":["Self Repair+1","Beam Cell+1","Barrage"],"picked":"SKIP","floor":31.0},{"not_picked":["All For One","Biased Cognition"],"picked":"Creative AI","floor":33.0},{"not_picked":["Gash+1","Hologram+1","Steam"],"picked":"SKIP","floor":35.0},{"not_picked":["Coolheaded","Ball Lightning","Barrage+1"],"picked":"SKIP","floor":37.0},{"not_picked":["Doom and Gloom+1","Coolheaded+1","Redo"],"picked":"SKIP","floor":38.0},{"not_picked":["Self Repair","Genetic Algorithm+1","Hyperbeam"],"picked":"SKIP","floor":40.0},{"not_picked":["Cold Snap+1","Chill"],"picked":"Conserve Battery+1","floor":42.0},{"not_picked":["Ball Lightning+1","Gash","Rainbow"],"picked":"SKIP","floor":46.0},{"not_picked":["Conserve Battery+1","Gash","Coolheaded+1"],"picked":"SKIP","floor":47.0}],"player_experience":397514,"relics_obtained":[{"floor":6.0,"key":"Calipers"},{"floor":9.0,"key":"Bag of Preparation"},{"floor":20.0,"key":"Red Mask"},{"floor":23.0,"key":"Ginger"},{"floor":26.0,"key":"Vajra"},{"floor":30.0,"key":"Shuriken"},{"floor":40.0,"key":"Centennial Puzzle"},{"floor":43.0,"key":"Meat on the Bone"},{"floor":46.0,"key":"Dream Catcher"}],"event_choices":[{"event_name":"Masked Bandits","player_choice":"Fought over 171 gold","floor":20.0,"damage_taken":0.0},{"event_name":"N\u0027loth","player_choice":"Traded a Bag of Preparation","floor":25.0,"damage_taken":0.0},{"event_name":"Falling","player_choice":"Removed Skill","floor":39.0,"damage_taken":0.0},{"event_name":"FaceTrader","player_choice":"Trade","floor":44.0,"damage_taken":0.0},{"event_name":"Transmorgrifier","player_choice":"Transform","floor":48.0,"damage_taken":0.0}],"boss_relics":[{"not_picked":["Calling Bell","Coffee Dripper"],"picked":"Nuclear Battery"},{"not_picked":["Philosopher\u0027s Stone","Orrery"],"picked":"Pandora\u0027s Box"}],"items_purged_floors":[10,19,22,36],"is_endless":false,"potions_floor_spawned":[2,5,6,13,14,16,21,23,30,33,37,46,47],"killed_by":"Donu and Deca","ascension_level":10}