{"gold_per_floor":[16,16,16,16,32,67,32,68,68,93,106,149,172,185,185,276,276,300,316,241,241,262,34,34,34,34,58,72,106,106,106,106,106],"floor_reached":33,"playtime":1318,"items_purged":[],"score":615,"play_id":"3707e083-22c8-478d-a63a-98484e9a99c2","local_time":"20190224101850","is_ascension_mode":true,"campfire_choices":[{"floor":15,"key":"REST"},{"data":"White Noise","floor":25,"key":"SMITH"},{"data":"Zap","floor":30,"key":"SMITH"},{"floor":32,"key":"REST"}],"neow_cost":"NO_GOLD","seed_source_timestamp":985393484838215,"circlet_count":0,"master_deck":["AscendersBane","Strike_B","Defend_B+1","Defend_B","Defend_B","Defend_B","Zap+1","Dualcast","Rebound+1","Heatsinks+1","Sunder+1","Cold Snap","Turbo","Reboot","Go for the Eyes","Storm","Steam","Gash","All For One","White Noise+1","White Noise+1","Gash","Hologram","Chaos","Ball Lightning","Seek","FTL"],"relics":["Cracked Core","Golden Idol","Whetstone","FossilizedHelix","Kunai","Centennial Puzzle","Nuclear Battery","Runic Capacitor","Oddly Smooth Stone","Juzu Bracelet"],"potions_floor_usage":[8,12,16,18,22,29],"damage_taken":[{"damage":4,"enemies":"Small Slimes","floor":1,"turns":3},{"damage":0,"enemies":"2 Louse","floor":5,"turns":1},{"damage":42,"enemies":"3 Sentries","floor":6,"turns":7},{"damage":23,"enemies":"Lagavulin","floor":8,"turns":5},{"damage":0,"enemies":"Jaw Worm","floor":10,"turns":3},{"damage":0,"enemies":"Looter","floor":11,"turns":2},{"damage":0,"enemies":"Gremlin Nob","floor":12,"turns":3},{"damage":0,"enemies":"2 Fungi Beasts","floor":13,"turns":2},{"damage":0,"enemies":"3 Louse","floor":14,"turns":3},{"damage":0,"enemies":"Slime Boss","floor":16,"turns":7},{"damage":0,"enemies":"3 Byrds","floor":18,"turns":4},{"damage":0,"enemies":"Chosen","floor":19,"turns":4},{"damage":0,"enemies":"Snecko","floor":22,"turns":4},{"damage":0,"enemies":"3 Cultists","floor":27,"turns":5},{"damage":20,"enemies":"Shelled Parasite and Fungi","floor":28,"turns":6},{"damage":10,"enemies":"Book of Stabbing","floor":29,"turns":4},{"damage":52,"enemies":"Automaton","floor":33,"turns":6}],"seed_played":"-5156414052887395820","potions_obtained":[{"floor":6,"key":"Strength Potion"},{"floor":10,"key":"PowerPotion"},{"floor":12,"key":"SkillPotion"},{"floor":13,"key":"Fire Potion"},{"floor":18,"key":"GamblersBrew"},{"floor":22,"key":"Block Potion"}],"is_trial":false,"path_per_floor":["M","?","?","?","M","E","?","E","T","M","M","E","M","M","R","B",null,"M","M","?","$","M","$","?","R","T","M","M","E","R","?","R","B"],"character_chosen":"DEFECT","items_purchased":["Hologram","Runic Capacitor"],"campfire_rested":2,"item_purchase_floors":[23,23],"current_hp_per_floor":[60,46,69,66,66,24,40,17,17,17,17,17,17,17,36,36,59,59,59,59,59,59,59,59,59,59,59,39,29,29,29,48,0],"gold":106,"neow_bonus":"TRANSFORM_TWO_CARDS","is_prod":false,"is_daily":false,"chose_seed":false,"campfire_upgraded":2,"win_rate":0,"timestamp":1551021530,"path_taken":["M","?","?","?","M","E","?","E","T","M","M","E","M","M","R","BOSS","M","M","?","$","M","$","?","R","T","M","M","E","R","?","R","BOSS"],"build_version":"2019-01-23","purchased_purges":0,"victory":false,"max_hp_per_floor":[71,71,71,66,66,66,66,66,66,66,66,66,66,66,66,66,66,66,66,66,66,66,66,66,66,66,66,66,66,66,66,66,66],"card_choices":[{"not_picked":["Sweeping Beam","Conserve Battery"],"picked":"Sunder","floor":1},{"not_picked":["Streamline","Sunder","Rebound"],"picked":"SKIP","floor":5},{"not_picked":["Compile Driver","Sweeping Beam"],"picked":"Cold Snap","floor":6},{"not_picked":["Redo","Streamline"],"picked":"Turbo","floor":8},{"not_picked":["Rebound","Sweeping Beam"],"picked":"Reboot","floor":10},{"not_picked":["Rebound","Coolheaded"],"picked":"Go for the Eyes","floor":11},{"not_picked":["Rainbow","Streamline"],"picked":"Storm","floor":12},{"not_picked":["Compile Driver","Melter"],"picked":"Steam","floor":13},{"not_picked":["Compile Driver","Redo"],"picked":"Gash","floor":14},{"not_picked":["Meteor Strike","Echo Form"],"picked":"All For One","floor":16},{"not_picked":["Coolheaded","Compile Driver"],"picked":"White Noise","floor":18},{"not_picked":["Rebound","Doom and Gloom"],"picked":"White Noise+1","floor":19},{"not_picked":["Beam Cell","Stack"],"picked":"Gash","floor":22},{"not_picked":["Capacitor+1","Fusion"],"picked":"Chaos","floor":27},{"not_picked":["Hologram","Scrape"],"picked":"Ball Lightning","floor":28},{"not_picked":["Turbo","Reprogram"],"picked":"Seek","floor":29}],"player_experience":359643,"relics_obtained":[{"floor":6,"key":"Whetstone"},{"floor":8,"key":"FossilizedHelix"},{"floor":9,"key":"Kunai"},{"floor":12,"key":"Centennial Puzzle"},{"floor":26,"key":"Oddly Smooth Stone"},{"floor":29,"key":"Juzu Bracelet"}],"event_choices":[{"damage_healed":0,"gold_gain":0,"player_choice":"Entered Light","damage_taken":14,"max_hp_gain":0,"max_hp_loss":0,"event_name":"Shining Light","floor":2,"gold_loss":0,"cards_upgraded":["Heatsinks","Defend_B"]},{"damage_healed":23,"gold_gain":0,"player_choice":"Banana","damage_taken":0,"max_hp_gain":0,"max_hp_loss":0,"event_name":"Big Fish","floor":3,"gold_loss":0},{"damage_healed":0,"gold_gain":0,"player_choice":"Lose Max HP","damage_taken":0,"relics_obtained":["Golden Idol"],"max_hp_gain":0,"max_hp_loss":5,"event_name":"Golden Idol","floor":4,"gold_loss":0},{"damage_healed":16,"gold_gain":0,"player_choice":"Healed","damage_taken":0,"max_hp_gain":0,"max_hp_loss":0,"event_name":"The Cleric","floor":7,"gold_loss":35},{"cards_removed":["Strike_B"],"damage_healed":0,"gold_gain":0,"player_choice":"Gave Gold","damage_taken":0,"max_hp_gain":0,"max_hp_loss":0,"event_name":"Beggar","floor":20,"gold_loss":75},{"damage_healed":0,"gold_gain":0,"player_choice":"Ignored","damage_taken":0,"max_hp_gain":0,"max_hp_loss":0,"event_name":"Vampires","floor":24,"gold_loss":0},{"damage_healed":0,"gold_gain":0,"player_choice":"Read","damage_taken":0,"max_hp_gain":0,"max_hp_loss":0,"event_name":"The Library","floor":31,"gold_loss":0,"cards_obtained":["FTL"]}],"is_beta":false,"boss_relics":[{"not_picked":["Velvet Choker","Astrolabe"],"picked":"Nuclear Battery"}],"items_purged_floors":[],"is_endless":false,"potions_floor_spawned":[6,10,12,13,18,22],"killed_by":"Automaton","ascension_level":14}