{"gold_per_floor":[112,126,126,143,93,121,121,147,229,184,241,251,12,26,26,122,122,137,137,137,13,13,38,38,54,54,54,54,71,71,87,87,184,184,198,212,212,65,78,78,107,107,107,107,118,135,135,146,146,146],"floor_reached":50,"playtime":2116,"items_purged":["Strike_R+1"],"score":650,"play_id":"a3dbd77b-9983-46c2-9820-3d77433b4a87","local_time":"20190223171428","is_ascension_mode":true,"campfire_choices":[{"data":"Armaments","floor":7,"key":"SMITH"},{"data":"Demon Form","floor":15,"key":"SMITH"},{"floor":24,"key":"REST"},{"data":"Seeing Red","floor":27,"key":"SMITH"},{"data":"Pummel","floor":32,"key":"SMITH"},{"data":"Exhume","floor":40,"key":"SMITH"},{"floor":44,"key":"RECALL"},{"data":"Spot Weakness","floor":47,"key":"SMITH"},{"data":"Fiend Fire","floor":49,"key":"SMITH"}],"neow_cost":"NONE","seed_source_timestamp":923132418919043,"circlet_count":0,"master_deck":["Strike_R+1","Strike_R+1","Strike_R+1","Defend_R+1","Defend_R+1","Defend_R+1","Defend_R+1","Bash+1","Flex+1","Spot Weakness+1","Armaments+1","Shrug It Off","Demon Form+1","Iron Wave","Seeing Red+1","Pummel+1","Fiend Fire+1","Reaper+1","Uppercut+1","Ghostly","Ghostly","Ghostly","Ghostly","Ghostly+1","Bloodletting","Warcry+1","Impervious+1","Exhume+1","Anger+1","Cleave+1","Seeing Red+1"],"relics":["Burning Blood","Nunchaku","Vajra","Bag of Marbles","Pen Nib","Black Star","Whetstone","Bronze Scales","Letter Opener","Nloth\u0027s Gift","Enchiridion","Busted Crown","War Paint","Regal Pillow","Red Skull"],"potions_floor_usage":[6,8,11,11,16,23,50,50],"damage_taken":[{"damage":2,"enemies":"2 Louse","floor":1,"turns":2},{"damage":3,"enemies":"Jaw Worm","floor":2,"turns":4},{"damage":9,"enemies":"Small Slimes","floor":4,"turns":3},{"damage":12,"enemies":"3 Sentries","floor":6,"turns":10},{"damage":24,"enemies":"Lagavulin","floor":8,"turns":6},{"damage":10,"enemies":"Looter","floor":10,"turns":5},{"damage":25,"enemies":"Gremlin Nob","floor":11,"turns":5},{"damage":3,"enemies":"2 Fungi Beasts","floor":12,"turns":3},{"damage":0,"enemies":"Gremlin Gang","floor":14,"turns":6},{"damage":30,"enemies":"Slime Boss","floor":16,"turns":6},{"damage":36,"enemies":"2 Thieves","floor":18,"turns":4},{"damage":47,"enemies":"Book of Stabbing","floor":23,"turns":8},{"damage":11,"enemies":"3 Byrds","floor":25,"turns":3},{"damage":20,"enemies":"Snecko","floor":29,"turns":6},{"damage":8,"enemies":"Centurion and Healer","floor":31,"turns":11},{"damage":21,"enemies":"Automaton","floor":33,"turns":11},{"damage":1,"enemies":"Orb Walker","floor":35,"turns":3},{"damage":0,"enemies":"3 Shapes","floor":36,"turns":5},{"damage":19,"enemies":"Spire Growth","floor":39,"turns":5},{"damage":2,"enemies":"Nemesis","floor":41,"turns":7},{"damage":4,"enemies":"3 Darklings","floor":45,"turns":5},{"damage":9,"enemies":"4 Shapes","floor":46,"turns":4},{"damage":9,"enemies":"Sphere and 2 Shapes","floor":48,"turns":5},{"damage":35,"enemies":"Awakened One","floor":50,"turns":3}],"seed_played":"4904866997573333743","potions_obtained":[{"floor":2,"key":"Dexterity Potion"},{"floor":4,"key":"EssenceOfSteel"},{"floor":6,"key":"Strength Potion"},{"floor":8,"key":"FearPotion"},{"floor":25,"key":"Explosive Potion"},{"floor":35,"key":"GamblersBrew"},{"floor":39,"key":"Energy Potion"},{"floor":46,"key":"SkillPotion"}],"is_trial":false,"path_per_floor":["M","M","?","M","?","E","R","E","T","M","?","M","$","M","R","B",null,"M","?","?","$","?","E","R","M","T","R","?","M","?","M","R","B",null,"M","M","?","$","M","R","E","?","T","R","M","M","R","M","R","B"],"character_chosen":"IRONCLAD","items_purchased":["Pen Nib","Pummel","SteroidPotion","AttackPotion","War Paint"],"campfire_rested":1,"item_purchase_floors":[13,13,13,21,38],"current_hp_per_floor":[80,80,85,82,82,76,76,58,58,56,37,40,40,46,46,22,71,41,41,41,41,41,14,26,29,29,29,29,29,13,43,43,28,39,43,43,43,43,30,30,35,35,35,35,37,35,35,32,32,0],"gold":146,"neow_bonus":"UPGRADE_CARD","is_prod":false,"is_daily":false,"chose_seed":false,"campfire_upgraded":7,"win_rate":0,"timestamp":1550960068,"path_taken":["M","M","?","M","?","E","R","E","T","M","?","M","$","?","R","BOSS","M","?","?","$","?","E","R","M","T","R","?","?","?","M","R","BOSS","M","M","?","$","M","R","E","?","T","R","M","M","R","?","R","BOSS"],"build_version":"2019-01-23","purchased_purges":1,"victory":false,"max_hp_per_floor":[80,80,85,85,85,85,85,85,85,87,87,87,87,87,87,87,87,87,43,43,43,43,43,43,43,43,43,43,43,43,43,43,43,43,43,43,43,43,43,43,43,43,43,43,43,43,43,43,43,43],"card_choices":[{"not_picked":["Wild Strike","Bloodletting"],"picked":"Flex","floor":1},{"not_picked":["Combust","Flex"],"picked":"Spot Weakness","floor":2},{"not_picked":["Searing Blow","Body Slam"],"picked":"Armaments","floor":4},{"not_picked":["Perfected Strike","Cleave"],"picked":"Shrug It Off","floor":6},{"not_picked":["Cleave","Perfected Strike"],"picked":"Demon Form","floor":8},{"not_picked":["Thunderclap","Warcry","Inflame"],"picked":"Singing Bowl","floor":10},{"not_picked":["Clash","Headbutt"],"picked":"Iron Wave","floor":11},{"not_picked":["Evolve","Fire Breathing"],"picked":"Seeing Red","floor":12},{"not_picked":["Fire Breathing","Warcry"],"picked":"Fiend Fire","floor":14},{"not_picked":["Double Tap","Dark Embrace"],"picked":"Reaper","floor":16},{"not_picked":["Havoc","Cleave+1"],"picked":"Uppercut","floor":18},{"not_picked":["Perfected Strike","Headbutt+1"],"picked":"Bloodletting","floor":23},{"not_picked":["Inflame","Combust"],"picked":"Warcry+1","floor":25},{"not_picked":["Havoc","Flame Barrier"],"picked":"Impervious","floor":29},{"not_picked":["Body Slam+1","Havoc","True Grit"],"picked":"SKIP","floor":31},{"not_picked":["Barricade","Feed"],"picked":"Exhume","floor":33},{"not_picked":[],"picked":"Thunderclap+1","floor":35},{"not_picked":[],"picked":"Anger+1","floor":36},{"not_picked":["Clothesline"],"picked":"SKIP","floor":39},{"not_picked":[],"picked":"Cleave+1","floor":41},{"not_picked":["Dual Wield+1"],"picked":"SKIP","floor":45},{"not_picked":["Armaments"],"picked":"SKIP","floor":46},{"not_picked":[],"picked":"Seeing Red+1","floor":48}],"player_experience":347990,"relics_obtained":[{"floor":6,"key":"Nunchaku"},{"floor":8,"key":"Vajra"},{"floor":9,"key":"Singing Bowl"},{"floor":11,"key":"Bag of Marbles"},{"floor":23,"key":"Whetstone"},{"floor":23,"key":"Bronze Scales"},{"floor":26,"key":"Letter Opener"},{"floor":30,"key":"Enchiridion"},{"floor":41,"key":"Regal Pillow"},{"floor":41,"key":"Red Skull"}],"event_choices":[{"damage_healed":0,"gold_gain":0,"player_choice":"Donut","damage_taken":0,"max_hp_gain":5,"max_hp_loss":0,"event_name":"Big Fish","floor":3,"gold_loss":0},{"cards_removed":["Strike_R"],"damage_healed":0,"gold_gain":0,"player_choice":"Card Removal","damage_taken":0,"max_hp_gain":0,"max_hp_loss":0,"event_name":"The Cleric","floor":5,"gold_loss":50},{"damage_healed":0,"gold_gain":30,"player_choice":"Searched \u00273\u0027 times","damage_taken":0,"max_hp_gain":0,"max_hp_loss":0,"event_name":"Dead Adventurer","floor":11,"gold_loss":0},{"damage_healed":0,"gold_gain":0,"player_choice":"Became a Ghost","damage_taken":0,"max_hp_gain":0,"max_hp_loss":44,"event_name":"Ghosts","floor":19,"gold_loss":0,"cards_obtained":["Ghostly","Ghostly","Ghostly","Ghostly","Ghostly"]},{"damage_healed":0,"gold_gain":0,"player_choice":"Simplicity","damage_taken":0,"max_hp_gain":0,"max_hp_loss":0,"event_name":"Back to Basics","floor":20,"gold_loss":0,"cards_upgraded":["Strike_R","Strike_R","Strike_R","Strike_R","Defend_R","Defend_R","Defend_R","Defend_R"]},{"damage_healed":0,"gold_gain":0,"player_choice":"Traded Relic","damage_taken":0,"relics_obtained":["Nloth\u0027s Gift"],"max_hp_gain":0,"max_hp_loss":0,"event_name":"N\u0027loth","floor":28,"relics_lost":["Singing Bowl"],"gold_loss":0},{"damage_healed":0,"gold_gain":0,"player_choice":"Obtained Book","damage_taken":16,"max_hp_gain":0,"max_hp_loss":0,"event_name":"Cursed Tome","floor":30,"gold_loss":0},{"cards_removed":["Thunderclap"],"damage_healed":0,"gold_gain":0,"player_choice":"Removed Attack","damage_taken":0,"max_hp_gain":0,"max_hp_loss":0,"event_name":"Falling","floor":37,"gold_loss":0},{"damage_healed":0,"gold_gain":0,"player_choice":"Forge","damage_taken":0,"max_hp_gain":0,"max_hp_loss":0,"event_name":"Accursed Blacksmith","floor":42,"gold_loss":0,"cards_upgraded":["Impervious"]}],"is_beta":false,"boss_relics":[{"not_picked":["Sozu","White Beast Statue"],"picked":"Black Star"},{"not_picked":["Snecko Eye","Cursed Key"],"picked":"Busted Crown"}],"items_purged_floors":[21],"is_endless":false,"potions_floor_spawned":[2,4,6,8,25,35,39,46,48],"killed_by":"Awakened One","ascension_level":5}