{"gold_per_floor":[116,116,66,66,66,94,111,111,111,111,170,184,184,202,202,302,302,322,237,260,30,30,30,47,47,47,65,84,96,96,96],"floor_reached":31,"playtime":1364,"items_purged":["Regret"],"score":233,"play_id":"32bc9396-8276-4090-ab1c-81c44c31a3c3","local_time":"20190523140008","is_ascension_mode":false,"campfire_choices":[{"floor":8,"key":"REST"},{"floor":13,"key":"REST"},{"floor":15,"key":"REST"},{"data":"Envenom","floor":23,"key":"SMITH"},{"data":"Terror","floor":25,"key":"SMITH"},{"floor":30,"key":"REST"}],"neow_cost":"NONE","seed_source_timestamp":593495472729900,"circlet_count":0,"master_deck":["Defend_G","Defend_G","Defend_G+1","Defend_G","Defend_G","Strike_G","Strike_G+1","Strike_G","Strike_G","Strike_G","Survivor","Neutralize","Well Laid Plans+1","Burst","Backstab","Terror+1","Deadly Poison","Bouncing Flask","Swift Strike","Envenom+1","Noxious Fumes","Distraction","Distraction"],"relics":["Black Star","Smiling Mask","Anchor","WingedGreaves","Pear","WristBlade","Bronze Scales","Boot","PreservedInsect","Matryoshka"],"potions_floor_usage":[24,29,29,31],"damage_taken":[{"damage":2,"enemies":"Small Slimes","floor":1,"turns":4},{"damage":57,"enemies":"3 Sentries","floor":6,"turns":20},{"damage":0,"enemies":"Jaw Worm","floor":7,"turns":4},{"damage":0,"enemies":"2 Louse","floor":12,"turns":1},{"damage":0,"enemies":"2 Fungi Beasts","floor":14,"turns":5},{"damage":33,"enemies":"The Guardian","floor":16,"turns":15},{"damage":17,"enemies":"Shell Parasite","floor":18,"turns":6},{"damage":9,"enemies":"2 Thieves","floor":24,"turns":4},{"damage":30,"enemies":"Snecko","floor":27,"turns":6},{"damage":11,"enemies":"Snake Plant","floor":28,"turns":4},{"damage":10,"enemies":"Centurion and Healer","floor":29,"turns":6},{"damage":32,"enemies":"Book of Stabbing","floor":31,"turns":4}],"seed_played":"-3402897236450854336","potions_obtained":[{"floor":6,"key":"Energy Potion"},{"floor":7,"key":"SpeedPotion"},{"floor":14,"key":"Swift Potion"},{"floor":24,"key":"PowerPotion"}],"is_trial":false,"path_per_floor":["M","?","$","?","$","E","M","R","T","?","?","M","R","M","R","B",null,"M","?","T","$","?","R","M","R","T","M","M","M","R","E"],"character_chosen":"THE_SILENT","items_purchased":["PreservedInsect","Bouncing Flask"],"campfire_rested":4,"item_purchase_floors":[21,21],"current_hp_per_floor":[68,68,68,68,68,11,11,32,42,26,26,26,50,50,74,41,80,63,63,63,63,63,63,54,54,54,24,13,3,27,0],"gold":96,"neow_bonus":"BOSS_RELIC","is_prod":false,"is_daily":false,"chose_seed":false,"campfire_upgraded":2,"win_rate":0,"timestamp":1558648808,"path_taken":["M","?","$","?","?","E","?","R","T","?","?","M","R","M","R","BOSS","M","?","?","?","?","R","M","R","T","M","M","M","R","E"],"build_version":"2019-01-23","purchased_purges":1,"victory":false,"max_hp_per_floor":[70,70,70,70,70,70,70,70,80,80,80,80,80,80,80,80,80,80,80,80,80,80,80,80,80,80,80,80,80,80,80],"card_choices":[{"not_picked":["Dodge and Roll","Deadly Poison"],"picked":"Well Laid Plans","floor":1},{"not_picked":["Dash","Quick Slash"],"picked":"Burst","floor":6},{"not_picked":["Flechettes","Catalyst"],"picked":"Backstab","floor":7},{"not_picked":["Quick Slash","Deadly Poison"],"picked":"Terror","floor":12},{"not_picked":["Slice","Setup"],"picked":"Deadly Poison","floor":14},{"not_picked":["Bane","Eviscerate","Flying Knee+1"],"picked":"SKIP","floor":18},{"not_picked":["Sucker Punch","Quick Slash","PiercingWail+1"],"picked":"SKIP","floor":24},{"not_picked":["Outmaneuver","Footwork"],"picked":"Noxious Fumes","floor":27},{"not_picked":["Catalyst","PiercingWail"],"picked":"Distraction","floor":28},{"not_picked":["Reflex","Deflect+1"],"picked":"Distraction","floor":29}],"player_experience":419186,"relics_obtained":[{"floor":6,"key":"Anchor"},{"floor":6,"key":"WingedGreaves"},{"floor":9,"key":"Pear"},{"floor":20,"key":"Boot"},{"floor":26,"key":"Matryoshka"}],"event_choices":[{"damage_healed":0,"gold_gain":0,"player_choice":"Box","damage_taken":0,"relics_obtained":["Smiling Mask"],"max_hp_gain":0,"max_hp_loss":0,"event_name":"Big Fish","floor":2,"gold_loss":0,"cards_obtained":["Regret"]},{"damage_healed":0,"gold_gain":0,"player_choice":"Grow","damage_taken":0,"max_hp_gain":0,"max_hp_loss":0,"event_name":"Living Wall","floor":4,"gold_loss":0,"cards_upgraded":["Well Laid Plans"]},{"damage_healed":0,"gold_gain":0,"player_choice":"Entered Light","damage_taken":16,"max_hp_gain":0,"max_hp_loss":0,"event_name":"Shining Light","floor":10,"gold_loss":0,"cards_upgraded":["Defend_G","Strike_G"]},{"damage_healed":0,"gold_gain":59,"player_choice":"Gained Gold","damage_taken":0,"max_hp_gain":0,"max_hp_loss":0,"event_name":"Golden Wing","floor":11,"gold_loss":0},{"damage_healed":0,"gold_gain":0,"player_choice":"Obtained Relic","damage_taken":0,"relics_obtained":["Bronze Scales"],"max_hp_gain":0,"max_hp_loss":0,"event_name":"Addict","floor":19,"gold_loss":85},{"damage_healed":0,"gold_gain":0,"player_choice":"2 cards matched","damage_taken":0,"max_hp_gain":0,"max_hp_loss":0,"event_name":"Match and Keep!","floor":22,"gold_loss":0,"cards_obtained":["Swift Strike","Envenom"]}],"is_beta":false,"boss_relics":[{"not_picked":["White Beast Statue","Fusion Hammer"],"picked":"WristBlade"}],"items_purged_floors":[3],"is_endless":false,"potions_floor_spawned":[6,7,14,24,27],"killed_by":"Book of Stabbing","ascension_level":0}