{"path_per_floor":["M","M","?","M","$","E","R","M","T","?","T","M","E","M","R","B",null,"M","?","$","M","M","R","E","M","T","R","M","E","M","$","R","B",null,"M"],"character_chosen":"THE_SILENT","items_purchased":["After Image","Footwork","Membership Card","Kunai","Well Laid Plans","Mummified Hand"],"gold_per_floor":[113,124,124,142,70,95,95,113,413,473,473,486,515,532,532,633,633,644,644,102,89,103,103,133,153,179,179,194,227,238,1,1,101,101,118],"floor_reached":36,"campfire_rested":1,"playtime":5436,"current_hp_per_floor":[69,69,69,68,68,62,62,62,62,53,53,53,51,50,50,48,70,70,49,49,43,36,36,34,41,41,41,37,15,25,25,39,36,49,28],"items_purged":["Defend_G"],"gold":118,"play_id":"a943e61a-4cce-48ec-b822-1c5ff26d472e","is_prod":false,"is_daily":false,"is_ascension_mode":false,"campfire_upgraded":4,"path_taken":["M","M","?","?","$","E","R","M","T","?","?","?","E","M","R","BOSS","M","?","$","M","M","R","E","?","T","R","M","E","M","?","R","BOSS","M","?"],"build_version":"2018-01-25-PROD3","purchased_purges":1,"victory":false,"master_deck":["Defend_G","Defend_G","Defend_G","Defend_G","Survivor","Neutralize+1","Sucker Punch","Deflect","Backflip","After Image+1","Dash+1","All Out Attack+1","Infinite Blades+1","Dagger Throw","Endless Agony","A Thousand Cuts","Choke+1","Backflip","Malaise","Masterful Stab","Prepared","Bouncing Flask+1","Bite_G","Bite_G","Bite_G","Bite_G","Bite_G","Footwork","Heel Hook+1","Blur+1","Well Laid Plans","Tools of the Trade"],"max_hp_per_floor":[70,70,70,70,70,70,70,70,70,70,70,70,70,70,70,70,70,70,49,49,49,49,49,49,49,49,49,49,49,49,49,49,49,49,49],"relics":["Ring of the Snake","Ancient Tea Set","Old Coin","Meat on the Bone","Bronze Scales","Pen Nib","Orrery","Membership Card","Kunai","Happy Flower","Whetstone","Ginger","Mummified Hand","Cursed Key"],"card_choices":[{"not_picked":["Calculated Gamble","Slice"],"picked":"Sucker Punch"},{"not_picked":["Deadly Poison","Dash"],"picked":"Deflect"},{"not_picked":["Flying Knee","Malaise"],"picked":"Backflip"},{"not_picked":["Crippling Poison","Dodge and Roll"],"picked":"Dash"},{"not_picked":["Outmaneuver","Sucker Punch"],"picked":"All Out Attack"},{"not_picked":["All Out Attack","Dagger Spray"],"picked":"Infinite Blades"},{"not_picked":["Backflip","PiercingWail"],"picked":"Dagger Throw"},{"not_picked":["Outmaneuver","Crippling Poison"],"picked":"Endless Agony"},{"not_picked":["Night Terror","Bullet Time"],"picked":"A Thousand Cuts"},{"not_picked":["Eviscerate","Flying Knee"],"picked":"Choke"},{"not_picked":["Deadly Poison","Slice"],"picked":"Backflip"},{"not_picked":["Dagger Spray","Backflip"],"picked":"Malaise"},{"not_picked":["Slice","Quick Slash"],"picked":"Masterful Stab"},{"not_picked":["Acrobatics","Deadly Poison"],"picked":"Prepared"},{"not_picked":["Prepared","Endless Agony"],"picked":"Bouncing Flask"},{"not_picked":["Unload","Backflip"],"picked":"Heel Hook"},{"not_picked":["Crippling Poison","Prepared"],"picked":"Blur"},{"not_picked":["A Thousand Cuts","Doppelganger"],"picked":"Tools of the Trade"}],"player_experience":72972,"potions_floor_usage":[6,10,13,13,22,24,28,29,29,33],"damage_taken":[{"damage":1,"enemies":"2 Louse","floor":1,"turns":4},{"damage":0,"enemies":"Blue Slaver","floor":2,"turns":5},{"damage":1,"enemies":"Cultist","floor":4,"turns":5},{"damage":6,"enemies":"3 Sentries","floor":6,"turns":13},{"damage":0,"enemies":"Lots of Slimes","floor":8,"turns":5},{"damage":9,"enemies":"3 Sentries","floor":10,"turns":13},{"damage":0,"enemies":"Exordium Wildlife","floor":12,"turns":5},{"damage":2,"enemies":"Lagavulin","floor":13,"turns":8},{"damage":1,"enemies":"2 Fungi Beasts","floor":14,"turns":3},{"damage":2,"enemies":"The Guardian","floor":16,"turns":11},{"damage":0,"enemies":"Chosen","floor":18,"turns":5},{"damage":11,"enemies":"2 Thieves","floor":21,"turns":4},{"damage":17,"enemies":"Chosen and Byrds","floor":22,"turns":8},{"damage":6,"enemies":"Book of Stabbing","floor":24,"turns":5},{"damage":5,"enemies":"Centurion and Healer","floor":25,"turns":7},{"damage":14,"enemies":"Slaver and Parasite","floor":28,"turns":6},{"damage":40,"enemies":"Slavers","floor":29,"turns":5},{"damage":0,"enemies":"Snecko","floor":30,"turns":5},{"damage":15,"enemies":"Champ","floor":33,"turns":13},{"damage":31,"enemies":"3 Darklings","floor":35,"turns":7},{"damage":48,"enemies":"Mysterious Sphere","floor":36,"turns":6}],"event_choices":[{"event_name":"The Woman in Blue","player_choice":"Bought 0 Potions","floor":3,"damage_taken":0},{"event_name":"Dead Adventurer","player_choice":"Searched \u00272\u0027 times","floor":10,"damage_taken":0},{"event_name":"Vampires","player_choice":"Became a vampire","floor":19,"damage_taken":0},{"event_name":"Mysterious Sphere","player_choice":"Fight","floor":36,"damage_taken":0}],"boss_relics":[{"not_picked":["Runic Pyramid","Eternal Feather"],"picked":"Orrery"},{"not_picked":["Calling Bell","Black Star"],"picked":"Cursed Key"}],"potions_floor_spawned":[4,6,10,12,21,22,24,25,30,33],"seed_played":"-2264445568257729687","killed_by":"Mysterious Sphere","ascension_level":0,"is_trial":false}