{"gold_per_floor":[118,135,148,148,159,186,186,361,361,391,138,173,190,217,217,322,322,333,161,161,175,98,98,116,116,116,126,126,126,126],"floor_reached":30,"playtime":1877,"items_purged":["Strike_B","Hyperbeam+1"],"score":400,"play_id":"991bad03-76cd-4db4-abea-fd1e05cee1f1","local_time":"20180626185315","is_ascension_mode":true,"campfire_choices":[{"data":"Hyperbeam","floor":7,"key":"SMITH"},{"data":"Genetic Algorithm","floor":15,"key":"SMITH"},{"data":"Chill","floor":23,"key":"SMITH"},{"data":"Strike_B","floor":29,"key":"PURGE"}],"neow_cost":"TEN_PERCENT_HP_LOSS","seed_source_timestamp":3487761000773,"circlet_count":0,"master_deck":["Strike_B","Defend_B","Defend_B","Defend_B","Defend_B","Zap","Dualcast","Glacier","Conserve Battery","Coolheaded","White Noise","Consume","Genetic Algorithm+1","Panacea","Electrodynamics","Redo","Creative AI","BootSequence","Chill+1","RitualDagger"],"relics":["Cracked Core","Dead Branch","Omamori","Shuriken","Incense Burner","Vajra","Nuclear Battery","Dream Catcher","Shovel","Peace Pipe"],"potions_floor_usage":[6,6,16,24],"damage_taken":[{"damage":9,"enemies":"Jaw Worm","floor":1,"turns":3},{"damage":5,"enemies":"Small Slimes","floor":2,"turns":3},{"damage":0,"enemies":"Cultist","floor":3,"turns":4},{"damage":0,"enemies":"2 Fungi Beasts","floor":5,"turns":4},{"damage":16,"enemies":"Lagavulin","floor":6,"turns":5},{"damage":0,"enemies":"3 Sentries","floor":10,"turns":4},{"damage":3,"enemies":"Lagavulin","floor":12,"turns":9},{"damage":2,"enemies":"Blue Slaver","floor":13,"turns":3},{"damage":6,"enemies":"3 Sentries","floor":14,"turns":3},{"damage":0,"enemies":"Slime Boss","floor":16,"turns":6},{"damage":5,"enemies":"Chosen","floor":18,"turns":6},{"damage":16,"enemies":"3 Byrds","floor":21,"turns":4},{"damage":22,"enemies":"Slaver and Parasite","floor":24,"turns":7},{"damage":4,"enemies":"Snake Plant","floor":27,"turns":6},{"damage":28,"enemies":"3 Cultists","floor":30,"turns":3}],"seed_played":"6640211512274361355","potions_obtained":[{"floor":1,"key":"FairyPotion"},{"floor":3,"key":"SkillPotion"},{"floor":5,"key":"AttackPotion"},{"floor":14,"key":"Fire Potion"},{"floor":21,"key":"Energy Potion"},{"floor":27,"key":"Dexterity Potion"}],"is_trial":false,"path_per_floor":["M","M","M","?","M","E","R","?","T","E","$","E","M","E","R","B",null,"M","$","?","M","?","R","M","?","T","M","?","R"],"character_chosen":"DEFECT","items_purchased":["Genetic Algorithm","Panacea","Chill"],"campfire_rested":0,"item_purchase_floors":[11,11,19],"current_hp_per_floor":[59,54,54,47,47,31,31,31,31,31,31,28,26,20,20,20,68,63,63,57,41,41,41,19,19,19,15,15,15,0],"gold":126,"neow_bonus":"ONE_RARE_RELIC","is_prod":false,"is_daily":false,"chose_seed":false,"campfire_upgraded":3,"win_rate":0,"timestamp":1530053595,"path_taken":["M","M","M","?","M","E","R","?","T","E","$","E","M","E","R","BOSS","M","$","?","M","?","R","M","?","T","?","?","R","M"],"build_version":"2018-06-21v2","purchased_purges":2,"victory":false,"max_hp_per_floor":[68,68,68,68,68,68,68,68,68,68,68,68,68,68,68,68,68,68,68,68,68,68,68,68,68,68,68,68,68,68],"card_choices":[{"not_picked":["Melter","Rebound"],"picked":"Glacier","floor":1},{"not_picked":["Rebound","Fusion"],"picked":"Conserve Battery","floor":2},{"not_picked":["Undo","Redo"],"picked":"Coolheaded","floor":3},{"not_picked":["Auto Shields","Rebound"],"picked":"White Noise","floor":5},{"not_picked":["Gash","Force Field"],"picked":"Hyperbeam","floor":6},{"not_picked":["Blizzard","Turbo"],"picked":"Consume","floor":10},{"not_picked":["Stack","Coolheaded"],"picked":"Electrodynamics","floor":12},{"not_picked":["FTL","Stack"],"picked":"Redo","floor":13},{"not_picked":["Stack","Cold Snap","Steam"],"picked":"SKIP","floor":14},{"not_picked":["Amplify","Electrodynamics"],"picked":"Creative AI","floor":16},{"not_picked":["Coolheaded","Redo"],"picked":"BootSequence","floor":18},{"not_picked":["Hello World+1","Streamline","Creative AI"],"picked":"SKIP","floor":21},{"not_picked":["Self Repair","Barrage","Compile Driver"],"picked":"SKIP","floor":24},{"not_picked":["Leap","Conserve Battery","Steam"],"picked":"SKIP","floor":27}],"player_experience":317017,"relics_obtained":[{"floor":6,"key":"Omamori"},{"floor":9,"key":"Shuriken"},{"floor":10,"key":"Incense Burner"},{"floor":14,"key":"Vajra"},{"floor":26,"key":"Shovel"}],"event_choices":[{"event_name":"Golden Wing","player_choice":"Card Removal","floor":4,"damage_taken":0},{"event_name":"Liars Game","player_choice":"agreed","floor":8,"damage_taken":0},{"event_name":"Nest","player_choice":"Joined the Cult","floor":20,"damage_taken":0},{"event_name":"Drug Dealer","player_choice":"Got JAXXED","floor":22,"damage_taken":0},{"event_name":"The Mausoleum","player_choice":"Yes","floor":25,"damage_taken":0},{"event_name":"Addict","player_choice":"Gave JAX","floor":28,"damage_taken":0}],"boss_relics":[{"not_picked":["Pandora\u0027s Box","Philosopher\u0027s Stone"],"picked":"Nuclear Battery"}],"items_purged_floors":[11,19],"is_endless":false,"potions_floor_spawned":[1,3,5,14,21,27],"killed_by":"3 Cultists","ascension_level":4}