{"gold_per_floor":[212,231,242,115,132,132,166,166,166,192,204,204,6,24,24,128,128,146,146,61,77,90,120,120],"floor_reached":24,"playtime":4617,"items_purged":["Defend_G","Defend_G"],"score":228,"play_id":"b28dbb0d-c275-4227-a35b-ceb814aecec7","local_time":"20180705223514","is_ascension_mode":false,"campfire_choices":[{"data":"Neutralize","floor":6.0,"key":"SMITH"},{"data":"Endless Agony","floor":8.0,"key":"SMITH"},{"data":"Backflip","floor":12.0,"key":"SMITH"},{"data":"Masterful Stab","floor":15.0,"key":"SMITH"}],"neow_cost":"","seed_source_timestamp":0,"circlet_count":0,"master_deck":["Defend_G","Defend_G","Defend_G","Strike_G","Strike_G","Strike_G","Strike_G","Strike_G","Survivor","Neutralize+1","Backstab","Masterful Stab+1","Backflip+1","Endless Agony+1","Escape Plan","Deflect","Catalyst","Well Laid Plans","Adrenaline","Prepared+1","RitualDagger","Escape Plan","Poisoned Stab"],"special_seed":0,"relics":["Ring of the Snake","Mango","The Courier","Darkstone Periapt","White Beast Statue","Centennial Puzzle","Toxic Egg 2"],"potions_floor_usage":[23,24,24],"damage_taken":[{"damage":1.0,"enemies":"Cultist","floor":1.0,"turns":5.0},{"damage":2.0,"enemies":"Small Slimes","floor":2.0,"turns":4.0},{"damage":0.0,"enemies":"2 Louse","floor":3.0,"turns":2.0},{"damage":2.0,"enemies":"Looter","floor":5.0,"turns":3.0},{"damage":14.0,"enemies":"Gremlin Nob","floor":7.0,"turns":5.0},{"damage":9.0,"enemies":"3 Sentries","floor":10.0,"turns":9.0},{"damage":0.0,"enemies":"Exordium Wildlife","floor":11.0,"turns":3.0},{"damage":0.0,"enemies":"2 Fungi Beasts","floor":14.0,"turns":2.0},{"damage":32.0,"enemies":"The Guardian","floor":16.0,"turns":15.0},{"damage":0.0,"enemies":"3 Byrds","floor":18.0,"turns":5.0},{"damage":11.0,"enemies":"Spheric Guardian","floor":21.0,"turns":4.0},{"damage":21.0,"enemies":"Snake Plant","floor":22.0,"turns":9.0},{"damage":35,"enemies":"Slavers","floor":23,"turns":7},{"damage":11,"enemies":"Centurion and Healer","floor":24,"turns":5}],"seed_played":"-4013456274902360769","potions_obtained":[{"floor":3.0,"key":"Swift Potion"},{"floor":5.0,"key":"Swift Potion"},{"floor":10.0,"key":"Strength Potion"},{"floor":16.0,"key":"Swift Potion"},{"floor":18.0,"key":"Poison Potion"},{"floor":21.0,"key":"GamblersBrew"},{"floor":22.0,"key":"SkillPotion"},{"floor":23,"key":"Weak Potion"}],"is_trial":false,"path_per_floor":["M","M","M","$","M","R","E","R","T","E","M","R","$","M","R","B",null,"M","?","?","M","M","E"],"character_chosen":"THE_SILENT","items_purchased":["Backflip","Catalyst","Well Laid Plans"],"campfire_rested":0,"item_purchase_floors":[],"current_hp_per_floor":[69,67,67,67,65,65,65,65,65,56,56,56,56,56,56,24,84,84,78,78,67,46,11,0],"gold":120,"neow_bonus":"","is_prod":false,"is_daily":false,"chose_seed":false,"campfire_upgraded":4,"win_rate":0,"timestamp":1530826514,"path_taken":["M","?","M","$","M","R","E","R","T","E","M","R","$","M","R","BOSS","M","?","?","M","M","E","M"],"build_version":"2018-06-28","purchased_purges":2,"victory":false,"max_hp_per_floor":[70,70,70,70,70,70,84,84,84,84,84,84,84,84,84,84,84,84,84,84,84,84,84,84],"card_choices":[{"not_picked":["Cloak And Dagger","Distraction"],"picked":"Backstab","floor":1.0},{"not_picked":["Setup","Cloak And Dagger","Blade Dance"],"picked":"SKIP","floor":2.0},{"not_picked":["Cloak And Dagger","Sucker Punch"],"picked":"Masterful Stab","floor":3.0},{"not_picked":["Dagger Throw","Reflex","Dagger Spray"],"picked":"SKIP","floor":5.0},{"not_picked":["Flying Knee","Cloak And Dagger"],"picked":"Endless Agony","floor":7.0},{"not_picked":["Bullet Time","Skewer"],"picked":"Escape Plan","floor":10.0},{"not_picked":["Quick Slash","Outmaneuver"],"picked":"Deflect","floor":11.0},{"not_picked":["Dagger Throw","Crippling Poison","Sucker Punch"],"picked":"SKIP","floor":14.0},{"not_picked":["Envenom","Doppelganger"],"picked":"Adrenaline","floor":16.0},{"not_picked":["Flying Knee","Blade Dance"],"picked":"Prepared+1","floor":18.0},{"not_picked":["Dodge and Roll","Dash","Flying Knee"],"picked":"SKIP","floor":21.0},{"not_picked":["Predator","Deflect+1"],"picked":"Escape Plan","floor":22.0},{"not_picked":["Slice","Dagger Throw"],"picked":"Poisoned Stab","floor":23}],"player_experience":274800,"relics_obtained":[{"floor":7.0,"key":"Mango"},{"floor":9.0,"key":"The Courier"},{"floor":10.0,"key":"Darkstone Periapt"},{"floor":23,"key":"Toxic Egg 2"}],"event_choices":[{"event_name":"Nest","player_choice":"Joined the Cult","floor":19.0,"damage_taken":0.0},{"event_name":"Addict","player_choice":"Obtained Relic","floor":20.0,"damage_taken":0.0}],"boss_relics":[{"not_picked":["Busted Crown","Eternal Feather"],"picked":"White Beast Statue"}],"items_purged_floors":[],"is_endless":false,"potions_floor_spawned":[3,5,10,16,18,21,22,23],"killed_by":"Centurion and Healer","ascension_level":0}