{"gold_per_floor":[109,109,119,44,63,63,88,88,111,111,91,138,155,187,187,282,282,301,301,321,142,162,162,179,205,242,254,286,310,322,352,364,472,484,508,534,546,558,238,238,267,267,267,267,281,131,146,76,76,76],"floor_reached":51,"playtime":4980,"items_purged":["Defend_G","Underhanded Strike","Expertise","Bouncing Flask"],"score":716,"play_id":"8edd22c4-7579-438a-85e0-7a8b590e4688","local_time":"20190130235904","is_ascension_mode":true,"campfire_choices":[{"data":"Footwork","floor":6,"key":"SMITH"},{"data":"Noxious Fumes","floor":8,"key":"SMITH"},{"data":"Neutralize","floor":10,"key":"SMITH"},{"floor":15,"key":"REST"},{"floor":23,"key":"REST"},{"floor":27,"key":"REST"},{"floor":30,"key":"REST"},{"floor":32,"key":"REST"},{"data":"Footwork","floor":40,"key":"SMITH"},{"data":"Envenom","floor":42,"key":"SMITH"},{"data":"Blur","floor":44,"key":"SMITH"},{"floor":49,"key":"REST"}],"neow_cost":"NONE","seed_source_timestamp":26959309631865,"circlet_count":0,"master_deck":["Survivor","Neutralize+1","Noxious Fumes+1","Footwork+1","Backflip","Terror","Footwork+1","Catalyst","Glass Knife","PiercingWail","Escape Plan","Venomology","Glass Knife","Poisoned Stab","Crippling Poison","Noxious Fumes","Corpse Explosion","Blur+1","Venomology","Leg Sweep","Envenom+1","Bouncing Flask+1","Backstab+1","Catalyst+1"],"relics":["Ring of the Snake","NeowsBlessing","Bag of Marbles","Snake Skull","Ancient Tea Set","Blood Vial","Pandora\u0027s Box","MawBank","Boot","Empty Cage","Toy Ornithopter","Toxic Egg 2","Pen Nib"],"potions_floor_usage":[7,14,14,14,14,20,22,22,25,25,29,31,31,33,35,36,36,41,47,47,50,50,50],"damage_taken":[{"damage":0,"enemies":"Jaw Worm","floor":1,"turns":1},{"damage":0,"enemies":"Cultist","floor":3,"turns":1},{"damage":0,"enemies":"Small Slimes","floor":5,"turns":1},{"damage":9,"enemies":"3 Sentries","floor":7,"turns":9},{"damage":4,"enemies":"Exordium Thugs","floor":11,"turns":5},{"damage":5,"enemies":"3 Louse","floor":13,"turns":3},{"damage":24,"enemies":"Gremlin Nob","floor":14,"turns":6},{"damage":23,"enemies":"Slime Boss","floor":16,"turns":10},{"damage":14,"enemies":"Spheric Guardian","floor":18,"turns":6},{"damage":30,"enemies":"2 Thieves","floor":20,"turns":4},{"damage":27,"enemies":"Shelled Parasite and Fungi","floor":22,"turns":4},{"damage":12,"enemies":"Snake Plant","floor":24,"turns":4},{"damage":13,"enemies":"Gremlin Leader","floor":25,"turns":5},{"damage":10,"enemies":"Snecko","floor":28,"turns":6},{"damage":0,"enemies":"Chosen and Byrds","floor":29,"turns":5},{"damage":8,"enemies":"3 Cultists","floor":31,"turns":4},{"damage":13,"enemies":"Collector","floor":33,"turns":8},{"damage":49,"enemies":"3 Darklings","floor":35,"turns":5},{"damage":11,"enemies":"Orb Walker","floor":36,"turns":5},{"damage":28,"enemies":"Giant Head","floor":41,"turns":8},{"damage":2,"enemies":"Maw","floor":45,"turns":7},{"damage":14,"enemies":"Sphere and 2 Shapes","floor":47,"turns":5},{"damage":85,"enemies":"Donu and Deca","floor":50,"turns":9}],"seed_played":"-6865393094163300857","potions_obtained":[{"floor":2,"key":"Dexterity Potion"},{"floor":2,"key":"EntropicBrew"},{"floor":2,"key":"Dexterity Potion"},{"floor":7,"key":"FairyPotion"},{"floor":22,"key":"Explosive Potion"},{"floor":24,"key":"Energy Potion"},{"floor":31,"key":"Regen Potion"},{"floor":36,"key":"Fire Potion"}],"is_trial":false,"path_per_floor":["M","?","M","$","M","R","E","R","T","R","M","T","M","E","R","B",null,"M","?","M","$","M","R","M","E","T","R","M","M","R","M","R","B",null,"M","M","?","?","$","R","E","R","T","R","M","$","M","$","R","B",null],"character_chosen":"THE_SILENT","items_purchased":["Noxious Fumes","Toy Ornithopter","Catalyst+1"],"campfire_rested":6,"item_purchase_floors":[21,39,48],"current_hp_per_floor":[70,70,70,70,70,70,61,61,61,61,57,57,52,28,49,28,70,56,56,28,28,17,38,28,17,17,38,30,32,53,47,68,57,70,35,26,26,70,70,70,46,46,46,46,46,46,53,53,70,7],"gold":76,"neow_bonus":"THREE_ENEMY_KILL","is_prod":false,"is_daily":false,"chose_seed":false,"campfire_upgraded":6,"win_rate":0,"timestamp":1548892744,"path_taken":["M","?","?","$","?","R","E","R","T","R","M","?","M","E","R","BOSS","M","?","M","$","M","R","?","E","T","R","M","M","R","M","R","BOSS","M","?","?","?","$","R","E","R","T","R","M","$","M","$","R","BOSS"],"build_version":"2019-01-23","purchased_purges":4,"victory":true,"max_hp_per_floor":[70,70,70,70,70,70,70,70,70,70,70,70,70,70,70,70,70,70,70,70,70,70,70,70,70,70,70,70,70,70,70,70,70,70,70,70,70,70,70,70,70,70,70,70,70,70,70,70,70,70],"card_choices":[{"not_picked":["Quick Slash","Skewer","Underhanded Strike"],"picked":"SKIP","floor":1},{"not_picked":["Escape Plan","Sucker Punch"],"picked":"Noxious Fumes","floor":3},{"not_picked":["Cloak And Dagger","Dagger Throw"],"picked":"Footwork","floor":5},{"not_picked":["Night Terror","Sucker Punch"],"picked":"Backflip","floor":7},{"not_picked":["Prepared","Concentrate"],"picked":"Terror","floor":11},{"not_picked":["Backflip","Leg Sweep"],"picked":"Footwork","floor":13},{"not_picked":["Concentrate","Deadly Poison"],"picked":"Catalyst","floor":14},{"not_picked":["Doppelganger","Wraith Form v2"],"picked":"Glass Knife","floor":16},{"not_picked":["Flying Knee","Outmaneuver","Bane+1"],"picked":"SKIP","floor":18},{"not_picked":["Calculated Gamble+1","Poisoned Stab"],"picked":"Crippling Poison","floor":20},{"not_picked":["Prepared","Tactician","Dagger Throw"],"picked":"SKIP","floor":22},{"not_picked":["Heel Hook","Flying Knee"],"picked":"Corpse Explosion","floor":24},{"not_picked":["Leg Sweep","Cloak And Dagger"],"picked":"Blur","floor":25},{"not_picked":["PiercingWail","Endless Agony","Dagger Throw"],"picked":"SKIP","floor":28},{"not_picked":["Sucker Punch","Skewer+1","Slice"],"picked":"SKIP","floor":29},{"not_picked":["Caltrops","Outmaneuver","Slice"],"picked":"SKIP","floor":31},{"not_picked":["Corpse Explosion","Die Die Die"],"picked":"Venomology","floor":33},{"not_picked":["Choke","Bane"],"picked":"Leg Sweep","floor":35},{"not_picked":["Dagger Throw+1","Leg Sweep"],"picked":"Bouncing Flask","floor":36},{"not_picked":["Heel Hook","Sucker Punch"],"picked":"Envenom","floor":41},{"not_picked":["Sucker Punch","Prepared+1"],"picked":"Bouncing Flask+1","floor":45},{"not_picked":["Well Laid Plans+1","Skewer+1"],"picked":"Backstab+1","floor":47}],"player_experience":479153,"relics_obtained":[{"floor":7,"key":"Bag of Marbles"},{"floor":9,"key":"Snake Skull"},{"floor":12,"key":"Ancient Tea Set"},{"floor":14,"key":"Blood Vial"},{"floor":25,"key":"MawBank"},{"floor":26,"key":"Boot"},{"floor":41,"key":"Toxic Egg 2"},{"floor":43,"key":"Pen Nib"}],"event_choices":[{"damage_healed":0,"gold_gain":0,"player_choice":"Got Potions","damage_taken":0,"max_hp_gain":0,"max_hp_loss":0,"event_name":"Lab","floor":2,"gold_loss":0},{"damage_healed":0,"gold_gain":0,"player_choice":"1 cards matched","damage_taken":0,"max_hp_gain":0,"max_hp_loss":0,"event_name":"Match and Keep!","floor":19,"gold_loss":0,"cards_obtained":["Acrobatics"]},{"damage_healed":0,"gold_gain":0,"player_choice":"Ignored","damage_taken":0,"max_hp_gain":0,"max_hp_loss":0,"event_name":"Tomb of Lord Red Mask","floor":37,"gold_loss":0},{"cards_removed":["Skewer"],"damage_healed":44,"gold_gain":0,"player_choice":"Offered Uncommon","damage_taken":0,"max_hp_gain":0,"max_hp_loss":0,"event_name":"Bonfire Elementals","floor":38,"gold_loss":0}],"is_beta":false,"boss_relics":[{"not_picked":["HoveringKite","WristBlade"],"picked":"Pandora\u0027s Box"},{"not_picked":["White Beast Statue","Runic Pyramid"],"picked":"Empty Cage"}],"items_purged_floors":[4,21,39,46],"is_endless":false,"potions_floor_spawned":[3,7,11,22,24,29,31,36,41,45],"ascension_level":1}