{"gold_per_floor":[112,132,152,169,181,216,234,268,268,268,268,303,303,318,318,419,419,429,354,354,372,392,424,424,436,515,529,529,529,529,554,554,653,653,663,681,465,485,35,82,82,113,113,128,188,244,304,0,0,20],"floor_reached":51,"playtime":3442,"items_purged":["Strike_R","Strike_R"],"score":898,"play_id":"d733f1df-fda1-472a-bf02-8a3b0c00bbef","local_time":"20190523111529","is_ascension_mode":false,"campfire_choices":[{"data":"Clothesline","floor":11,"key":"SMITH"},{"data":"Armaments","floor":15,"key":"SMITH"},{"data":"Heavy Blade","floor":24,"key":"SMITH"},{"data":"Whirlwind","floor":29,"key":"SMITH"},{"data":"Limit Break","floor":32,"key":"SMITH"},{"data":"True Grit","floor":41,"key":"SMITH"},{"data":"Inflame","floor":49,"key":"SMITH"}],"neow_cost":"NONE","seed_source_timestamp":226948546597200,"circlet_count":0,"master_deck":["Strike_R","Strike_R","Defend_R","Defend_R+1","Defend_R","Defend_R","Bash","Shrug It Off","Anger","Armaments+1","Clothesline+1","Thunderclap","Intimidate","Disarm+1","Reaper","Shockwave+1","Spot Weakness","Limit Break+1","Headbutt","Heavy Blade+1","Whirlwind+1","Spot Weakness","Ghostly Armor+1","True Grit+1","Enlightenment","HandOfGreed","Inflame+1","Panacea","Rage+1","Armaments+1"],"relics":["Burning Blood","Bronze Scales","Bird Faced Urn","Incense Burner","Pocketwatch","Busted Crown","Bottled Flame","Mercury Hourglass","Unceasing Top","Runic Pyramid","Ornamental Fan","Pear","Letter Opener","Red Mask"],"potions_floor_usage":[6,12,33,33,39,50,50],"damage_taken":[{"damage":6,"enemies":"Jaw Worm","floor":1,"turns":5},{"damage":0,"enemies":"Small Slimes","floor":2,"turns":3},{"damage":0,"enemies":"2 Louse","floor":3,"turns":2},{"damage":26,"enemies":"Exordium Thugs","floor":4,"turns":5},{"damage":2,"enemies":"Looter","floor":5,"turns":3},{"damage":20,"enemies":"3 Sentries","floor":6,"turns":6},{"damage":0,"enemies":"Blue Slaver","floor":7,"turns":4},{"damage":20,"enemies":"Lagavulin","floor":8,"turns":9},{"damage":12,"enemies":"Gremlin Nob","floor":12,"turns":5},{"damage":15,"enemies":"Exordium Thugs","floor":14,"turns":4},{"damage":0,"enemies":"The Guardian","floor":16,"turns":10},{"damage":2,"enemies":"Shell Parasite","floor":18,"turns":5},{"damage":13,"enemies":"2 Thieves","floor":21,"turns":3},{"damage":27,"enemies":"Centurion and Healer","floor":22,"turns":6},{"damage":12,"enemies":"Book of Stabbing","floor":23,"turns":6},{"damage":2,"enemies":"Snake Plant","floor":25,"turns":5},{"damage":0,"enemies":"Chosen and Byrds","floor":27,"turns":4},{"damage":0,"enemies":"Gremlin Leader","floor":31,"turns":5},{"damage":28,"enemies":"Automaton","floor":33,"turns":7},{"damage":4,"enemies":"3 Darklings","floor":35,"turns":4},{"damage":6,"enemies":"Orb Walker","floor":36,"turns":3},{"damage":13,"enemies":"Maw","floor":38,"turns":6},{"damage":21,"enemies":"Nemesis","floor":40,"turns":5},{"damage":7,"enemies":"Writhing Mass","floor":42,"turns":6},{"damage":0,"enemies":"Transient","floor":44,"turns":5},{"damage":5,"enemies":"4 Shapes","floor":45,"turns":6},{"damage":7,"enemies":"Giant Head","floor":46,"turns":8},{"damage":10,"enemies":"Sphere and 2 Shapes","floor":47,"turns":5},{"damage":8,"enemies":"Awakened One","floor":50,"turns":9}],"seed_played":"581026114640678826","potions_obtained":[{"floor":4,"key":"SteroidPotion"},{"floor":7,"key":"SmokeBomb"},{"floor":8,"key":"Dexterity Potion"},{"floor":12,"key":"SkillPotion"},{"floor":14,"key":"FearPotion"},{"floor":16,"key":"LiquidBronze"},{"floor":27,"key":"Strength Potion"},{"floor":31,"key":"Dexterity Potion"},{"floor":33,"key":"BloodPotion"},{"floor":35,"key":"Dexterity Potion"},{"floor":38,"key":"Fruit Juice"},{"floor":45,"key":"Swift Potion"}],"is_trial":false,"path_per_floor":["M","M","M","M","M","E","M","E","T","?","R","E","?","M","R","B",null,"M","?","?","M","M","E","R","M","T","M","?","R","?","E","R","B",null,"M","M","$","M","$","E","R","M","T","M","M","E","M","?","R","B",null],"character_chosen":"IRONCLAD","items_purchased":["True Grit","Enlightenment","HandOfGreed","Inflame","Panacea"],"campfire_rested":0,"item_purchase_floors":[37,37,39,39,39],"current_hp_per_floor":[88,88,88,68,72,58,64,50,50,32,32,30,35,32,32,38,93,93,93,93,93,93,93,93,93,93,93,93,93,93,93,93,71,93,93,93,93,93,98,98,98,98,108,108,108,108,106,106,106,104],"gold":20,"neow_bonus":"TEN_PERCENT_HP_BONUS","is_prod":false,"is_daily":false,"chose_seed":false,"campfire_upgraded":7,"win_rate":1,"timestamp":1558635329,"path_taken":["M","M","M","M","M","E","M","E","T","?","R","E","?","M","R","BOSS","M","?","?","M","?","E","R","M","T","M","?","R","?","E","R","BOSS","M","M","$","M","$","E","R","M","T","M","M","E","M","?","R","BOSS"],"build_version":"2019-01-23","purchased_purges":2,"victory":true,"max_hp_per_floor":[88,88,88,88,88,88,88,88,88,88,88,88,93,93,93,93,93,93,93,93,93,93,93,93,93,93,93,93,93,93,93,93,93,93,93,93,93,93,98,98,98,98,108,108,108,108,108,108,108,108],"card_choices":[{"not_picked":["Pommel Strike","Havoc"],"picked":"Shrug It Off","floor":1},{"not_picked":["Seeing Red","Iron Wave"],"picked":"Anger","floor":2},{"not_picked":["Searing Blow","Rupture"],"picked":"Armaments","floor":3},{"not_picked":["Headbutt","Fire Breathing"],"picked":"Clothesline","floor":4},{"not_picked":["Corruption","Rupture"],"picked":"Thunderclap","floor":5},{"not_picked":["Cleave","Heavy Blade"],"picked":"Intimidate","floor":6},{"not_picked":["Armaments","Iron Wave"],"picked":"Disarm","floor":7},{"not_picked":["Sword Boomerang","Body Slam"],"picked":"Reaper","floor":8},{"not_picked":["Ghostly Armor","True Grit"],"picked":"Shockwave","floor":12},{"not_picked":["Wild Strike","Searing Blow"],"picked":"Spot Weakness","floor":14},{"not_picked":["Brutality","Bludgeon"],"picked":"Limit Break","floor":16},{"not_picked":["Sentinel"],"picked":"SKIP","floor":18},{"not_picked":["Heavy Blade"],"picked":"SKIP","floor":21},{"not_picked":["Heavy Blade"],"picked":"SKIP","floor":21},{"not_picked":[],"picked":"Heavy Blade","floor":21},{"not_picked":["Infernal Blade+1"],"picked":"SKIP","floor":22},{"not_picked":["Sword Boomerang"],"picked":"SKIP","floor":23},{"not_picked":["Second Wind"],"picked":"SKIP","floor":25},{"not_picked":["Sword Boomerang"],"picked":"SKIP","floor":27},{"not_picked":[],"picked":"Spot Weakness","floor":31},{"not_picked":[],"picked":"Ghostly Armor+1","floor":35},{"not_picked":["Clash+1"],"picked":"SKIP","floor":36},{"not_picked":["Clash+1"],"picked":"SKIP","floor":36},{"not_picked":["Searing Blow"],"picked":"SKIP","floor":38},{"not_picked":[],"picked":"Rage+1","floor":40},{"not_picked":[],"picked":"Armaments+1","floor":42},{"not_picked":["Metallicize"],"picked":"SKIP","floor":44},{"not_picked":["Havoc+1"],"picked":"SKIP","floor":45},{"not_picked":["Rampage+1"],"picked":"SKIP","floor":46},{"not_picked":["Cleave"],"picked":"SKIP","floor":47}],"player_experience":862178,"relics_obtained":[{"floor":6,"key":"Bronze Scales"},{"floor":8,"key":"Bird Faced Urn"},{"floor":9,"key":"Incense Burner"},{"floor":12,"key":"Pocketwatch"},{"floor":23,"key":"Bottled Flame"},{"floor":26,"key":"Mercury Hourglass"},{"floor":31,"key":"Unceasing Top"},{"floor":40,"key":"Ornamental Fan"},{"floor":43,"key":"Pear"},{"floor":46,"key":"Letter Opener"}],"event_choices":[{"damage_healed":0,"gold_gain":0,"player_choice":"Entered Light","damage_taken":18,"max_hp_gain":0,"max_hp_loss":0,"event_name":"Shining Light","floor":10,"gold_loss":0,"cards_upgraded":["Disarm","Defend_R"]},{"damage_healed":0,"gold_gain":0,"player_choice":"Donut","damage_taken":0,"max_hp_gain":5,"max_hp_loss":0,"event_name":"Big Fish","floor":13,"gold_loss":0},{"cards_removed":["Strike_R"],"damage_healed":0,"gold_gain":0,"player_choice":"Gave Gold","damage_taken":0,"max_hp_gain":0,"max_hp_loss":0,"event_name":"Beggar","floor":19,"gold_loss":75},{"damage_healed":0,"gold_gain":0,"player_choice":"1 cards matched","damage_taken":0,"max_hp_gain":0,"max_hp_loss":0,"event_name":"Match and Keep!","floor":20,"gold_loss":0,"cards_obtained":["Headbutt"]},{"damage_healed":0,"gold_gain":0,"player_choice":"Read","damage_taken":0,"max_hp_gain":0,"max_hp_loss":0,"event_name":"The Library","floor":28,"gold_loss":0,"cards_obtained":["Whirlwind"]},{"damage_healed":0,"gold_gain":0,"player_choice":"Upgraded","damage_taken":0,"max_hp_gain":0,"max_hp_loss":0,"event_name":"Upgrade Shrine","floor":30,"gold_loss":0,"cards_upgraded":["Shockwave"]},{"damage_healed":0,"gold_gain":0,"player_choice":"Paid","damage_taken":0,"relics_obtained":["Red Mask"],"max_hp_gain":0,"max_hp_loss":0,"event_name":"Tomb of Lord Red Mask","floor":48,"gold_loss":304}],"is_beta":false,"boss_relics":[{"not_picked":["Astrolabe","Tiny House"],"picked":"Busted Crown"},{"not_picked":["Pandora\u0027s Box","Calling Bell"],"picked":"Runic Pyramid"}],"items_purged_floors":[37,39],"is_endless":false,"potions_floor_spawned":[4,7,8,12,14,16,27,31,33,35,38,45,46],"ascension_level":0}