{"gold_per_floor":[116,116,116,44,58,90,116,161,197,223,223,251,263,275,287,299],"floor_reached":16,"playtime":571,"items_purged":[],"score":189,"play_id":"a05a749a-904a-40e0-8cd5-b46fbeded727","local_time":"20190121220450","is_ascension_mode":true,"campfire_choices":[{"data":"Havoc","floor":13,"key":"SMITH"},{"data":"Fiend Fire","floor":15,"key":"SMITH"}],"neow_cost":"NONE","seed_source_timestamp":362589017459549,"circlet_count":0,"master_deck":["Strike_R","Strike_R","Strike_R","Strike_R","Strike_R","Defend_R","Defend_R","Defend_R","Defend_R","Bash+1","Havoc+1","Ghostly Armor","Shrug It Off","Fiend Fire+1","Shrug It Off"],"relics":["Burning Blood","NeowsBlessing","Strawberry","MawBank","Matryoshka","Blood Vial","Orichalcum"],"potions_floor_usage":[8,8],"damage_taken":[{"damage":0,"enemies":"Small Slimes","floor":1,"turns":1},{"damage":0,"enemies":"Jaw Worm","floor":5,"turns":1},{"damage":0,"enemies":"Gremlin Nob","floor":6,"turns":1},{"damage":1,"enemies":"Cultist","floor":7,"turns":5},{"damage":39,"enemies":"3 Sentries","floor":8,"turns":15},{"damage":0,"enemies":"2 Fungi Beasts","floor":10,"turns":3},{"damage":11,"enemies":"Exordium Thugs","floor":11,"turns":4},{"damage":10,"enemies":"Red Slaver","floor":12,"turns":4},{"damage":73,"enemies":"Hexaghost","floor":16,"turns":9}],"seed_played":"-4223765511436960327","potions_obtained":[{"floor":6,"key":"Block Potion"},{"floor":7,"key":"Fruit Juice"},{"floor":11,"key":"Regen Potion"}],"is_trial":false,"path_per_floor":["M","?","?","$","M","E","M","E","T","M","M","M","R","?","R","B"],"character_chosen":"IRONCLAD","items_purchased":["Ghostly Armor"],"campfire_rested":0,"item_purchase_floors":[4],"current_hp_per_floor":[80,85,89,89,92,92,92,64,64,72,69,67,67,67,67,0],"gold":299,"neow_bonus":"THREE_ENEMY_KILL","is_prod":false,"is_daily":false,"chose_seed":false,"campfire_upgraded":2,"win_rate":0,"timestamp":1548126290,"path_taken":["M","?","?","?","M","E","?","E","T","M","M","M","R","?","R","BOSS"],"build_version":"2019-01-17v2","purchased_purges":0,"victory":false,"max_hp_per_floor":[80,85,92,92,92,92,92,97,97,97,97,97,97,97,97,97],"card_choices":[{"not_picked":["Perfected Strike","Carnage"],"picked":"Havoc","floor":1},{"not_picked":["Disarm","Clothesline","Inflame"],"picked":"SKIP","floor":5},{"not_picked":["Sword Boomerang","Twin Strike"],"picked":"Shrug It Off","floor":6},{"not_picked":["Thunderclap","True Grit"],"picked":"Fiend Fire","floor":7},{"not_picked":["Perfected Strike","Armaments","Wild Strike"],"picked":"SKIP","floor":8},{"not_picked":["Whirlwind","Burning Pact","Double Tap"],"picked":"SKIP","floor":10},{"not_picked":["Hemokinesis","Rupture","Cleave"],"picked":"SKIP","floor":11},{"not_picked":["Body Slam","Anger"],"picked":"Shrug It Off","floor":12}],"player_experience":211470,"relics_obtained":[{"floor":6,"key":"MawBank"},{"floor":8,"key":"Matryoshka"},{"floor":9,"key":"Blood Vial"},{"floor":9,"key":"Orichalcum"}],"event_choices":[{"damage_healed":0,"gold_gain":0,"player_choice":"Donut","damage_taken":0,"max_hp_gain":5,"max_hp_loss":0,"event_name":"Big Fish","floor":2,"gold_loss":0},{"damage_healed":0,"gold_gain":0,"player_choice":"Success","damage_taken":3,"relics_obtained":["Strawberry"],"max_hp_gain":0,"max_hp_loss":0,"event_name":"Scrap Ooze","floor":3,"gold_loss":0},{"damage_healed":0,"gold_gain":0,"player_choice":"Forge","damage_taken":0,"max_hp_gain":0,"max_hp_loss":0,"event_name":"Accursed Blacksmith","floor":14,"gold_loss":0,"cards_upgraded":["Bash"]}],"is_beta":false,"boss_relics":[],"items_purged_floors":[],"is_endless":false,"potions_floor_spawned":[6,7,11],"killed_by":"Hexaghost","ascension_level":4}