{"path_per_floor":["M","?","M","?","M","R","M","$","T","M","R","T","?","M","R","B",null,"M","M","M","?","?","R"],"character_chosen":"THE_SILENT","items_purchased":[],"gold_per_floor":[118,118,129,129,144,144,157,157,157,170,170,170,170,180,180,278,308,321,331,350,350,550,550],"floor_reached":24,"campfire_rested":1,"playtime":2211,"current_hp_per_floor":[67,67,62,55,55,61,25,25,39,29,60,60,65,62,68,34,94,87,91,75,75,75,83],"items_purged":[],"gold":550,"score":213,"play_id":"8b9bf290-787c-46da-8d07-e8d7cede3aa0","is_prod":false,"is_daily":false,"is_ascension_mode":false,"campfire_upgraded":2,"path_taken":["M","?","?","?","?","R","M","$","T","M","R","?","?","M","R","BOSS","M","M","M","?","?","R","E"],"build_version":"2018-02-15-PROD1","purchased_purges":0,"victory":false,"master_deck":["Defend_G","Defend_G","Defend_G","Defend_G","Strike_G","Strike_G","Strike_G","Strike_G","Strike_G","Survivor","Neutralize","Outmaneuver","Malaise","Slice+1","Dagger Spray","Backstab+1","Dodge and Roll+1","Bouncing Flask","Adrenaline","Terror","Distraction","Sucker Punch+1","Deflect"],"max_hp_per_floor":[70,70,70,70,70,70,70,70,84,84,84,84,89,89,89,89,94,94,94,94,94,94,94],"relics":["Eternal Feather","Kunai","Mango","Peace Pipe","Tiny House","Orichalcum"],"card_choices":[{"not_picked":["PiercingWail","Flying Knee"],"picked":"Outmaneuver"},{"not_picked":["Outmaneuver","Acrobatics"],"picked":"Slice"},{"not_picked":["Night Terror","Prepared"],"picked":"Dagger Spray"},{"not_picked":["PiercingWail","Deflect"],"picked":"Backstab"},{"not_picked":["Reflex","Sucker Punch"],"picked":"Dodge and Roll"},{"not_picked":["Finisher","Deflect"],"picked":"Bouncing Flask"},{"not_picked":["Venomology","Glass Knife"],"picked":"Adrenaline"},{"not_picked":["Outmaneuver","Dagger Throw"],"picked":"Terror"},{"not_picked":["Reflex","Slice"],"picked":"Distraction"},{"not_picked":["Distraction","Quick Slash"],"picked":"Sucker Punch"},{"not_picked":["Prepared","Dagger Throw"],"picked":"Deflect"}],"player_experience":107778,"potions_floor_usage":[16,19,19,24],"damage_taken":[{"damage":3,"enemies":"2 Louse","floor":1,"turns":2},{"damage":5,"enemies":"Cultist","floor":3,"turns":5},{"damage":0,"enemies":"Small Slimes","floor":5,"turns":4},{"damage":36,"enemies":"Gremlin Gang","floor":7,"turns":5},{"damage":10,"enemies":"Looter","floor":10,"turns":3},{"damage":3,"enemies":"3 Louse","floor":14,"turns":3},{"damage":34,"enemies":"Hexaghost","floor":16,"turns":13},{"damage":7,"enemies":"Shell Parasite","floor":18,"turns":6},{"damage":5,"enemies":"Spheric Guardian","floor":19,"turns":5},{"damage":16,"enemies":"Snecko","floor":20,"turns":5},{"damage":88,"enemies":"Gremlin Leader","floor":24,"turns":11}],"event_choices":[{"event_name":"Transmorgrifier","player_choice":"Transform","floor":2,"damage_taken":0},{"event_name":"Scrap Ooze","player_choice":"success","floor":4,"damage_taken":7},{"event_name":"Big Fish","player_choice":"Donut","floor":13,"damage_taken":0},{"event_name":"Accursed Blacksmith","player_choice":"Rummage","floor":21,"damage_taken":0},{"event_name":"The Joust","player_choice":"Bet on Owner","floor":22,"damage_taken":0}],"boss_relics":[{"not_picked":["Lizard Tail","Runic Dome"],"picked":"Tiny House"}],"potions_floor_spawned":[1,16,18],"seed_played":"-4332077687198206331","killed_by":"Gremlin Leader","ascension_level":0,"is_trial":false}