{"gold_per_floor":[114,129,144,219,234,264,264,264,339,339,46,11,49,68,68,193,193,212,262,60,79,98,136,136,204,204,204,204,223,242,280,280,405,405,424,424,443,218,237,275,275,313,388,407,445,445,464,483,483,483],"floor_reached":51,"playtime":2962,"items_purged":["Thunder Strike"],"score":1007,"play_id":"7180bc4c-3e1c-402e-bb8a-f49a8976922e","local_time":"20180812210636","daily_mods":["Shiny","Elite Swarm","Uncertain Future"],"is_ascension_mode":false,"campfire_choices":[{"data":"Turbo","floor":7,"key":"SMITH"},{"floor":10,"key":"REST"},{"data":"Echo Form","floor":15,"key":"SMITH"},{"floor":24,"key":"REST"},{"data":"Apotheosis","floor":27,"key":"SMITH"},{"data":"Seek","floor":32,"key":"SMITH"},{"floor":46,"key":"REST"},{"floor":49,"key":"REST"}],"neow_cost":"","seed_source_timestamp":0,"circlet_count":0,"master_deck":["Multi-Cast","Hyperbeam","Biased Cognition","Machine Learning","Electrodynamics","Buffer","Rainbow","Seek","Meteor Strike","Echo Form+1","Reboot+1","Amplify+1","Creative AI","Fission","Core Surge","Leap","Sweeping Beam","Turbo+1","Steam","Meteor Strike","Bandage Up","Meteor Strike","Leap","Reboot","Coolheaded","Apotheosis+1","Compile Driver+1","Reboot","Hologram","Loop","Seek+1","Core Surge","Buffer","Trip","Finesse","Tempest+1"],"special_seed":17756,"relics":["Cracked Core","Prayer Wheel","Golden Idol","Symbiotic Virus","Runic Capacitor","Nunchaku","Nuclear Battery","Oddly Smooth Stone","War Paint","Tiny Chest","Pear","Cables","Fusion Hammer","Lantern","Potion Belt","Mercury Hourglass","Frozen Egg 2","Molten Egg 2"],"potions_floor_usage":[3,6,13,16,23,31,33,40,50],"damage_taken":[{"damage":0,"enemies":"Cultist","floor":1,"turns":2},{"damage":0,"enemies":"Small Slimes","floor":2,"turns":1},{"damage":7,"enemies":"Jaw Worm","floor":3,"turns":3},{"damage":10,"enemies":"Looter","floor":5,"turns":2},{"damage":9,"enemies":"3 Sentries","floor":6,"turns":2},{"damage":0,"enemies":"Lagavulin","floor":13,"turns":4},{"damage":15,"enemies":"Blue Slaver","floor":14,"turns":3},{"damage":38,"enemies":"The Guardian","floor":16,"turns":12},{"damage":0,"enemies":"Spheric Guardian","floor":18,"turns":4},{"damage":12,"enemies":"Shell Parasite","floor":21,"turns":3},{"damage":0,"enemies":"Cultist and Chosen","floor":22,"turns":4},{"damage":37,"enemies":"Slavers","floor":23,"turns":5},{"damage":9,"enemies":"Gremlin Leader","floor":25,"turns":4},{"damage":0,"enemies":"Sentry and Sphere","floor":29,"turns":4},{"damage":0,"enemies":"Snecko","floor":30,"turns":3},{"damage":24,"enemies":"Slavers","floor":31,"turns":5},{"damage":0,"enemies":"Collector","floor":33,"turns":5},{"damage":0,"enemies":"Flame Bruiser 1 Orb","floor":35,"turns":4},{"damage":0,"enemies":"3 Darklings","floor":37,"turns":3},{"damage":9,"enemies":"Sphere and 2 Shapes","floor":39,"turns":3},{"damage":0,"enemies":"Giant Head","floor":40,"turns":6},{"damage":33,"enemies":"2 Orb Walkers","floor":42,"turns":3},{"damage":10,"enemies":"Spire Growth","floor":44,"turns":3},{"damage":0,"enemies":"Nemesis","floor":45,"turns":5},{"damage":31,"enemies":"Flame Bruiser 2 Orb","floor":47,"turns":4},{"damage":0,"enemies":"Maw","floor":48,"turns":4},{"damage":56,"enemies":"Awakened One","floor":50,"turns":11}],"seed_played":"-9143761212453348054","potions_obtained":[{"floor":2,"key":"Block Potion"},{"floor":5,"key":"AttackPotion"},{"floor":6,"key":"Energy Potion"},{"floor":13,"key":"GamblersBrew"},{"floor":18,"key":"Energy Potion"},{"floor":29,"key":"SkillPotion"},{"floor":30,"key":"SpeedPotion"},{"floor":35,"key":"Weak Potion"},{"floor":39,"key":"SteroidPotion"},{"floor":40,"key":"SpeedPotion"}],"is_trial":false,"path_per_floor":["M","M","M","?","M","E","R","?","T","R","$","?","E","M","R","B",null,"M","T","$","M","M","E","R","E","T","R","?","M","M","E","R","B",null,"M","?","M","$","M","E","?","E","T","M","E","R","M","M","R","B"],"character_chosen":"DEFECT","items_purchased":["Runic Capacitor","Bandage Up","Apotheosis","Lantern"],"campfire_rested":4,"item_purchase_floors":[11,11,20,38],"current_hp_per_floor":[75,75,68,57,47,38,38,20,20,42,42,60,64,53,53,19,75,75,75,75,67,71,38,60,57,67,67,67,71,71,47,47,53,85,85,85,85,85,76,85,75,48,48,42,48,73,50,56,81,29],"gold":483,"neow_bonus":"","is_prod":false,"is_daily":true,"chose_seed":false,"campfire_upgraded":4,"win_rate":0,"timestamp":1534122396,"path_taken":["M","M","M","?","M","E","R","?","T","R","$","?","E","M","R","BOSS","M","?","$","?","M","E","R","E","T","R","?","M","M","E","R","BOSS","M","?","M","$","M","E","?","E","T","M","E","R","?","M","R","BOSS"],"build_version":"2018-08-09","purchased_purges":1,"victory":true,"max_hp_per_floor":[75,75,75,75,75,75,75,75,75,75,75,75,75,75,75,75,75,75,75,75,75,75,75,75,75,85,85,85,85,85,85,85,85,85,85,85,85,85,85,85,85,85,85,85,85,85,85,85,85,85],"card_choices":[{"not_picked":["Gash","Go for the Eyes"],"picked":"Leap","floor":1},{"not_picked":["Blizzard","Beam Cell"],"picked":"Sweeping Beam","floor":2},{"not_picked":["Coolheaded","Redo"],"picked":"Turbo","floor":3},{"not_picked":["Hyperbeam","Rebound"],"picked":"Steam","floor":5},{"not_picked":["Reboot","Machine Learning"],"picked":"Meteor Strike","floor":6},{"not_picked":["Fission","Reboot"],"picked":"Meteor Strike","floor":13},{"not_picked":["Lockon","Beam Cell"],"picked":"Leap","floor":14},{"not_picked":["Ball Lightning","Go for the Eyes","Beam Cell"],"picked":"SKIP","floor":14},{"not_picked":["Meteor Strike","Thunder Strike"],"picked":"Reboot","floor":16},{"not_picked":["Aggregate","Leap"],"picked":"Coolheaded","floor":18},{"not_picked":["Blizzard","Self Repair","Turbo"],"picked":"SKIP","floor":18},{"not_picked":["Redo","Coolheaded"],"picked":"Compile Driver+1","floor":21},{"not_picked":["Streamline+1","Barrage"],"picked":"Reboot","floor":21},{"not_picked":["Heatsinks+1","Sunder"],"picked":"Hologram","floor":22},{"not_picked":["Compile Driver","Redo"],"picked":"Loop","floor":22},{"not_picked":["Amplify","Reboot"],"picked":"Seek","floor":23},{"not_picked":["Reboot","Machine Learning"],"picked":"Core Surge","floor":25},{"not_picked":["White Noise","Aggregate","Redo+1"],"picked":"SKIP","floor":29},{"not_picked":["Fusion+1","Turbo","Redo"],"picked":"SKIP","floor":29},{"not_picked":["Redo","Hologram","Gash"],"picked":"SKIP","floor":30},{"not_picked":["Beam Cell+1","Electrodynamics","Stack"],"picked":"SKIP","floor":30},{"not_picked":["Reboot","Creative AI","Multi-Cast"],"picked":"SKIP","floor":31},{"not_picked":["Conserve Battery","Hologram+1","Chill"],"picked":"SKIP","floor":35},{"not_picked":["Sweeping Beam","Hologram","Streamline+1"],"picked":"SKIP","floor":35},{"not_picked":["Rebound+1","Genetic Algorithm+1","Blizzard+1"],"picked":"SKIP","floor":37},{"not_picked":["Steam","Turbo","Coolheaded+1"],"picked":"SKIP","floor":37},{"not_picked":["Coolheaded","Genetic Algorithm","Heatsinks"],"picked":"SKIP","floor":39},{"not_picked":["Leap+1","Aggregate+1","Lockon+1"],"picked":"SKIP","floor":39},{"not_picked":["Amplify","Reboot"],"picked":"Buffer","floor":40},{"not_picked":["Finesse","Transmutation"],"picked":"Trip","floor":41},{"not_picked":["Mind Blast","Blind"],"picked":"Finesse","floor":41},{"not_picked":["Electrodynamics","Creative AI","Seek"],"picked":"SKIP","floor":42},{"not_picked":["Auto Shields","Cold Snap+1","Go for the Eyes"],"picked":"SKIP","floor":44},{"not_picked":["Sweeping Beam","Leap","Rebound+1"],"picked":"SKIP","floor":44},{"not_picked":["Rainbow","Seek","Fission"],"picked":"SKIP","floor":45},{"not_picked":["Compile Driver+1","Streamline+1","Rebound+1"],"picked":"SKIP","floor":47},{"not_picked":["Coolheaded+1","Turbo+1","Barrage+1"],"picked":"SKIP","floor":47},{"not_picked":["Barrage+1","Multi-Cast"],"picked":"Tempest+1","floor":48},{"not_picked":["Compile Driver+1","Rebound+1","Cold Snap+1"],"picked":"SKIP","floor":48},{"not_picked":["Compile Driver+1","Rebound+1","Cold Snap+1"],"picked":"SKIP","floor":48}],"player_experience":576073,"relics_obtained":[{"floor":6,"key":"Prayer Wheel"},{"floor":9,"key":"Symbiotic Virus"},{"floor":13,"key":"Nunchaku"},{"floor":19,"key":"Oddly Smooth Stone"},{"floor":23,"key":"War Paint"},{"floor":25,"key":"Tiny Chest"},{"floor":26,"key":"Pear"},{"floor":31,"key":"Cables"},{"floor":40,"key":"Potion Belt"},{"floor":42,"key":"Mercury Hourglass"},{"floor":43,"key":"Frozen Egg 2"},{"floor":45,"key":"Molten Egg 2"}],"event_choices":[{"event_name":"World of Goop","player_choice":"Gather Gold","floor":4,"damage_taken":0},{"event_name":"Golden Idol","player_choice":"Take Damage","floor":8,"damage_taken":0},{"event_name":"The Cleric","player_choice":"Healed","floor":12,"damage_taken":0},{"event_name":"Vampires","player_choice":"Ignored","floor":28,"damage_taken":0},{"event_name":"Falling","player_choice":"Removed Attack","floor":36,"damage_taken":0},{"event_name":"SensoryStone","player_choice":"Memory 3","floor":41,"damage_taken":0}],"is_beta":false,"boss_relics":[{"not_picked":["FrozenCore","Empty Cage"],"picked":"Nuclear Battery"},{"not_picked":["Calling Bell","Orrery"],"picked":"Fusion Hammer"}],"items_purged_floors":[38],"is_endless":false,"potions_floor_spawned":[2,5,6,13,18,29,30,35,39,40],"ascension_level":0}