{"gold_per_floor":[119,129,129,129,146,180,180,194,194,208,208,241,316,316,316,413,413,426,426,442,96,116,151,151,180,180,206,206,256,289,304,304,304],"floor_reached":33,"playtime":1895,"items_purged":["Strike_G"],"score":575,"play_id":"05f7531c-4322-44b6-9d51-389bda154dc5","local_time":"20190226161548","is_ascension_mode":true,"campfire_choices":[{"data":"Cloak And Dagger","floor":7,"key":"SMITH"},{"data":"Noxious Fumes","floor":11,"key":"SMITH"},{"floor":15,"key":"REST"},{"data":"Caltrops","floor":24,"key":"SMITH"},{"floor":32,"key":"REST"}],"neow_cost":"NONE","seed_source_timestamp":1179036961359132,"circlet_count":0,"master_deck":["AscendersBane","Defend_G","Defend_G","Defend_G","Defend_G","Defend_G","Strike_G","Strike_G","Strike_G","Survivor","Neutralize","Finesse","Footwork","Blur","Cloak And Dagger+1","Noxious Fumes+1","Backstab","PiercingWail","Caltrops+1","PiercingWail","Adrenaline","Backflip","Well Laid Plans","Dagger Spray","Poisoned Stab","Deadly Poison","Backflip+1","Flechettes","Flechettes","Dash","Bouncing Flask"],"relics":["Ring of the Snake","Pen Nib","PreservedInsect","Mummified Hand","Runic Pyramid","ClockworkSouvenir","Matryoshka","Singing Bowl","Ninja Scroll","Paper Crane","Pocketwatch","Lantern","Strawberry"],"potions_floor_usage":[4,6,6,12,20,33,33,33,33],"damage_taken":[{"damage":2,"enemies":"Small Slimes","floor":1,"turns":5},{"damage":0,"enemies":"Cultist","floor":2,"turns":6},{"damage":0,"enemies":"2 Louse","floor":5,"turns":4},{"damage":29,"enemies":"Lagavulin","floor":6,"turns":16},{"damage":0,"enemies":"Blue Slaver","floor":8,"turns":5},{"damage":0,"enemies":"Looter","floor":10,"turns":3},{"damage":13,"enemies":"Gremlin Nob","floor":12,"turns":4},{"damage":0,"enemies":"Hexaghost","floor":16,"turns":10},{"damage":7,"enemies":"2 Thieves","floor":18,"turns":5},{"damage":1,"enemies":"Shell Parasite","floor":20,"turns":8},{"damage":0,"enemies":"Cultist and Chosen","floor":22,"turns":8},{"damage":1,"enemies":"Gremlin Leader","floor":23,"turns":6},{"damage":11,"enemies":"Slavers","floor":25,"turns":5},{"damage":1,"enemies":"Gremlin Leader","floor":27,"turns":5},{"damage":13,"enemies":"Book of Stabbing","floor":30,"turns":4},{"damage":0,"enemies":"Snecko","floor":31,"turns":5},{"damage":84,"enemies":"Champ","floor":33,"turns":12}],"seed_played":"-905185315557073625","potions_obtained":[{"floor":1,"key":"EssenceOfSteel"},{"floor":2,"key":"SmokeBomb"},{"floor":4,"key":"Fruit Juice"},{"floor":4,"key":"SkillPotion"},{"floor":4,"key":"FearPotion"},{"floor":6,"key":"GamblersBrew"},{"floor":12,"key":"EntropicBrew"},{"floor":20,"key":"Ancient Potion"},{"floor":25,"key":"Regen Potion"},{"floor":27,"key":"SneckoOil"}],"is_trial":false,"path_per_floor":["M","M","?","?","M","E","R","M","T","M","R","E","?","?","R","B",null,"M","?","M","$","M","E","R","E","T","E","?","?","E","M","R","B"],"character_chosen":"THE_SILENT","items_purchased":["Poisoned Stab","ClockworkSouvenir","Deadly Poison"],"campfire_rested":2,"item_purchase_floors":[21,21,21],"current_hp_per_floor":[61,61,61,66,66,37,37,37,37,37,37,24,13,13,35,35,65,58,58,57,57,57,56,56,45,45,46,46,46,40,40,65,0],"gold":304,"neow_bonus":"RANDOM_COLORLESS","is_prod":false,"is_daily":false,"chose_seed":false,"campfire_upgraded":3,"win_rate":0,"timestamp":1551215748,"path_taken":["M","M","?","?","?","E","R","M","T","M","R","E","?","?","R","BOSS","M","?","M","$","M","E","R","E","T","E","?","?","E","M","R","BOSS"],"build_version":"2019-01-23","purchased_purges":1,"victory":false,"max_hp_per_floor":[70,70,70,75,75,75,75,75,75,75,75,75,75,75,75,75,75,75,75,75,75,75,75,75,75,75,77,77,77,84,84,84,84],"card_choices":[{"not_picked":["Blade Dance","Expertise"],"picked":"Footwork","floor":1},{"not_picked":["Blade Dance","Expertise"],"picked":"Blur","floor":2},{"not_picked":["Escape Plan","Backflip"],"picked":"Cloak And Dagger","floor":5},{"not_picked":["Concentrate","Dagger Throw"],"picked":"Noxious Fumes","floor":6},{"not_picked":["Concentrate","Deadly Poison"],"picked":"Backstab","floor":8},{"not_picked":["Footwork","Reflex"],"picked":"PiercingWail","floor":10},{"not_picked":["Escape Plan","Bane"],"picked":"Caltrops","floor":12},{"not_picked":["Glass Knife","Die Die Die"],"picked":"Adrenaline","floor":16},{"not_picked":["All Out Attack+1","Dagger Throw"],"picked":"Backflip","floor":18},{"not_picked":["Flying Knee","PiercingWail"],"picked":"Dagger Spray","floor":20},{"not_picked":["Predator","Dodge and Roll"],"picked":"Backflip+1","floor":22},{"not_picked":["Well Laid Plans","Escape Plan"],"picked":"Flechettes","floor":23},{"not_picked":["Quick Slash","Noxious Fumes"],"picked":"Flechettes","floor":25},{"not_picked":["Well Laid Plans+1","Predator+1","Distraction"],"picked":"Singing Bowl","floor":27},{"not_picked":["Deflect","Eviscerate"],"picked":"Dash","floor":30},{"not_picked":["Underhanded Strike","Dagger Spray+1"],"picked":"Bouncing Flask","floor":31}],"player_experience":387534,"relics_obtained":[{"floor":6,"key":"Pen Nib"},{"floor":9,"key":"PreservedInsect"},{"floor":12,"key":"Mummified Hand"},{"floor":23,"key":"Matryoshka"},{"floor":25,"key":"Singing Bowl"},{"floor":26,"key":"Ninja Scroll"},{"floor":26,"key":"Paper Crane"},{"floor":27,"key":"Pocketwatch"},{"floor":30,"key":"Strawberry"}],"event_choices":[{"damage_healed":0,"gold_gain":0,"player_choice":"Ignored","damage_taken":0,"max_hp_gain":0,"max_hp_loss":0,"event_name":"Liars Game","floor":3,"gold_loss":0},{"damage_healed":0,"gold_gain":0,"player_choice":"Got Potions","damage_taken":0,"max_hp_gain":0,"max_hp_loss":0,"event_name":"Lab","floor":4,"gold_loss":0},{"damage_healed":0,"gold_gain":75,"player_choice":"Gather Gold","damage_taken":11,"max_hp_gain":0,"max_hp_loss":0,"event_name":"World of Goop","floor":13,"gold_loss":0},{"damage_healed":0,"gold_gain":0,"cards_transformed":["Strike_G"],"player_choice":"Change","damage_taken":0,"max_hp_gain":0,"max_hp_loss":0,"event_name":"Living Wall","floor":14,"gold_loss":0,"cards_obtained":["PiercingWail"]},{"damage_healed":0,"gold_gain":0,"player_choice":"Read","damage_taken":0,"max_hp_gain":0,"max_hp_loss":0,"event_name":"The Library","floor":19,"gold_loss":0,"cards_obtained":["Well Laid Plans"]},{"damage_healed":0,"gold_gain":0,"player_choice":"Opened","damage_taken":0,"relics_obtained":["Lantern"],"max_hp_gain":0,"max_hp_loss":0,"event_name":"The Mausoleum","floor":28,"gold_loss":0},{"damage_healed":0,"gold_gain":100,"player_choice":"Bet on Murderer","damage_taken":0,"max_hp_gain":0,"max_hp_loss":0,"event_name":"The Joust","floor":29,"gold_loss":50}],"is_beta":false,"boss_relics":[{"not_picked":["Fusion Hammer","Velvet Choker"],"picked":"Runic Pyramid"}],"items_purged_floors":[21],"is_endless":false,"potions_floor_spawned":[1,2,6,12,20,25,27,31],"killed_by":"Champ","ascension_level":10}