{"path_per_floor":["M","?","?","M","M","E","R","M","T","M","E","M","R","M","R","B",null,"M","M","M","?","?","E","?","E","T","$","M","$","?","E","R","B",null,"M","M","$","M","M","R","E","?","T","$","E","T","M","E","R","B"],"character_chosen":"IRONCLAD","items_purchased":["Singing Bowl","Apotheosis","Toxic Egg"],"gold_per_floor":[141,141,141,152,162,195,195,206,252,266,293,304,304,318,318,418,418,435,423,442,442,442,471,471,499,499,300,319,269,269,299,299,395,395,409,425,166,184,201,201,229,229,255,53,83,83,97,129,129,129],"floor_reached":51,"campfire_rested":0,"playtime":4615,"current_hp_per_floor":[80,73,73,71,75,43,43,49,49,55,48,47,47,58,58,36,80,80,65,54,54,54,42,42,59,59,59,76,76,76,69,69,50,82,84,74,74,87,88,88,90,90,92,92,92,94,96,98,98,98],"items_purged":["Strike_R","Strike_R","Armaments","Bash"],"gold":129,"play_id":"feb38f64-bf38-43bb-bdc2-8ef34fa81807","is_prod":false,"is_daily":false,"is_ascension_mode":true,"campfire_upgraded":5,"path_taken":["M","?","?","M","M","E","R","?","T","M","E","M","R","M","R","BOSS","M","M","M","?","?","E","?","E","T","$","?","$","?","E","R","BOSS","M","M","$","?","M","R","E","?","T","$","E","?","M","E","R","BOSS"],"build_version":"2018-01-25-PROD3","purchased_purges":4,"victory":true,"master_deck":["Defend_R","Defend_R","Defend_R","Defend_R+1","Cleave","Metallicize+1","Shrug It Off+1","Pommel Strike+1","Reaper","True Grit+1","Juggernaut+1","Thunderclap+1","Shrug It Off+1","Flame Barrier+1","Body Slam+1","Offering+1","Apotheosis+1","Metallicize+1","Barricade"],"max_hp_per_floor":[80,80,80,80,80,80,80,80,80,80,80,80,80,80,80,80,80,80,80,80,80,80,80,80,80,80,80,80,80,80,82,82,82,82,84,86,86,88,90,90,90,90,92,92,92,94,96,98,98,98],"relics":["Burning Blood","Tiny Chest","Lantern","Omamori","Blood Vial","Runic Dome","Mummified Hand","Smiling Mask","Champion Belt","Singing Bowl","Prayer Wheel","Sozu","Matryoshka","War Paint","Bag of Preparation","Toxic Egg","Shovel","Vajra","Sundial","Bottled Lightning","Molten Egg"],"card_choices":[{"not_picked":["Perfected Strike","Dark Embrace"],"picked":"Cleave"},{"not_picked":["Thunderclap","Perfected Strike"],"picked":"Armaments"},{"not_picked":["Heavy Blade","Sever Soul"],"picked":"Metallicize"},{"not_picked":["Uppercut","True Grit"],"picked":"Shrug It Off"},{"not_picked":["Iron Wave","Wild Strike"],"picked":"Pommel Strike"},{"not_picked":["Bloodletting","Flame Barrier"],"picked":"Reaper"},{"not_picked":["Clothesline","Clash"],"picked":"True Grit"},{"not_picked":["Brutality","Fiend Fire"],"picked":"Juggernaut"},{"not_picked":["Clothesline","Perfected Strike"],"picked":"Thunderclap"},{"not_picked":["Wild Strike","Berserk"],"picked":"Shrug It Off"},{"not_picked":["Heavy Blade","Clash"],"picked":"Flame Barrier"},{"not_picked":["Inflame","Feed"],"picked":"Body Slam"},{"not_picked":["Fiend Fire","Limit Break"],"picked":"Offering"},{"not_picked":["Immolate","Clash"],"picked":"Metallicize"},{"not_picked":["Sentinel","Dropkick"],"picked":"Barricade"}],"player_experience":103471,"potions_floor_usage":[],"damage_taken":[{"damage":0.0,"enemies":"2 Louse","floor":1.0,"turns":3.0},{"damage":8.0,"enemies":"Jaw Worm","floor":4.0,"turns":4.0},{"damage":2.0,"enemies":"Blue Slaver","floor":5.0,"turns":7.0},{"damage":38.0,"enemies":"Lagavulin","floor":6.0,"turns":8.0},{"damage":0.0,"enemies":"2 Fungi Beasts","floor":8.0,"turns":4.0},{"damage":0.0,"enemies":"Red Slaver","floor":10.0,"turns":5.0},{"damage":13.0,"enemies":"Gremlin Nob","floor":11.0,"turns":4.0},{"damage":15.0,"enemies":"Exordium Thugs","floor":12.0,"turns":6.0},{"damage":9.0,"enemies":"Lots of Slimes","floor":14.0,"turns":4.0},{"damage":36.0,"enemies":"Slime Boss","floor":16.0,"turns":17.0},{"damage":0.0,"enemies":"Shell Parasite","floor":18.0,"turns":8.0},{"damage":21.0,"enemies":"2 Thieves","floor":19.0,"turns":4.0},{"damage":19.0,"enemies":"Snake Plant","floor":20.0,"turns":6.0},{"damage":38.0,"enemies":"Slavers","floor":23.0,"turns":6.0},{"damage":6.0,"enemies":"Book of Stabbing","floor":25.0,"turns":8.0},{"damage":3.0,"enemies":"Centurion and Healer","floor":28.0,"turns":10.0},{"damage":19.0,"enemies":"Gremlin Leader","floor":31.0,"turns":9.0},{"damage":27.0,"enemies":"Champ","floor":33.0,"turns":13.0},{"damage":0,"enemies":"Orb Walker","floor":35,"turns":3},{"damage":22,"enemies":"3 Darklings","floor":36,"turns":4},{"damage":4,"enemies":"Maw","floor":38,"turns":6},{"damage":8,"enemies":"Sphere and 2 Shapes","floor":39,"turns":5},{"damage":6,"enemies":"2 Orb Walkers","floor":41,"turns":5},{"damage":4,"enemies":"Giant Head","floor":45,"turns":7},{"damage":4,"enemies":"3 Darklings","floor":47,"turns":3},{"damage":4,"enemies":"Nemesis","floor":48,"turns":4},{"damage":4,"enemies":"Awakened One","floor":50,"turns":9}],"event_choices":[{"event_name":"Golden Wing","player_choice":"Card Removal","floor":2.0,"damage_taken":0.0},{"event_name":"Wheel of Change","player_choice":"Card Removal","floor":3.0,"damage_taken":0.0},{"event_name":"Upgrade Shrine","player_choice":"Upgraded","floor":21.0,"damage_taken":0.0},{"event_name":"Back to Basics","player_choice":"Elegance","floor":22.0,"damage_taken":0.0},{"event_name":"The Lab","player_choice":"Got Potions","floor":24.0,"damage_taken":0.0},{"event_name":"Vampires","player_choice":"Ignored","floor":30.0,"damage_taken":0.0},{"event_name":"Tomb of Lord Red Mask","player_choice":"Ignored","floor":42,"damage_taken":0}],"boss_relics":[{"not_picked":["Black Blood","Calling Bell"],"picked":"Sozu"}],"potions_floor_spawned":[4,6,8,11,16,20,28,33,39,45,48],"seed_played":"-3076068350947621868","ascension_level":1,"is_trial":false}