{"gold_per_floor":[113,113,113,126,126,126,153,183,263,200,226,243,255,255,255,358,358,358],"floor_reached":18,"playtime":1603,"items_purged":["Strike_R"],"score":195,"play_id":"8f5d0ee9-2724-4016-b0f4-575694fde499","local_time":"20181018005508","is_ascension_mode":false,"campfire_choices":[{"data":"Bash","floor":6,"key":"SMITH"},{"data":"Flex","floor":15,"key":"SMITH"}],"neow_cost":"NONE","seed_source_timestamp":516329576329880,"circlet_count":0,"master_deck":["Strike_R","Strike_R+1","Defend_R","Defend_R+1","Bash+1","Ghostly Armor+1","Clothesline","Pommel Strike","Flex+1","Shrug It Off","Inflame","Demon Form","Twin Strike+1","Intimidate+1","Barricade+1"],"relics":["Burning Blood","NeowsBlessing","MawBank","Toxic Egg 2","Juzu Bracelet","Astrolabe"],"potions_floor_usage":[16],"damage_taken":[{"damage":0,"enemies":"Small Slimes","floor":1,"turns":1},{"damage":0,"enemies":"Cultist","floor":4,"turns":1},{"damage":0,"enemies":"Gremlin Nob","floor":7,"turns":1},{"damage":0,"enemies":"Jaw Worm","floor":8,"turns":3},{"damage":14,"enemies":"Lagavulin","floor":11,"turns":8},{"damage":21,"enemies":"Gremlin Gang","floor":12,"turns":5},{"damage":10,"enemies":"Looter","floor":13,"turns":3},{"damage":39,"enemies":"The Guardian","floor":16,"turns":12},{"damage":32,"enemies":"Spheric Guardian","floor":18,"turns":6}],"seed_played":"-2753454866136434144","potions_obtained":[{"floor":1,"key":"AttackPotion"},{"floor":4,"key":"Ancient Potion"},{"floor":7,"key":"LiquidBronze"},{"floor":13,"key":"Fire Potion"}],"is_trial":false,"path_per_floor":["M","?","?","M","?","R","E","M","T","$","E","M","M","?","R","B",null],"character_chosen":"IRONCLAD","items_purchased":[],"campfire_rested":0,"item_purchase_floors":[],"current_hp_per_floor":[80,80,64,70,70,70,76,80,80,80,72,57,53,53,53,20,80,48],"gold":358,"neow_bonus":"THREE_ENEMY_KILL","is_prod":false,"is_daily":false,"chose_seed":false,"campfire_upgraded":2,"win_rate":0.0,"timestamp":1539816908,"path_taken":["M","?","?","?","?","R","E","M","T","$","E","M","M","?","R","BOSS","M"],"build_version":"2018-10-11","purchased_purges":1,"victory":false,"max_hp_per_floor":[80,80,80,80,80,80,80,80,80,80,80,80,80,80,80,80,80,80],"card_choices":[{"not_picked":["Headbutt","Sword Boomerang"],"picked":"Ghostly Armor","floor":1},{"not_picked":["Perfected Strike","Thunderclap"],"picked":"Clothesline","floor":4},{"not_picked":["Body Slam","Reckless Charge"],"picked":"Flex","floor":7},{"not_picked":["Anger","Dual Wield"],"picked":"Shrug It Off","floor":8},{"not_picked":["Perfected Strike","Twin Strike"],"picked":"Clash","floor":11},{"not_picked":["Fire Breathing","Thunderclap"],"picked":"Inflame","floor":12},{"not_picked":["Rampage","Sword Boomerang","Berserk"],"picked":"SKIP","floor":13},{"not_picked":["Bludgeon","Limit Break+1"],"picked":"Demon Form","floor":16}],"player_experience":38059,"relics_obtained":[{"floor":7,"key":"MawBank"},{"floor":9,"key":"Toxic Egg 2"},{"floor":11,"key":"Juzu Bracelet"}],"event_choices":[{"event_name":"Accursed Blacksmith","player_choice":"Forge","floor":2,"damage_taken":0},{"event_name":"Shining Light","player_choice":"Entered Light","floor":3,"damage_taken":0},{"event_name":"Transmorgrifier","player_choice":"Transform","floor":5,"damage_taken":0},{"event_name":"Bonfire Elementals","player_choice":"BASIC","floor":14,"damage_taken":0}],"is_beta":false,"boss_relics":[{"not_picked":["Calling Bell","Black Blood"],"picked":"Astrolabe"}],"items_purged_floors":[10],"is_endless":false,"potions_floor_spawned":[1,4,7,13],"killed_by":"Spheric Guardian","ascension_level":0}