{"gold_per_floor":[14,25,25,44,44,44,57,77,148,148,148,148],"floor_reached":12,"playtime":341,"items_purged":[],"score":140,"play_id":"908f7b3a-95c8-4688-8dcf-48950b2b7d69","local_time":"20181022223936","is_ascension_mode":true,"campfire_choices":[{"data":"Go for the Eyes","floor":6,"key":"SMITH"},{"data":"Cold Snap","floor":10,"key":"SMITH"}],"neow_cost":"NO_GOLD","seed_source_timestamp":1131957326640863,"circlet_count":0,"master_deck":["Strike_B","Strike_B","Strike_B","Defend_B","Defend_B","Defend_B","Defend_B","Zap","Dualcast","AscendersBane","Swift Strike","Deep Breath","Compile Driver","Coolheaded","Go for the Eyes+1","Reprogram","Cold Snap+1"],"relics":["Cracked Core","Ornamental Fan","Bird Faced Urn"],"potions_floor_usage":[7],"damage_taken":[{"damage":7,"enemies":"Small Slimes","floor":1,"turns":3},{"damage":7,"enemies":"Jaw Worm","floor":2,"turns":3},{"damage":2,"enemies":"2 Louse","floor":4,"turns":4},{"damage":0,"enemies":"Red Slaver","floor":7,"turns":2},{"damage":22,"enemies":"Exordium Thugs","floor":8,"turns":5},{"damage":33,"enemies":"Exordium Wildlife","floor":12,"turns":3}],"seed_played":"-5720966318199784321","potions_obtained":[{"floor":1,"key":"Block Potion"},{"floor":2,"key":"Strength Potion"}],"is_trial":false,"path_per_floor":["M","M","?","M","?","R","M","M","T","R","T"],"character_chosen":"DEFECT","items_purchased":[],"campfire_rested":0,"item_purchase_floors":[],"current_hp_per_floor":[57,50,50,48,48,48,48,26,26,26,26,0],"gold":148,"neow_bonus":"RANDOM_COLORLESS_2","is_prod":false,"is_daily":false,"chose_seed":false,"campfire_upgraded":2,"win_rate":0,"timestamp":1540262376,"path_taken":["M","M","?","M","?","R","?","M","T","R","?","M"],"build_version":"2018-10-18","purchased_purges":0,"victory":false,"max_hp_per_floor":[71,71,71,71,71,71,71,71,71,71,71,71],"card_choices":[{"not_picked":["Hologram","Gash"],"picked":"Compile Driver","floor":1},{"not_picked":["Hello World","Loop"],"picked":"Coolheaded","floor":2},{"not_picked":["Rebound","Beam Cell"],"picked":"Go for the Eyes","floor":4},{"not_picked":["Chaos","Gash","Heatsinks"],"picked":"SKIP","floor":7},{"not_picked":["Rebound","Fusion"],"picked":"Cold Snap","floor":8}],"player_experience":802469,"relics_obtained":[{"floor":9,"key":"Ornamental Fan"},{"floor":11,"key":"Bird Faced Urn"}],"event_choices":[{"damage_healed":0,"gold_gain":0,"player_choice":"Ignored","damage_taken":0,"max_hp_gain":0,"max_hp_loss":0,"event_name":"Liars Game","floor":3,"gold_loss":0},{"damage_healed":0,"gold_gain":0,"cards_transformed":["Strike_B"],"player_choice":"Transformed","damage_taken":0,"max_hp_gain":0,"max_hp_loss":0,"event_name":"Transmorgrifier","floor":5,"gold_loss":0,"cards_obtained":["Reprogram"]}],"is_beta":false,"boss_relics":[],"items_purged_floors":[],"is_endless":false,"potions_floor_spawned":[1,2],"killed_by":"Exordium Wildlife","ascension_level":20}