{"path_per_floor":["M","M","M","$","M","R","E","?","T","E","?","M","M","M","R"],"character_chosen":"THE_SILENT","items_purchased":["Well Laid Plans"],"gold_per_floor":[114,130,148,6,22,22,49,14,37,62,62,75,95,115,115],"floor_reached":16,"campfire_rested":1,"playtime":934,"current_hp_per_floor":[62,62,62,62,57,57,40,56,63,15,15,6,1,1,23],"items_purged":["Parasite"],"gold":115,"score":182,"play_id":"957c56e8-6902-4fe3-9e8d-5a2ea0416655","local_time":"20180302133603","is_prod":false,"is_daily":false,"is_ascension_mode":true,"campfire_upgraded":1,"timestamp":1520015763,"path_taken":["M","M","M","$","M","R","E","?","T","E","?","M","M","?","R","BOSS"],"build_version":"2018-03-01-PROD1","purchased_purges":1,"victory":false,"master_deck":["Defend_G","Defend_G","Defend_G","Defend_G","Defend_G","Strike_G","Strike_G","Strike_G","Strike_G","Strike_G","Survivor","Neutralize+1","Leg Sweep","PiercingWail","Escape Plan","Backstab","Predator+1","Burst","Dodge and Roll","Well Laid Plans","All Out Attack","Outmaneuver"],"max_hp_per_floor":[70,70,70,67,67,67,67,67,74,74,74,74,74,74,74],"relics":["Orrery","Bronze Scales","Strawberry","Shuriken"],"card_choices":[{"not_picked":["Quick Slash","Reflex"],"picked":"Leg Sweep"},{"not_picked":["Bane","Underhanded Strike"],"picked":"PiercingWail"},{"not_picked":["Riddle With Holes","Dagger Throw"],"picked":"Escape Plan"},{"not_picked":["Flying Knee","Dagger Throw"],"picked":"Backstab"},{"not_picked":["Heel Hook","Acrobatics"],"picked":"Predator"},{"not_picked":["Prepared","Quick Slash"],"picked":"Burst"},{"not_picked":["Calculated Gamble","Deflect"],"picked":"Dodge and Roll"},{"not_picked":["Slice","Setup"],"picked":"All Out Attack"},{"not_picked":["Distraction","Dodge and Roll"],"picked":"Outmaneuver"}],"player_experience":304046,"potions_floor_usage":[2,7,16,16,16],"damage_taken":[{"damage":1,"enemies":"Cultist","floor":1,"turns":5},{"damage":0,"enemies":"Jaw Worm","floor":2,"turns":4},{"damage":0,"enemies":"2 Louse","floor":3,"turns":4},{"damage":5,"enemies":"Gremlin Gang","floor":5,"turns":5},{"damage":17,"enemies":"3 Sentries","floor":7,"turns":10},{"damage":48,"enemies":"Lagavulin","floor":10,"turns":11},{"damage":9,"enemies":"Exordium Thugs","floor":12,"turns":5},{"damage":5,"enemies":"Lots of Slimes","floor":13,"turns":4},{"damage":0,"enemies":"3 Louse","floor":14,"turns":4},{"damage":22,"enemies":"Slime Boss","floor":16,"turns":9}],"event_choices":[{"event_name":"The Cleric","player_choice":"Healed","floor":8,"damage_taken":0},{"event_name":"Upgrade Shrine","player_choice":"Upgraded","floor":11,"damage_taken":0}],"boss_relics":[],"potions_floor_spawned":[1,5,10,12,13,14],"seed_played":"2718658434023352368","killed_by":"Slime Boss","ascension_level":12,"is_trial":false}