{"gold_per_floor":[119,132,132,132,132,159,84,116,116,116,49,49,67,67,67,191,191,204,204,228,241,241,241,277,277,277,277],"floor_reached":27,"playtime":1233,"items_purged":["Strike_G"],"score":393,"play_id":"3778425a-bd95-42c0-ae56-ba44be384699","local_time":"20190221195558","is_ascension_mode":true,"campfire_choices":[{"floor":10,"key":"REST"},{"data":"Footwork","floor":12,"key":"SMITH"},{"data":"Survivor","floor":15,"key":"SMITH"},{"data":"Sucker Punch","floor":23,"key":"SMITH"},{"floor":25,"key":"REST"}],"neow_cost":"NONE","seed_source_timestamp":760903477137423,"circlet_count":0,"master_deck":["AscendersBane","Defend_G","Defend_G","Defend_G","Defend_G","Strike_G+1","Survivor+1","Neutralize+1","Blur","PiercingWail","Dagger Throw","Footwork+1","Burst+1","Escape Plan+1","Night Terror+1","Phantasmal Killer+1","Sucker Punch+1","Skewer+1","Backstab","Dash"],"relics":["Ring of the Snake","NeowsBlessing","Du-Vu Doll","Regal Pillow","WingedGreaves","Golden Idol","Astrolabe","Darkstone Periapt","Calipers"],"potions_floor_usage":[16,18,21,24],"damage_taken":[{"damage":0,"enemies":"Small Slimes","floor":1,"turns":1},{"damage":0,"enemies":"Jaw Worm","floor":2,"turns":1},{"damage":0,"enemies":"Gremlin Nob","floor":6,"turns":1},{"damage":28,"enemies":"3 Sentries","floor":8,"turns":14},{"damage":0,"enemies":"Cultist","floor":13,"turns":4},{"damage":7,"enemies":"The Guardian","floor":16,"turns":26},{"damage":13,"enemies":"3 Byrds","floor":18,"turns":12},{"damage":7,"enemies":"Chosen","floor":20,"turns":8},{"damage":0,"enemies":"Centurion and Healer","floor":21,"turns":6},{"damage":32,"enemies":"Book of Stabbing","floor":24,"turns":8},{"damage":49,"enemies":"Slavers","floor":27,"turns":5}],"seed_played":"-1368000825791612658","potions_obtained":[{"floor":1,"key":"Block Potion"},{"floor":13,"key":"LiquidBronze"},{"floor":16,"key":"Weak Potion"},{"floor":20,"key":"Explosive Potion"}],"is_trial":false,"path_per_floor":["M","M","?","?","?","E","$","E","T","R","$","R","M","?","R","B",null,"M","?","M","M","?","R","E","R","T","E"],"character_chosen":"THE_SILENT","items_purchased":["Footwork"],"campfire_rested":2,"item_purchase_floors":[11],"current_hp_per_floor":[63,63,49,70,63,63,63,35,35,70,70,70,70,65,65,58,63,50,50,43,43,43,43,11,45,45,0],"gold":277,"neow_bonus":"THREE_ENEMY_KILL","is_prod":false,"is_daily":false,"chose_seed":false,"campfire_upgraded":3,"win_rate":0,"timestamp":1550796958,"path_taken":["M","M","?","?","?","E","$","E","T","R","$","R","M","?","R","BOSS","M","?","M","?","?","R","E","R","T","E"],"build_version":"2019-01-23","purchased_purges":1,"victory":false,"max_hp_per_floor":[70,70,70,70,70,70,70,70,70,70,70,70,70,65,65,65,65,65,65,65,65,65,65,65,65,65,65],"card_choices":[{"not_picked":["Finisher","Dagger Throw"],"picked":"Blur","floor":1},{"not_picked":["Quick Slash","Bane"],"picked":"PiercingWail","floor":2},{"not_picked":["Flying Knee","Outmaneuver"],"picked":"Dagger Throw","floor":6},{"not_picked":["Storm of Steel","Quick Slash","Finisher"],"picked":"SKIP","floor":8},{"not_picked":["Concentrate","Underhanded Strike","Dodge and Roll"],"picked":"SKIP","floor":13},{"not_picked":["Doppelganger","Venomology"],"picked":"Burst","floor":16},{"not_picked":["Underhanded Strike+1","Masterful Stab"],"picked":"Sucker Punch","floor":18},{"not_picked":["Sucker Punch","PiercingWail+1"],"picked":"Skewer+1","floor":20},{"not_picked":["Blade Dance+1","Underhanded Strike+1"],"picked":"Backstab","floor":21},{"not_picked":["Backflip","Concentrate"],"picked":"Dash","floor":24}],"player_experience":339583,"relics_obtained":[{"floor":6,"key":"Du-Vu Doll"},{"floor":8,"key":"Regal Pillow"},{"floor":9,"key":"WingedGreaves"},{"floor":24,"key":"Darkstone Periapt"},{"floor":26,"key":"Calipers"}],"event_choices":[{"damage_healed":0,"gold_gain":0,"player_choice":"Entered Light","damage_taken":14,"max_hp_gain":0,"max_hp_loss":0,"event_name":"Shining Light","floor":3,"gold_loss":0,"cards_upgraded":["Neutralize","Strike_G"]},{"damage_healed":23,"gold_gain":0,"player_choice":"Banana","damage_taken":0,"max_hp_gain":0,"max_hp_loss":0,"event_name":"Big Fish","floor":4,"gold_loss":0},{"cards_removed":["Strike_G"],"damage_healed":0,"gold_gain":0,"player_choice":"Card Removal","damage_taken":7,"max_hp_gain":0,"max_hp_loss":0,"event_name":"Golden Wing","floor":5,"gold_loss":0},{"damage_healed":0,"gold_gain":0,"player_choice":"Lose Max HP","damage_taken":0,"relics_obtained":["Golden Idol"],"max_hp_gain":0,"max_hp_loss":5,"event_name":"Golden Idol","floor":14,"gold_loss":0},{"damage_healed":0,"gold_gain":0,"player_choice":"Upgraded","damage_taken":0,"max_hp_gain":0,"max_hp_loss":0,"event_name":"Upgrade Shrine","floor":19,"gold_loss":0,"cards_upgraded":["Burst"]},{"damage_healed":0,"gold_gain":0,"player_choice":"Ignored","damage_taken":0,"max_hp_gain":0,"max_hp_loss":0,"event_name":"Ghosts","floor":22,"gold_loss":0}],"is_beta":false,"boss_relics":[{"not_picked":["Coffee Dripper","Busted Crown"],"picked":"Astrolabe"}],"items_purged_floors":[7],"is_endless":false,"potions_floor_spawned":[1,13,16,20],"killed_by":"Slavers","ascension_level":10}