{"gold_per_floor":[115,190,365,51,62,62,81,112,169,199,199,229,239,250,250,355,355,374,374,374],"floor_reached":20,"playtime":1176,"items_purged":["Doubt"],"score":230,"play_id":"741b6d5d-43e7-4e3e-90fa-4e9e2f1378ad","local_time":"20190119105425","is_ascension_mode":true,"campfire_choices":[{"data":"Flex","floor":6,"key":"SMITH"},{"data":"Dark Embrace","floor":15,"key":"SMITH"}],"neow_cost":"PERCENT_DAMAGE","seed_source_timestamp":148957355354968,"circlet_count":0,"master_deck":["Strike_R","Strike_R","Strike_R","Strike_R","Defend_R","Defend_R","Defend_R","Bash","Flame Barrier","Dual Wield","Pummel","Impervious","Reaper","Flex+1","Pommel Strike","Pummel","Reaper","Dark Embrace+1","Cleave","Offering","Cleave+1"],"relics":["Burning Blood","Oddly Smooth Stone","Tiny Chest","PreservedInsect","Blood Vial","Black Star"],"potions_floor_usage":[8,12],"damage_taken":[{"damage":9,"enemies":"Small Slimes","floor":1,"turns":4},{"damage":0,"enemies":"2 Louse","floor":5,"turns":3},{"damage":0,"enemies":"Jaw Worm","floor":7,"turns":2},{"damage":18,"enemies":"Gremlin Nob","floor":8,"turns":4},{"damage":32,"enemies":"3 Sentries","floor":10,"turns":11},{"damage":28,"enemies":"Lagavulin","floor":12,"turns":4},{"damage":15,"enemies":"Blue Slaver","floor":13,"turns":5},{"damage":0,"enemies":"2 Fungi Beasts","floor":14,"turns":3},{"damage":65,"enemies":"Slime Boss","floor":16,"turns":14},{"damage":24,"enemies":"Chosen","floor":18,"turns":6},{"damage":40,"enemies":"Colosseum Slavers","floor":19,"turns":5},{"damage":60,"enemies":"Shell Parasite","floor":20,"turns":5}],"seed_played":"-6143385092191914248","potions_obtained":[{"floor":5,"key":"SkillPotion"},{"floor":7,"key":"Ancient Potion"},{"floor":10,"key":"Energy Potion"}],"is_trial":false,"path_per_floor":["M","?","?","$","M","R","M","E","T","E","?","E","M","M","R","B",null,"M","?","M"],"character_chosen":"IRONCLAD","items_purchased":["Impervious","Reaper"],"campfire_rested":0,"item_purchase_floors":[4,4],"current_hp_per_floor":[53,42,42,42,48,48,54,46,46,36,62,52,57,69,69,33,80,73,52,0],"gold":374,"neow_bonus":"TRANSFORM_TWO_CARDS","is_prod":false,"is_daily":false,"chose_seed":false,"campfire_upgraded":2,"win_rate":0,"timestamp":1547913265,"path_taken":["M","?","?","$","M","R","M","E","T","E","?","E","?","M","R","BOSS","M","?","M"],"build_version":"2019-01-17v2","purchased_purges":1,"victory":false,"max_hp_per_floor":[80,80,80,80,80,80,80,80,80,80,80,80,80,80,80,80,80,80,80,80],"card_choices":[{"not_picked":["Cleave","Clash"],"picked":"Pummel","floor":1},{"not_picked":["Warcry","Heavy Blade"],"picked":"Flex","floor":5},{"not_picked":["Heavy Blade","Clothesline"],"picked":"Pommel Strike","floor":7},{"not_picked":["Twin Strike","Pommel Strike"],"picked":"Pummel","floor":8},{"not_picked":["Sever Soul","Dual Wield"],"picked":"Reaper","floor":10},{"not_picked":["Clothesline","Warcry"],"picked":"Dark Embrace","floor":12},{"not_picked":["Hemokinesis","Thunderclap"],"picked":"Cleave","floor":13},{"not_picked":["Fire Breathing","Heavy Blade","Thunderclap"],"picked":"SKIP","floor":14},{"not_picked":["Demon Form","Impervious"],"picked":"Offering","floor":16},{"not_picked":["Sentinel","Rupture+1"],"picked":"Cleave+1","floor":18}],"player_experience":181759,"relics_obtained":[{"floor":8,"key":"Oddly Smooth Stone"},{"floor":9,"key":"Tiny Chest"},{"floor":10,"key":"PreservedInsect"},{"floor":12,"key":"Blood Vial"}],"event_choices":[{"damage_healed":0,"gold_gain":75,"player_choice":"Gather Gold","damage_taken":11,"max_hp_gain":0,"max_hp_loss":0,"event_name":"World of Goop","floor":2,"gold_loss":0},{"damage_healed":0,"gold_gain":175,"player_choice":"AGREE","damage_taken":0,"max_hp_gain":0,"max_hp_loss":0,"event_name":"Liars Game","floor":3,"gold_loss":0,"cards_obtained":["Doubt"]},{"damage_healed":26,"gold_gain":0,"player_choice":"Banana","damage_taken":0,"max_hp_gain":0,"max_hp_loss":0,"event_name":"Big Fish","floor":11,"gold_loss":0},{"damage_healed":0,"gold_gain":0,"player_choice":"Fight","damage_taken":0,"max_hp_gain":0,"max_hp_loss":0,"event_name":"Colosseum","floor":19,"gold_loss":0},{"damage_healed":0,"gold_gain":0,"player_choice":"Fled From Nobs","damage_taken":0,"max_hp_gain":0,"max_hp_loss":0,"event_name":"Colosseum","floor":19,"gold_loss":0}],"is_beta":false,"boss_relics":[{"not_picked":["Ectoplasm","Runic Cube"],"picked":"Black Star"}],"items_purged_floors":[4],"is_endless":false,"potions_floor_spawned":[5,7,10],"killed_by":"Shell Parasite","ascension_level":4}