{"gold_per_floor":[111,36,52,62,73,73,129,129,129,141,171,198,229,256,268,280],"floor_reached":16,"playtime":915,"items_purged":[],"score":207,"play_id":"f03fdb5b-0d4b-4ff1-9671-3193f722c60f","local_time":"20181021174659","is_ascension_mode":true,"campfire_choices":[{"data":"Noxious Fumes","floor":6,"key":"SMITH"},{"floor":8,"key":"REST"},{"data":"Dash","floor":15,"key":"SMITH"}],"neow_cost":"TEN_PERCENT_HP_LOSS","seed_source_timestamp":1027417105026348,"circlet_count":0,"master_deck":["Defend_G","Defend_G","Defend_G","Defend_G","Defend_G","Strike_G","Strike_G","Strike_G","Strike_G","Strike_G","Survivor","Neutralize","AscendersBane","Leg Sweep","Adrenaline","Backflip","Noxious Fumes+1","Dash+1","Catalyst","All Out Attack"],"relics":["Ring of the Snake","Turnip","Tiny Chest","MawBank"],"potions_floor_usage":[5,7,16],"damage_taken":[{"damage":4,"enemies":"Jaw Worm","floor":1,"turns":7},{"damage":2,"enemies":"Small Slimes","floor":3,"turns":4},{"damage":0,"enemies":"Cultist","floor":4,"turns":4},{"damage":3,"enemies":"Lots of Slimes","floor":5,"turns":5},{"damage":41,"enemies":"Gremlin Nob","floor":7,"turns":6},{"damage":6,"enemies":"Gremlin Gang","floor":11,"turns":6},{"damage":1,"enemies":"Exordium Wildlife","floor":12,"turns":6},{"damage":0,"enemies":"Looter","floor":13,"turns":4},{"damage":5,"enemies":"Red Slaver","floor":14,"turns":5},{"damage":40,"enemies":"Hexaghost","floor":16,"turns":11}],"seed_played":"697536135696171361","potions_obtained":[{"floor":3,"key":"EssenceOfSteel"},{"floor":5,"key":"Poison Potion"},{"floor":12,"key":"Fire Potion"},{"floor":14,"key":"Dexterity Potion"}],"is_trial":false,"path_per_floor":["M","$","M","M","M","R","E","R","T","?","M","M","M","M","R"],"character_chosen":"THE_SILENT","items_purchased":["Adrenaline"],"campfire_rested":1,"item_purchase_floors":[2],"current_hp_per_floor":[55,55,53,53,50,50,9,27,27,47,41,40,40,35,35,0],"gold":280,"neow_bonus":"ONE_RARE_RELIC","is_prod":false,"is_daily":false,"chose_seed":false,"campfire_upgraded":2,"win_rate":0,"timestamp":1540158419,"path_taken":["M","$","M","M","M","R","E","R","T","?","?","?","M","M","R","BOSS"],"build_version":"2018-10-18","purchased_purges":0,"victory":false,"max_hp_per_floor":[60,60,60,60,60,60,60,60,60,60,60,60,60,60,60,60],"card_choices":[{"not_picked":["Sucker Punch","PiercingWail"],"picked":"Leg Sweep","floor":1},{"not_picked":["Predator","Cloak And Dagger"],"picked":"Backflip","floor":3},{"not_picked":["Blade Dance","Footwork"],"picked":"Noxious Fumes","floor":4},{"not_picked":["Poisoned Stab","Dagger Throw","Distraction"],"picked":"SKIP","floor":5},{"not_picked":["Flying Knee","Deadly Poison"],"picked":"Dash","floor":7},{"not_picked":["Dodge and Roll","Predator","Blade Dance"],"picked":"SKIP","floor":11},{"not_picked":["Dagger Throw","Venomology"],"picked":"Catalyst","floor":12},{"not_picked":["Blade Dance","Acrobatics","Dodge and Roll"],"picked":"SKIP","floor":13},{"not_picked":["Blur","Dagger Throw"],"picked":"All Out Attack","floor":14}],"player_experience":788784,"relics_obtained":[{"floor":7,"key":"Tiny Chest"},{"floor":9,"key":"MawBank"}],"event_choices":[{"damage_healed":20,"gold_gain":0,"player_choice":"Banana","damage_taken":0,"max_hp_gain":0,"max_hp_loss":0,"event_name":"Big Fish","floor":10,"gold_loss":0}],"is_beta":false,"boss_relics":[],"items_purged_floors":[],"is_endless":false,"potions_floor_spawned":[3,5,12,14],"killed_by":"Hexaghost","ascension_level":19}