{"gold_per_floor":[111,111,159,171,141,141,167,167,190,190,208,233,250,315,315,388,388,400,410,428,428],"floor_reached":21,"playtime":738,"items_purged":[],"score":498,"play_id":"f074a326-1506-4a3c-93e7-6de812f13e6d","local_time":"20181027175025","is_ascension_mode":true,"campfire_choices":[{"data":"Dash","floor":6,"key":"SMITH"},{"data":"Noxious Fumes","floor":8,"key":"SMITH"},{"data":"Neutralize","floor":10,"key":"SMITH"},{"data":"Envenom","floor":15,"key":"SMITH"}],"neow_cost":"NONE","seed_source_timestamp":1546219772299120,"circlet_count":0,"master_deck":["Defend_G+1","Defend_G","Defend_G","Defend_G","Defend_G+1","Strike_G","Strike_G","Strike_G","Strike_G","Strike_G","Survivor","Neutralize+1","AscendersBane","Backstab","Dash+1","Noxious Fumes+1","Blade Dance","Dodge and Roll","Caltrops","Envenom+1","Tools of the Trade","Flying Knee","Dagger Spray+1","Crippling Poison"],"relics":["Ring of the Snake","NeowsBlessing","Dodecahedron","Anchor","Ancient Tea Set","War Paint","Vajra","Tiny Chest","Runic Dome"],"potions_floor_usage":[12,14,16,19,21],"damage_taken":[{"damage":0,"enemies":"2 Louse","floor":1,"turns":1},{"damage":0,"enemies":"Jaw Worm","floor":4,"turns":1},{"damage":0,"enemies":"Lagavulin","floor":7,"turns":1},{"damage":0,"enemies":"Cultist","floor":11,"turns":3},{"damage":2,"enemies":"3 Sentries","floor":12,"turns":6},{"damage":0,"enemies":"3 Louse","floor":13,"turns":3},{"damage":0,"enemies":"Gremlin Nob","floor":14,"turns":4},{"damage":23,"enemies":"Hexaghost","floor":16,"turns":11},{"damage":13,"enemies":"Spheric Guardian","floor":18,"turns":6},{"damage":5,"enemies":"Shell Parasite","floor":19,"turns":5},{"damage":29,"enemies":"Chosen and Byrds","floor":20,"turns":7},{"damage":5,"enemies":"Snecko","floor":21,"turns":5}],"seed_played":"-5857650202479847794","potions_obtained":[{"floor":5,"key":"Fire Potion"},{"floor":5,"key":"Energy Potion"},{"floor":13,"key":"GhostInAJar"},{"floor":14,"key":"Swift Potion"},{"floor":16,"key":"Block Potion"},{"floor":19,"key":"FearPotion"}],"is_trial":false,"path_per_floor":["M","?","T","M","?","R","E","R","T","R","M","E","M","E","R","B",null,"M","M","M"],"character_chosen":"THE_SILENT","items_purchased":[],"campfire_rested":0,"item_purchase_floors":[],"current_hp_per_floor":[59,54,54,54,54,54,54,54,54,54,54,52,52,52,52,29,57,44,39,10,5],"gold":428,"neow_bonus":"THREE_ENEMY_KILL","is_prod":false,"is_daily":false,"chose_seed":false,"campfire_upgraded":4,"win_rate":0,"timestamp":1540677025,"path_taken":["M","?","?","?","?","R","E","R","T","R","M","E","M","E","R","BOSS","M","?","M","M"],"build_version":"2018-10-25v2","purchased_purges":0,"victory":false,"max_hp_per_floor":[66,66,66,66,66,66,66,66,66,66,66,66,66,66,66,66,66,66,66,66,66],"card_choices":[{"not_picked":["Outmaneuver","Skewer"],"picked":"Backstab","floor":1},{"not_picked":["Underhanded Strike","Blade Dance"],"picked":"Dash","floor":4},{"not_picked":["Glass Knife","Prepared"],"picked":"Noxious Fumes","floor":7},{"not_picked":["Acrobatics","Dash"],"picked":"Blade Dance","floor":11},{"not_picked":["Prepared","Dash"],"picked":"Dodge and Roll","floor":12},{"not_picked":["Expertise","Predator"],"picked":"Caltrops","floor":13},{"not_picked":["Bane","Escape Plan"],"picked":"Envenom","floor":14},{"not_picked":["Phantasmal Killer","Wraith Form v2"],"picked":"Tools of the Trade","floor":16},{"not_picked":["Well Laid Plans","Outmaneuver"],"picked":"Flying Knee","floor":18},{"not_picked":["Masterful Stab","Blade Dance"],"picked":"Dagger Spray+1","floor":19},{"not_picked":["PiercingWail","Dagger Spray"],"picked":"Crippling Poison","floor":20}],"player_experience":847334,"relics_obtained":[{"floor":3,"key":"Anchor"},{"floor":7,"key":"Ancient Tea Set"},{"floor":9,"key":"War Paint"},{"floor":12,"key":"Vajra"},{"floor":14,"key":"Tiny Chest"}],"event_choices":[{"damage_healed":0,"gold_gain":0,"player_choice":"Success","damage_taken":5,"relics_obtained":["Dodecahedron"],"max_hp_gain":0,"max_hp_loss":0,"event_name":"Scrap Ooze","floor":2,"gold_loss":0},{"damage_healed":0,"gold_gain":0,"player_choice":"Bought 2 Potions","damage_taken":0,"max_hp_gain":0,"max_hp_loss":0,"event_name":"The Woman in Blue","floor":5,"gold_loss":0}],"is_beta":false,"boss_relics":[{"not_picked":["WristBlade","Black Star"],"picked":"Runic Dome"}],"items_purged_floors":[],"is_endless":false,"potions_floor_spawned":[7,11,13,14,16,19,20],"killed_by":"Snecko","ascension_level":20}