{"gold_per_floor":[114,134,158,158,168,200,200,214,214,214,226,244,273,273,273,376,376,390,410,410,335,352,352,368,383,436,535,535,554,582,582],"floor_reached":31,"playtime":1291,"items_purged":[],"score":349,"play_id":"9745b71a-7cac-43fe-8ded-12487c4cd14d","local_time":"20190416163730","is_ascension_mode":true,"campfire_choices":[{"data":"Cleave","floor":7,"key":"SMITH"},{"data":"Bash","floor":10,"key":"SMITH"},{"data":"Spot Weakness","floor":15,"key":"SMITH"},{"floor":23,"key":"REST"},{"data":"Power Through","floor":28,"key":"SMITH"}],"neow_cost":"NONE","seed_source_timestamp":103902656788059,"circlet_count":0,"master_deck":["Strike_R+1","Strike_R+1","Strike_R+1","Strike_R+1","Defend_R+1","Defend_R+1","Defend_R+1","Defend_R+1","Bash+1","Headbutt","Warcry","Spot Weakness+1","Cleave+1","Uppercut","Battle Trance","Offering","Feed","Power Through+1","Heavy Blade"],"relics":["Burning Blood","Blood Vial","Bottled Flame","Incense Burner","Bag of Marbles","Snecko Eye","Orichalcum","Red Mask"],"potions_floor_usage":[6,12,16,25,30,30],"damage_taken":[{"damage":1,"enemies":"Cultist","floor":1,"turns":4},{"damage":7,"enemies":"Small Slimes","floor":2,"turns":3},{"damage":1,"enemies":"2 Louse","floor":5,"turns":3},{"damage":45,"enemies":"3 Sentries","floor":6,"turns":12},{"damage":8,"enemies":"Exordium Thugs","floor":8,"turns":4},{"damage":15,"enemies":"3 Louse","floor":11,"turns":2},{"damage":7,"enemies":"Exordium Wildlife","floor":12,"turns":2},{"damage":16,"enemies":"Lagavulin","floor":13,"turns":5},{"damage":12,"enemies":"Slime Boss","floor":16,"turns":5},{"damage":37,"enemies":"Spheric Guardian","floor":18,"turns":5},{"damage":36,"enemies":"2 Thieves","floor":19,"turns":4},{"damage":7,"enemies":"Shelled Parasite and Fungi","floor":22,"turns":3},{"damage":9,"enemies":"Cultist and Chosen","floor":24,"turns":4},{"damage":0,"enemies":"Snake Plant","floor":25,"turns":3},{"damage":22,"enemies":"Shelled Parasite and Fungi","floor":29,"turns":5},{"damage":36,"enemies":"Masked Bandits","floor":30,"turns":8},{"damage":19,"enemies":"Chosen and Byrds","floor":31,"turns":5}],"seed_played":"3150459054035777777","potions_obtained":[{"floor":0,"key":"LiquidBronze"},{"floor":0,"key":"FearPotion"},{"floor":0,"key":"Block Potion"},{"floor":1,"key":"Block Potion"},{"floor":2,"key":"Poison Potion"},{"floor":13,"key":"PowerPotion"},{"floor":22,"key":"Block Potion"},{"floor":25,"key":"EssenceOfSteel"}],"is_trial":false,"path_per_floor":["M","M","T","?","M","E","R","M","T","R","M","M","E","?","R","B",null,"M","M","?","?","M","R","M","M","T","?","R","M","?","M"],"character_chosen":"IRONCLAD","items_purchased":[],"campfire_rested":1,"item_purchase_floors":[],"current_hp_per_floor":[77,76,76,76,80,41,41,41,41,41,34,35,27,53,53,49,72,43,15,15,15,19,43,45,53,53,53,53,39,14,0],"gold":582,"neow_bonus":"THREE_SMALL_POTIONS","is_prod":false,"is_daily":false,"chose_seed":false,"campfire_upgraded":4,"win_rate":0,"timestamp":1555447050,"path_taken":["M","M","?","?","M","E","R","?","T","R","M","M","E","?","R","BOSS","M","M","?","?","M","R","M","?","T","?","R","M","?","M"],"build_version":"2019-01-23","purchased_purges":0,"victory":false,"max_hp_per_floor":[80,80,80,80,80,80,80,80,80,80,80,80,80,80,80,80,80,80,80,80,80,83,83,86,86,86,86,86,86,89,92],"card_choices":[{"not_picked":["True Grit","Pommel Strike"],"picked":"Headbutt","floor":1},{"not_picked":["Thunderclap","Wild Strike"],"picked":"Warcry","floor":2},{"not_picked":["Sword Boomerang","Twin Strike"],"picked":"Spot Weakness","floor":5},{"not_picked":["Inflame","Twin Strike"],"picked":"Cleave","floor":6},{"not_picked":["Thunderclap","Body Slam"],"picked":"Uppercut","floor":8},{"not_picked":["True Grit","Perfected Strike","Clothesline"],"picked":"SKIP","floor":11},{"not_picked":["Havoc","Bloodletting"],"picked":"Battle Trance","floor":12},{"not_picked":["Headbutt","Heavy Blade"],"picked":"Offering","floor":13},{"not_picked":["Fiend Fire","Brutality"],"picked":"Feed","floor":16},{"not_picked":["Pommel Strike","Body Slam"],"picked":"Power Through","floor":18},{"not_picked":["Twin Strike+1","Cleave","Dual Wield+1"],"picked":"SKIP","floor":19},{"not_picked":["Feel No Pain","Wild Strike","Anger+1"],"picked":"SKIP","floor":22},{"not_picked":["Warcry","Havoc","Evolve"],"picked":"SKIP","floor":24},{"not_picked":["Wild Strike+1","Iron Wave","Thunderclap"],"picked":"SKIP","floor":25},{"not_picked":["Whirlwind","Brutality","Pommel Strike"],"picked":"SKIP","floor":29},{"not_picked":["Clash","Infernal Blade"],"picked":"Heavy Blade","floor":30}],"player_experience":494216,"relics_obtained":[{"floor":3,"key":"Blood Vial"},{"floor":6,"key":"Bottled Flame"},{"floor":9,"key":"Incense Burner"},{"floor":13,"key":"Bag of Marbles"},{"floor":26,"key":"Orichalcum"},{"floor":30,"key":"Red Mask"}],"event_choices":[{"damage_healed":0,"gold_gain":0,"player_choice":"Bought 0 Potions","damage_taken":0,"max_hp_gain":0,"max_hp_loss":0,"event_name":"The Woman in Blue","floor":4,"gold_loss":0},{"damage_healed":26,"gold_gain":0,"player_choice":"Banana","damage_taken":0,"max_hp_gain":0,"max_hp_loss":0,"event_name":"Big Fish","floor":14,"gold_loss":0},{"damage_healed":0,"gold_gain":0,"player_choice":"Simplicity","damage_taken":0,"max_hp_gain":0,"max_hp_loss":0,"event_name":"Back to Basics","floor":20,"gold_loss":0,"cards_upgraded":["Strike_R","Strike_R","Strike_R","Strike_R","Strike_R","Defend_R","Defend_R","Defend_R","Defend_R"]},{"cards_removed":["Strike_R"],"damage_healed":0,"gold_gain":0,"player_choice":"Gave Gold","damage_taken":0,"max_hp_gain":0,"max_hp_loss":0,"event_name":"Beggar","floor":21,"gold_loss":75},{"damage_healed":0,"gold_gain":99,"player_choice":"Stole From Cult","damage_taken":0,"max_hp_gain":0,"max_hp_loss":0,"event_name":"Nest","floor":27,"gold_loss":0},{"damage_healed":0,"gold_gain":0,"player_choice":"Fought Bandits","damage_taken":0,"max_hp_gain":0,"max_hp_loss":0,"event_name":"Masked Bandits","floor":30,"gold_loss":0}],"is_beta":false,"boss_relics":[{"not_picked":["Lizard Tail","Velvet Choker"],"picked":"Snecko Eye"}],"items_purged_floors":[],"is_endless":false,"potions_floor_spawned":[1,2,13,22,25],"killed_by":"Chosen and Byrds","ascension_level":8}