{"gold_per_floor":[114,62,62,81,36,36,74,93,93,93,112,131,81,100,100,225,225,244,44,63,82,101,139,158,158,208,276,295,314,134,153,153,278,278,297,323,43,62,81,81,100,100,175,175,194,232,12,31,31,31],"floor_reached":51,"playtime":2547,"items_purged":["Defend_G","Strike_G","Defend_G"],"score":950,"play_id":"80623287-a94b-425a-8f68-afb03b4a8d81","local_time":"20180809214743","daily_mods":["Brewmaster","Cursed Run","Time Dilation"],"is_ascension_mode":false,"campfire_choices":[{"data":"Dagger Spray","floor":6,"key":"SMITH"},{"data":"Sucker Punch","floor":10,"key":"SMITH"},{"data":"Footwork","floor":15,"key":"SMITH"},{"data":"After Image","floor":32,"key":"SMITH"},{"data":"1","floor":40,"key":"LIFT"},{"data":"2","floor":42,"key":"LIFT"},{"data":"3","floor":49,"key":"LIFT"}],"neow_cost":"","seed_source_timestamp":0,"circlet_count":0,"master_deck":["Defend_G","Defend_G","Defend_G","Strike_G","Strike_G","Survivor","Neutralize","Venomology","Venomology","Venomology","Venomology","Venomology","Dodge and Roll","Sucker Punch+1","Flying Knee","Dagger Spray+1","Predator","Acrobatics","Decay","Blur","Calculated Gamble","Footwork+1","Pain","After Image+1","Infinite Blades+1","Cloak And Dagger+1","Slice+1","Concentrate","Well Laid Plans","Dagger Throw+1","Backflip","Decay","Tactician+1","Flechettes","A Thousand Cuts","Blur+1","Endless Agony+1","Footwork+1","Finisher","Backflip","Deflect+1","Tools of the Trade","Regret"],"special_seed":17753,"relics":["Cursed Key","Darkstone Periapt","Du-Vu Doll","White Beast Statue","Golden Idol","Anchor","The Courier","Black Star","Paper Crane","Blood Vial","Bag of Preparation","Strawberry","Tiny Chest","Omamori","Oddly Smooth Stone","Philosopher\u0027s Stone","Girya","Bottled Tornado","Mummified Hand","Gambling Chip","The Specimen","Lantern"],"potions_floor_usage":[1,1,4,4,7,7,7,8,14,14,16,16,16,16,16,16,16,18,18,18,20,20,20,21,21,21,22,22,23,23,23,23,24,24,27,27,28,29,29,29,29,31,31,31,33,33,33,33,33,33,33,35,35,36,36,38,38,38,39,39,41,41,41,45,45,46,46,46,46,48,48,50,50,50,50,50],"damage_taken":[{"damage":0,"enemies":"Cultist","floor":1,"turns":4},{"damage":0,"enemies":"Small Slimes","floor":4,"turns":5},{"damage":0,"enemies":"Gremlin Nob","floor":7,"turns":2},{"damage":0,"enemies":"Jaw Worm","floor":8,"turns":2},{"damage":0,"enemies":"Blue Slaver","floor":11,"turns":2},{"damage":0,"enemies":"Looter","floor":12,"turns":3},{"damage":0,"enemies":"Large Slime","floor":14,"turns":2},{"damage":0,"enemies":"The Guardian","floor":16,"turns":12},{"damage":1,"enemies":"Shell Parasite","floor":18,"turns":5},{"damage":6,"enemies":"Spheric Guardian","floor":20,"turns":4},{"damage":1,"enemies":"Chosen and Byrds","floor":21,"turns":3},{"damage":20,"enemies":"Snake Plant","floor":22,"turns":4},{"damage":14,"enemies":"Slavers","floor":23,"turns":3},{"damage":0,"enemies":"Snecko","floor":24,"turns":4},{"damage":5,"enemies":"Book of Stabbing","floor":27,"turns":4},{"damage":0,"enemies":"Cultist and Chosen","floor":28,"turns":4},{"damage":3,"enemies":"Centurion and Healer","floor":29,"turns":4},{"damage":6,"enemies":"Chosen and Byrds","floor":31,"turns":5},{"damage":29,"enemies":"Automaton","floor":33,"turns":10},{"damage":5,"enemies":"3 Shapes","floor":35,"turns":4},{"damage":18,"floor":36,"turns":4},{"damage":2,"enemies":"Orb Walker","floor":38,"turns":4},{"damage":0,"enemies":"4 Shapes","floor":39,"turns":3},{"damage":28,"enemies":"Spire Growth","floor":41,"turns":4},{"damage":1,"enemies":"Sphere and 2 Shapes","floor":45,"turns":3},{"damage":5,"enemies":"Nemesis","floor":46,"turns":5},{"damage":0,"enemies":"3 Darklings","floor":48,"turns":1},{"damage":13,"enemies":"Donu and Deca","floor":50,"turns":7}],"seed_played":"-7128863653250281528","potions_obtained":[{"floor":7,"key":"Strength Potion"},{"floor":8,"key":"Swift Potion"},{"floor":14,"key":"FearPotion"},{"floor":16,"key":"SpeedPotion"},{"floor":18,"key":"Dexterity Potion"},{"floor":20,"key":"LiquidBronze"},{"floor":21,"key":"Fruit Juice"},{"floor":22,"key":"FearPotion"},{"floor":23,"key":"Weak Potion"},{"floor":24,"key":"Weak Potion"},{"floor":27,"key":"Ancient Potion"},{"floor":28,"key":"PowerPotion"},{"floor":31,"key":"AttackPotion"},{"floor":33,"key":"AttackPotion"},{"floor":36,"key":"Energy Potion"},{"floor":41,"key":"Swift Potion"},{"floor":45,"key":"Fire Potion"},{"floor":46,"key":"Ancient Potion"},{"floor":48,"key":"Strength Potion"}],"is_trial":false,"path_per_floor":["M","$","?","M","$","R","E","M","T","R","M","M","?","M","R","B",null,"M","$","M","M","M","E","M","?","T","E","M","M","$","M","R","B",null,"M","?","$","M","M","R","M","R","T","?","M","E","$","M","R","B"],"character_chosen":"THE_SILENT","items_purchased":["Sucker Punch","Dagger Spray","Paper Crane","Oddly Smooth Stone","Bottled Tornado","Lantern"],"campfire_rested":0,"item_purchase_floors":[2,5,19,30,37,47],"current_hp_per_floor":[70,70,53,53,53,53,53,53,59,59,59,59,59,59,59,80,82,81,81,75,74,70,56,58,58,71,68,70,69,69,65,65,38,100,95,79,79,79,81,81,55,55,55,55,56,53,53,55,55,50],"gold":31,"neow_bonus":"","is_prod":false,"is_daily":true,"chose_seed":false,"campfire_upgraded":4,"win_rate":0,"timestamp":1533865663,"path_taken":["M","?","?","M","$","R","E","M","T","R","M","M","?","?","R","BOSS","M","$","M","M","M","E","?","?","T","E","M","M","$","M","R","BOSS","M","?","?","M","?","R","M","R","T","?","M","E","$","M","R","BOSS"],"build_version":"2018-08-09","purchased_purges":3,"victory":true,"max_hp_per_floor":[70,70,70,70,70,70,70,70,76,76,76,76,76,76,76,82,82,82,82,82,82,87,87,87,87,100,100,100,100,100,100,100,100,100,100,100,100,100,100,100,100,100,100,100,100,100,100,100,100,106],"card_choices":[{"not_picked":["Expertise","Outmaneuver"],"picked":"Dodge and Roll","floor":1},{"not_picked":["Prepared","Unload"],"picked":"Flying Knee","floor":4},{"not_picked":["Acrobatics","Calculated Gamble"],"picked":"Predator","floor":7},{"not_picked":["Outmaneuver","Poisoned Stab"],"picked":"Acrobatics","floor":8},{"not_picked":["Slice","Underhanded Strike"],"picked":"Blur","floor":11},{"not_picked":["Predator","Flechettes"],"picked":"Calculated Gamble","floor":12},{"not_picked":["Venomology","Blur"],"picked":"Footwork","floor":14},{"not_picked":["Bullet Time","Burst"],"picked":"After Image","floor":16},{"not_picked":["Predator","Slice"],"picked":"Infinite Blades+1","floor":18},{"not_picked":["Infinite Blades","Outmaneuver+1"],"picked":"Cloak And Dagger+1","floor":20},{"not_picked":["PiercingWail","Underhanded Strike"],"picked":"Slice+1","floor":21},{"not_picked":["Infinite Blades+1","Deadly Poison"],"picked":"Concentrate","floor":22},{"not_picked":["Outmaneuver","Distraction+1"],"picked":"Well Laid Plans","floor":23},{"not_picked":["Outmaneuver","Sucker Punch"],"picked":"Dagger Throw+1","floor":24},{"not_picked":["Cloak And Dagger","Dodge and Roll"],"picked":"Tactician+1","floor":27},{"not_picked":["Infinite Blades","Leg Sweep+1","Prepared"],"picked":"SKIP","floor":28},{"not_picked":["Prepared","Underhanded Strike"],"picked":"Flechettes","floor":29},{"not_picked":["Tactician","Slice","PiercingWail"],"picked":"SKIP","floor":31},{"not_picked":["Unload","Malaise"],"picked":"A Thousand Cuts","floor":33},{"not_picked":["Heel Hook","Acrobatics+1"],"picked":"Blur+1","floor":35},{"not_picked":["Calculated Gamble","Blade Dance"],"picked":"Endless Agony+1","floor":36},{"not_picked":["Dagger Spray","Well Laid Plans+1","Poisoned Stab+1"],"picked":"SKIP","floor":38},{"not_picked":["Outmaneuver+1","Well Laid Plans"],"picked":"Footwork+1","floor":39},{"not_picked":["Sucker Punch+1","Dagger Spray+1"],"picked":"Finisher","floor":41},{"not_picked":["Backflip+1","Masterful Stab+1"],"picked":"Deflect+1","floor":45},{"not_picked":["Dagger Throw","Sucker Punch","Predator+1"],"picked":"SKIP","floor":46},{"not_picked":["Deadly Poison","Concentrate"],"picked":"Tools of the Trade","floor":48}],"player_experience":565435,"relics_obtained":[{"floor":7,"key":"Anchor"},{"floor":9,"key":"The Courier"},{"floor":23,"key":"Blood Vial"},{"floor":23,"key":"Bag of Preparation"},{"floor":26,"key":"Strawberry"},{"floor":27,"key":"Tiny Chest"},{"floor":27,"key":"Omamori"},{"floor":36,"key":"Girya"},{"floor":43,"key":"Mummified Hand"},{"floor":46,"key":"Gambling Chip"},{"floor":46,"key":"The Specimen"}],"event_choices":[{"event_name":"Golden Idol","player_choice":"Take Damage","floor":3,"damage_taken":0},{"event_name":"The Cleric","player_choice":"Card Removal","floor":13,"damage_taken":0},{"event_name":"The Library","player_choice":"Read","floor":25,"damage_taken":0},{"event_name":"Mysterious Sphere","player_choice":"Fight","floor":36,"damage_taken":0},{"event_name":"Transmorgrifier","player_choice":"Transform","floor":44,"damage_taken":0}],"is_beta":false,"boss_relics":[{"not_picked":["Coffee Dripper","Busted Crown"],"picked":"Black Star"},{"not_picked":["Snecko Eye","Lizard Tail"],"picked":"Philosopher\u0027s Stone"}],"items_purged_floors":[30,37,47],"is_endless":false,"potions_floor_spawned":[1,4,7,8,11,12,14,16,18,20,21,22,23,24,27,28,29,31,33,35,36,38,39,41,45,46,48],"ascension_level":0}