{"path_per_floor":["M","?","$","?","M","E","R","E","T","$","R","?","$","?","R","B",null,"M","?","?","?","M","R","E","?","T","M","R"],"character_chosen":"IRONCLAD","items_purchased":["Shrug It Off","True Grit","Whirlwind","Spot Weakness"],"gold_per_floor":[110,285,137,137,150,176,176,204,256,79,79,79,2,77,77,179,179,198,113,113,93,106,106,134,134,434,450,450],"floor_reached":29,"campfire_rested":1,"playtime":1027,"current_hp_per_floor":[78,78,78,62,68,74,74,50,50,50,50,69,69,58,58,43,69,46,46,46,46,65,65,24,24,24,29,47],"items_purged":["Doubt","Parasite"],"gold":450,"score":445,"play_id":"81648e6c-b084-4b20-9882-e0361f1c2efe","is_prod":false,"is_daily":false,"is_ascension_mode":true,"campfire_upgraded":4,"path_taken":["M","?","$","?","?","E","R","E","T","?","R","?","$","?","R","BOSS","M","?","?","?","M","R","E","?","T","M","R","E"],"build_version":"2018-02-22-PROD2","purchased_purges":2,"victory":false,"master_deck":["Defend_R","Defend_R","Defend_R+1","Defend_R+1","Bash+1","Cleave","Shrug It Off","True Grit+1","True Grit+1","Clothesline","Whirlwind+1","Spot Weakness","Feed","Flame Barrier","Sword Boomerang+1","Offering","Bite","Bite","Bite","Bite","Bite","Iron Wave+1"],"max_hp_per_floor":[80,80,80,80,80,80,80,80,80,77,77,77,77,77,77,77,77,80,80,80,80,83,83,86,60,60,63,63],"relics":["Burning Blood","NeowsBlessing","Juzu Bracelet","Torii","Omamori","Mark of Pain","Blue Candle","Toolbox","Old Coin"],"card_choices":[{"not_picked":["Iron Wave","Combust"],"picked":"Cleave"},{"not_picked":["Searing Blow","Evolve"],"picked":"True Grit"},{"not_picked":["Reckless Charge","Dropkick"],"picked":"Clothesline"},{"not_picked":["Bludgeon","Exhume"],"picked":"Feed"},{"not_picked":["Power Through","Warcry"],"picked":"Flame Barrier"},{"not_picked":["Wild Strike","Shockwave"],"picked":"Sword Boomerang"},{"not_picked":["Wild Strike","Seeing Red"],"picked":"Offering"},{"not_picked":["Combust","Clothesline"],"picked":"Iron Wave"}],"player_experience":256322,"potions_floor_usage":[],"damage_taken":[{"damage":0.0,"enemies":"Jaw Worm","floor":1.0,"turns":1.0},{"damage":0.0,"enemies":"Small Slimes","floor":5.0,"turns":1.0},{"damage":0.0,"enemies":"Gremlin Nob","floor":6.0,"turns":1.0},{"damage":30.0,"enemies":"3 Sentries","floor":8.0,"turns":9.0},{"damage":21.0,"enemies":"The Guardian","floor":16.0,"turns":14.0},{"damage":32.0,"enemies":"Spheric Guardian","floor":18.0,"turns":7.0},{"damage":2.0,"enemies":"3 Byrds","floor":22.0,"turns":6.0},{"damage":50.0,"enemies":"Book of Stabbing","floor":24.0,"turns":7.0},{"damage":16.0,"enemies":"Sentry and Sphere","floor":27.0,"turns":6.0},{"damage":52,"enemies":"Slavers","floor":29,"turns":6}],"event_choices":[{"event_name":"Liars Game","player_choice":"agreed","floor":2.0,"damage_taken":0.0},{"event_name":"Shining Light","player_choice":"Entered Light","floor":4.0,"damage_taken":0.0},{"event_name":"Mushrooms","player_choice":"Healed and dodged fight","floor":12.0,"damage_taken":0.0},{"event_name":"World of Goop","player_choice":"Gather Gold","floor":14.0,"damage_taken":0.0},{"event_name":"Addict","player_choice":"Obtained Relic","floor":19.0,"damage_taken":0.0},{"event_name":"Cursed Tome","player_choice":"Ignored","floor":20.0,"damage_taken":0.0},{"event_name":"The Woman in Blue","player_choice":"Bought 1 Potion","floor":21.0,"damage_taken":0.0},{"event_name":"Vampires","player_choice":"Became a vampire","floor":25.0,"damage_taken":0.0}],"boss_relics":[],"potions_floor_spawned":[5,22],"seed_played":"4044064482901403486","killed_by":"Slavers","ascension_level":11,"is_trial":false}