{"gold_per_floor":[144,319,364,42,42,132,132,177,177,267,267,267,312,114,114,414,414,459,504,224,224,308,398,398,398,398,423,143,188,278,323,323,623,623,668,668,890,430,430,520,0,45,45,135,180,270,327,35,35,35],"floor_reached":51,"playtime":1945,"items_purged":["Strike_G","Poisoned Stab","Noxious Fumes+1"],"score":1154,"play_id":"63c50f64-a102-446d-a8db-b19be5237abd","local_time":"20180812004306","daily_mods":["Specialized","Midas","Time Dilation"],"is_ascension_mode":false,"campfire_choices":[{"floor":7,"key":"REST"},{"floor":11,"key":"REST"},{"floor":15,"key":"REST"},{"floor":24,"key":"REST"},{"floor":32,"key":"REST"},{"data":"Madness","floor":49,"key":"PURGE"}],"neow_cost":"","seed_source_timestamp":0,"circlet_count":0,"master_deck":["Survivor+1","Neutralize+1","Glass Knife+1","Glass Knife+1","Glass Knife+1","Glass Knife+1","Glass Knife+1","Dagger Spray+1","Backstab+1","Terror+1","Backflip+1","After Image+1","Footwork+1","Backflip+1","Phantasmal Killer+1","Prepared+1","Dagger Spray+1","PiercingWail+1","Tactician+1","Underhanded Strike+1","Dodge and Roll+1","Acrobatics+1","Well Laid Plans+1","Slice+1","RitualDagger+1","Backstab+1","Tactician+1","Cloak And Dagger+1","Wraith Form v2+1","Madness+1","Blur+1","Quick Slash+1","Dagger Spray+1","Malaise+1","Finisher"],"special_seed":17755,"relics":["Ring of the Snake","Kunai","Orichalcum","Anchor","The Specimen","Pandora\u0027s Box","Membership Card","Red Mask","Pear","Art of War","Ancient Tea Set","Whetstone","Toolbox","Lantern","Sozu","Mark of the Bloom","OrangePellets","Dodecahedron","Oddly Smooth Stone","Bag of Marbles","ClockworkSouvenir","Peace Pipe","Matryoshka","Darkstone Periapt","MawBank","War Paint","Centennial Puzzle"],"potions_floor_usage":[10,22,22,23,23,29,30,50],"damage_taken":[{"damage":0,"enemies":"Small Slimes","floor":1,"turns":2},{"damage":0,"enemies":"Jaw Worm","floor":3,"turns":1},{"damage":4,"enemies":"3 Sentries","floor":6,"turns":4},{"damage":0,"enemies":"Cultist","floor":8,"turns":2},{"damage":0,"enemies":"Gremlin Nob","floor":10,"turns":2},{"damage":0,"enemies":"Exordium Thugs","floor":13,"turns":1},{"damage":0,"enemies":"Slime Boss","floor":16,"turns":3},{"damage":12,"enemies":"Spheric Guardian","floor":18,"turns":4},{"damage":22,"enemies":"3 Byrds","floor":19,"turns":6},{"damage":0,"floor":22,"turns":2},{"damage":7,"enemies":"Book of Stabbing","floor":23,"turns":4},{"damage":0,"enemies":"Snake Plant","floor":29,"turns":2},{"damage":4,"enemies":"Slavers","floor":30,"turns":4},{"damage":0,"enemies":"Snecko","floor":31,"turns":1},{"damage":23,"enemies":"Champ","floor":33,"turns":9},{"damage":0,"enemies":"3 Darklings","floor":35,"turns":2},{"damage":0,"enemies":"Giant Head","floor":40,"turns":5},{"damage":0,"enemies":"Orb Walker","floor":42,"turns":1},{"damage":0,"enemies":"2 Orb Walkers","floor":44,"turns":3},{"damage":0,"enemies":"4 Shapes","floor":45,"turns":3},{"damage":0,"enemies":"Giant Head","floor":46,"turns":5},{"damage":0,"enemies":"3 Darklings","floor":47,"turns":4},{"damage":0,"enemies":"Donu and Deca","floor":50,"turns":9}],"seed_played":"6518817445672204880","potions_obtained":[{"floor":1,"key":"FearPotion"},{"floor":6,"key":"Explosive Potion"},{"floor":8,"key":"PowerPotion"},{"floor":21,"key":"SpeedPotion"},{"floor":22,"key":"SkillPotion"},{"floor":23,"key":"Swift Potion"},{"floor":29,"key":"PowerPotion"},{"floor":33,"key":"Block Potion"}],"is_trial":false,"path_per_floor":["M","?","M","$","?","E","R","M","T","E","R","?","M","$","R","B",null,"M","M","$","?","?","E","R","?","T","T","$","M","E","M","R","B",null,"M","?","?","$","?","E","$","M","T","E","M","E","M","$","R","B"],"character_chosen":"THE_SILENT","items_purchased":["Kunai","Terror","Footwork","Backflip","Membership Card","Whetstone","Toolbox","OrangePellets","Dodecahedron","Bag of Marbles","ClockworkSouvenir","Peace Pipe","War Paint","Finisher","Centennial Puzzle"],"campfire_rested":5,"item_purchase_floors":[4,4,14,14,20,28,28,38,38,41,41,41,48,48,48],"current_hp_per_floor":[70,70,70,70,70,66,70,70,70,70,70,56,56,56,70,70,70,58,36,36,36,36,39,63,57,57,57,57,57,53,53,77,54,80,80,80,80,80,70,70,70,70,70,70,70,70,70,70,70,70],"gold":35,"neow_bonus":"","is_prod":false,"is_daily":true,"chose_seed":false,"campfire_upgraded":0,"win_rate":0,"timestamp":1534048986,"path_taken":["M","?","M","$","?","E","R","?","T","E","R","?","M","$","R","BOSS","M","?","?","?","?","E","R","?","T","?","$","?","E","M","R","BOSS","M","?","?","$","?","E","$","M","T","E","M","E","M","$","R","BOSS"],"build_version":"2018-08-09","purchased_purges":3,"victory":true,"max_hp_per_floor":[70,70,70,70,70,70,70,70,70,70,70,70,70,70,70,70,70,70,70,70,70,70,80,80,80,80,80,80,80,80,80,80,80,80,80,80,80,80,80,80,80,80,80,80,80,80,80,80,80,80],"card_choices":[{"not_picked":["Poisoned Stab","Outmaneuver"],"picked":"Dagger Spray","floor":1},{"not_picked":["Blade Dance","Dagger Spray"],"picked":"Backstab","floor":3},{"not_picked":["Outmaneuver","Setup","Dash"],"picked":"SKIP","floor":6},{"not_picked":["All Out Attack","Dodge and Roll","Slice"],"picked":"SKIP","floor":8},{"not_picked":["Infinite Blades","Poisoned Stab"],"picked":"Backflip","floor":10},{"not_picked":["Expertise","Eviscerate"],"picked":"After Image","floor":13},{"not_picked":["Die Die Die","Venomology"],"picked":"Phantasmal Killer","floor":16},{"not_picked":["Slice","Prepared","Masterful Stab"],"picked":"SKIP","floor":18},{"not_picked":["Outmaneuver","Deflect"],"picked":"Well Laid Plans+1","floor":19},{"not_picked":["Deflect","Backflip"],"picked":"Slice","floor":22},{"not_picked":["Caltrops","Choke","Bane"],"picked":"SKIP","floor":23},{"not_picked":["Dagger Spray","Eviscerate"],"picked":"Backstab+1","floor":29},{"not_picked":["Deadly Poison","PiercingWail"],"picked":"Tactician+1","floor":30},{"not_picked":["Reflex","Flying Knee"],"picked":"Cloak And Dagger+1","floor":31},{"not_picked":["Die Die Die","Glass Knife"],"picked":"Wraith Form v2","floor":33},{"not_picked":["Outmaneuver+1","Slice","Concentrate+1"],"picked":"SKIP","floor":35},{"not_picked":["Setup+1","Deadly Poison"],"picked":"Blur+1","floor":40},{"not_picked":["Deflect","Slice+1","Flying Knee+1"],"picked":"SKIP","floor":42},{"not_picked":["Bane","Setup"],"picked":"Quick Slash+1","floor":44},{"not_picked":["Setup+1","Leg Sweep"],"picked":"Dagger Spray+1","floor":45},{"not_picked":["PiercingWail","Underhanded Strike+1"],"picked":"Malaise","floor":46},{"not_picked":["Cloak And Dagger+1","PiercingWail+1","Sucker Punch"],"picked":"SKIP","floor":47}],"player_experience":572311,"relics_obtained":[{"floor":6,"key":"Orichalcum"},{"floor":9,"key":"Anchor"},{"floor":10,"key":"The Specimen"},{"floor":22,"key":"Red Mask"},{"floor":23,"key":"Pear"},{"floor":26,"key":"Art of War"},{"floor":27,"key":"Ancient Tea Set"},{"floor":30,"key":"Lantern"},{"floor":40,"key":"Oddly Smooth Stone"},{"floor":43,"key":"Matryoshka"},{"floor":44,"key":"Darkstone Periapt"},{"floor":46,"key":"MawBank"}],"event_choices":[{"event_name":"Liars Game","player_choice":"agreed","floor":2,"damage_taken":0},{"event_name":"Purifier","player_choice":"One Purge","floor":5,"damage_taken":0},{"event_name":"Shining Light","player_choice":"Entered Light","floor":12,"damage_taken":0},{"event_name":"The Lab","player_choice":"Got Potions","floor":21,"damage_taken":0},{"event_name":"Masked Bandits","player_choice":"Fought Bandits","floor":22,"damage_taken":0},{"event_name":"Nest","player_choice":"Joined the Cult","floor":25,"damage_taken":0},{"event_name":"MindBloom","player_choice":"Upgrade","floor":36,"damage_taken":0},{"event_name":"Tomb of Lord Red Mask","player_choice":"Wore Mask","floor":37,"damage_taken":0},{"event_name":"Winding Halls","player_choice":"Embrace Madness","floor":39,"damage_taken":0}],"is_beta":false,"boss_relics":[{"not_picked":["Astrolabe","Eternal Feather"],"picked":"Pandora\u0027s Box"},{"not_picked":["White Beast Statue","Velvet Choker"],"picked":"Sozu"}],"items_purged_floors":[14,20,38],"is_endless":false,"potions_floor_spawned":[1,6,8,22,23,29,33,42,46,47],"ascension_level":0}