{"gold_per_floor":[119,130,130,5,25,55,55,55,55,3,3,3,35,50,50,50],"floor_reached":16,"playtime":385,"items_purged":["Parasite"],"score":189,"play_id":"b36308ad-46b9-4d03-ad34-7a768b4276e1","local_time":"20181129213723","is_ascension_mode":true,"campfire_choices":[{"floor":7,"key":"REST"},{"floor":11,"key":"REST"},{"data":"Bludgeon","floor":15,"key":"SMITH"}],"neow_cost":"CURSE","seed_source_timestamp":777157744929936,"circlet_count":0,"master_deck":["AscendersBane","Strike_R","Strike_R","Strike_R+1","Strike_R","Strike_R","Defend_R","Defend_R","Defend_R","Defend_R+1","Bash","Bludgeon+1","Uppercut","Pommel Strike","Thunderclap","Havoc","Demon Form","Twin Strike"],"relics":["Burning Blood","Kunai","Letter Opener","Dream Catcher"],"potions_floor_usage":[6,6,13,13],"damage_taken":[{"damage":9,"enemies":"Jaw Worm","floor":1,"turns":3},{"damage":7,"enemies":"Small Slimes","floor":2,"turns":4},{"damage":7,"enemies":"2 Louse","floor":5,"turns":4},{"damage":41,"enemies":"3 Sentries","floor":6,"turns":9},{"damage":16,"enemies":"Gremlin Nob","floor":13,"turns":3},{"damage":10,"enemies":"Red Slaver","floor":14,"turns":3},{"damage":26,"enemies":"Slime Boss","floor":16,"turns":3}],"seed_played":"7776623911350857656","potions_obtained":[{"floor":2,"key":"LiquidBronze"},{"floor":12,"key":"BloodPotion"},{"floor":12,"key":"FearPotion"}],"is_trial":false,"path_per_floor":["M","M","?","$","M","E","R","?","T","$","R","?","E","M","R","B"],"character_chosen":"IRONCLAD","items_purchased":["Block Potion","Havoc"],"campfire_rested":2,"item_purchase_floors":[4,10],"current_hp_per_floor":[65,64,46,46,45,10,31,9,9,9,30,30,27,23,23,0],"gold":50,"neow_bonus":"THREE_RARE_CARDS","is_prod":false,"is_daily":false,"chose_seed":false,"campfire_upgraded":1,"win_rate":0,"timestamp":1543545443,"path_taken":["M","M","?","$","M","E","R","?","T","?","R","?","E","?","R","BOSS"],"build_version":"2018-11-15","purchased_purges":1,"victory":false,"max_hp_per_floor":[75,75,75,72,72,72,72,72,72,72,72,72,72,72,72,72],"card_choices":[{"not_picked":["Impervious","Berserk"],"picked":"Bludgeon","floor":0},{"not_picked":["Warcry","Havoc"],"picked":"Uppercut","floor":1},{"not_picked":["Anger","Flex"],"picked":"Pommel Strike","floor":2},{"not_picked":["Power Through","Juggernaut"],"picked":"Thunderclap","floor":5},{"not_picked":["Cleave","Rupture","Sentinel"],"picked":"SKIP","floor":6},{"not_picked":["Anger","Twin Strike"],"picked":"Demon Form","floor":13},{"not_picked":["Power Through","Anger"],"picked":"Twin Strike","floor":14}],"player_experience":947551,"relics_obtained":[{"floor":6,"key":"Letter Opener"},{"floor":13,"key":"Dream Catcher"}],"event_choices":[{"damage_healed":0,"gold_gain":0,"player_choice":"Success","damage_taken":18,"relics_obtained":["Kunai"],"max_hp_gain":0,"max_hp_loss":0,"event_name":"Scrap Ooze","floor":3,"gold_loss":0},{"damage_healed":0,"gold_gain":0,"player_choice":"Entered Light","damage_taken":22,"max_hp_gain":0,"max_hp_loss":0,"event_name":"Shining Light","floor":8,"gold_loss":0,"cards_upgraded":["Strike_R","Defend_R"]},{"damage_healed":0,"gold_gain":0,"player_choice":"Got Potions","damage_taken":0,"max_hp_gain":0,"max_hp_loss":0,"event_name":"Lab","floor":12,"gold_loss":0}],"is_beta":false,"boss_relics":[],"items_purged_floors":[4],"is_endless":false,"potions_floor_spawned":[2,5],"killed_by":"Slime Boss","ascension_level":15}