{"path_per_floor":["M","M","?","M","$","R","M","E","T","?","R","M","R","M","R"],"character_chosen":"THE_SILENT","items_purchased":[],"gold_per_floor":[109,119,119,138,63,63,73,103,156,156,156,166,166,178,178],"floor_reached":16,"campfire_rested":2,"playtime":743,"current_hp_per_floor":[63,61,54,44,44,44,41,9,9,9,30,39,39,29,50],"items_purged":["Strike_G"],"gold":178,"score":138,"play_id":"84f1e16d-75f0-4bbe-b5f9-2d64f3baf078","is_prod":false,"is_daily":false,"is_ascension_mode":true,"campfire_upgraded":2,"path_taken":["M","?","?","?","$","R","M","E","T","?","R","M","R","M","R","BOSS"],"build_version":"2018-02-15-PROD1","purchased_purges":1,"victory":false,"master_deck":["Defend_G","Defend_G","Defend_G","Defend_G","Defend_G","Strike_G+1","Strike_G","Strike_G+1","Survivor","Neutralize","Dagger Spray+1","PiercingWail","Backflip","Malaise","Riddle With Holes","Acrobatics","Backflip","Cloak And Dagger+1","Caltrops","Terror"],"max_hp_per_floor":[70,70,70,70,70,70,70,70,70,70,70,70,70,70,70],"relics":["Orrery","Pen Nib","Whetstone"],"card_choices":[{"not_picked":["Deadly Poison","Noxious Fumes"],"picked":"Dagger Spray"},{"not_picked":["Heel Hook","Bane"],"picked":"PiercingWail"},{"not_picked":["Predator","Calculated Gamble"],"picked":"Backflip"},{"not_picked":["Outmaneuver","Accuracy"],"picked":"Malaise"},{"not_picked":["Outmaneuver","Dodge and Roll"],"picked":"Riddle With Holes"},{"not_picked":["Flying Knee","PiercingWail"],"picked":"Acrobatics"},{"not_picked":["Slice","Caltrops"],"picked":"Backflip"},{"not_picked":["Dodge and Roll","Deadly Poison"],"picked":"Cloak And Dagger"},{"not_picked":["Flechettes","Heel Hook"],"picked":"Caltrops"},{"not_picked":["Backflip","Bane"],"picked":"Terror"}],"player_experience":216548,"potions_floor_usage":[8,12,12,12],"damage_taken":[{"damage":0,"enemies":"Cultist","floor":1,"turns":4},{"damage":2,"enemies":"2 Louse","floor":2,"turns":3},{"damage":10,"enemies":"Jaw Worm","floor":4,"turns":5},{"damage":3,"enemies":"Blue Slaver","floor":7,"turns":7},{"damage":32,"enemies":"Gremlin Nob","floor":8,"turns":7},{"damage":0,"enemies":"Exordium Thugs","floor":12,"turns":4},{"damage":10,"enemies":"3 Louse","floor":14,"turns":3},{"damage":62,"enemies":"Slime Boss","floor":16,"turns":9}],"event_choices":[{"event_name":"Golden Wing","player_choice":"Card Removal","floor":3,"damage_taken":0},{"event_name":"The Lab","player_choice":"Got Potions","floor":10,"damage_taken":0}],"boss_relics":[],"potions_floor_spawned":[2,4,7,8,12],"seed_played":"-631450418299019409","killed_by":"Slime Boss","ascension_level":7,"is_trial":false}