{"gold_per_floor":[113,124,134,152,152,152,163,163,187,217,217,197,126,160,172,259,271,295,307,333,364,376,388,400],"floor_reached":24,"playtime":1160,"items_purged":[],"score":361,"play_id":"1f5495d0-1dba-4ab5-93c7-027e2b3eff6c","local_time":"20180826100137","is_ascension_mode":true,"campfire_choices":[{"data":"Sucker Punch","floor":6,"key":"SMITH"},{"floor":8,"key":"REST"},{"floor":11,"key":"REST"},{"floor":15,"key":"REST"},{"floor":23,"key":"REST"}],"neow_cost":"","seed_source_timestamp":129557966927579,"circlet_count":0,"master_deck":["Defend_G+1","Defend_G","Defend_G+1","Defend_G","Defend_G","Strike_G","Strike_G","Strike_G","Strike_G","Neutralize","AscendersBane","Sucker Punch+1","Cloak And Dagger+1","Blur","Cloak And Dagger","Envenom","Flying Knee","Terror","Well Laid Plans+1","Unload+1","Bouncing Flask+1"],"relics":["Ring of the Snake","Vajra","War Paint","MawBank","Velvet Choker"],"potions_floor_usage":[10,16,16,24],"damage_taken":[{"damage":1,"enemies":"Jaw Worm","floor":1,"turns":4},{"damage":11,"enemies":"Cultist","floor":2,"turns":4},{"damage":0,"enemies":"2 Louse","floor":3,"turns":4},{"damage":13,"enemies":"Exordium Thugs","floor":4,"turns":6},{"damage":15,"enemies":"Lots of Slimes","floor":7,"turns":7},{"damage":25,"enemies":"Lagavulin","floor":10,"turns":7},{"damage":17,"enemies":"Gremlin Nob","floor":14,"turns":5},{"damage":14,"enemies":"Slime Boss","floor":16,"turns":11},{"damage":8,"enemies":"Chosen","floor":18,"turns":5},{"damage":19,"enemies":"Spheric Guardian","floor":20,"turns":4},{"damage":27,"enemies":"Chosen and Byrds","floor":21,"turns":6},{"damage":27,"enemies":"3 Cultists","floor":24,"turns":4}],"seed_played":"-7580980083324925579","potions_obtained":[{"floor":1,"key":"Fire Potion"},{"floor":4,"key":"LiquidBronze"},{"floor":12,"key":"Explosive Potion"},{"floor":21,"key":"GhostInAJar"}],"is_trial":false,"path_per_floor":["M","M","M","M","?","R","M","R","T","E","R","?","?","E","R","B",null,"M","?","M","M","?","R"],"character_chosen":"THE_SILENT","items_purchased":[],"campfire_rested":4,"item_purchase_floors":[],"current_hp_per_floor":[58,47,47,34,34,34,19,38,38,13,32,32,32,15,34,20,55,47,47,28,1,1,20,0],"gold":400,"neow_bonus":"","is_prod":false,"is_daily":false,"chose_seed":false,"campfire_upgraded":1,"win_rate":0,"timestamp":1535292097,"path_taken":["M","M","M","M","?","R","M","R","T","E","R","?","?","E","R","BOSS","M","?","?","M","?","R","M"],"build_version":"2018-08-23v2","purchased_purges":0,"victory":false,"max_hp_per_floor":[66,66,66,66,66,66,66,66,66,66,66,66,66,66,66,66,66,66,66,66,66,66,66,66],"card_choices":[{"not_picked":["Calculated Gamble","Acrobatics"],"picked":"Sucker Punch","floor":1},{"not_picked":["Escape Plan","Tactician"],"picked":"Cloak And Dagger","floor":2},{"not_picked":["Outmaneuver","Eviscerate","Bane"],"picked":"SKIP","floor":3},{"not_picked":["Bane","Cloak And Dagger"],"picked":"Blur","floor":4},{"not_picked":["Dagger Throw","Backflip"],"picked":"Cloak And Dagger","floor":7},{"not_picked":["Outmaneuver","Flechettes"],"picked":"Dagger Spray","floor":10},{"not_picked":["Bouncing Flask","Venomology"],"picked":"Caltrops","floor":14},{"not_picked":["Corpse Explosion","Die Die Die"],"picked":"Envenom","floor":16},{"not_picked":["Slice","Reflex"],"picked":"Flying Knee","floor":18},{"not_picked":["Underhanded Strike","Blade Dance"],"picked":"Terror","floor":20},{"not_picked":["Bouncing Flask","Dagger Throw","Prepared"],"picked":"SKIP","floor":21}],"player_experience":614222,"relics_obtained":[{"floor":9,"key":"Vajra"},{"floor":10,"key":"War Paint"},{"floor":14,"key":"MawBank"}],"event_choices":[{"event_name":"Upgrade Shrine","player_choice":"Upgraded","floor":5,"damage_taken":0},{"event_name":"The Woman in Blue","player_choice":"Bought 1 Potion","floor":12,"damage_taken":0},{"event_name":"World of Goop","player_choice":"Left","floor":13,"damage_taken":0},{"event_name":"Wheel of Change","player_choice":"Card Removal","floor":19,"damage_taken":0},{"event_name":"Drug Dealer","player_choice":"Became Test Subject","floor":22,"damage_taken":0}],"is_beta":false,"boss_relics":[{"not_picked":["White Beast Statue","Busted Crown"],"picked":"Velvet Choker"}],"items_purged_floors":[],"is_endless":false,"potions_floor_spawned":[1,4,14,21],"killed_by":"3 Cultists","ascension_level":15}