{"gold_per_floor":[116,127,127,140,140,168,168,187,236,259,286,263,294,24,24,119,119,107,107,124,124,143,171,183,183],"floor_reached":25,"playtime":1060,"items_purged":["Strike_B"],"score":363,"play_id":"48903a06-9d55-43f9-bc9d-6d3ea0cd2bff","local_time":"20190219161453","is_ascension_mode":true,"campfire_choices":[{"floor":7,"key":"REST"},{"data":"Zap","floor":15,"key":"SMITH"}],"neow_cost":"NONE","seed_source_timestamp":575010617567428,"circlet_count":0,"master_deck":["AscendersBane","Strike_B+1","Strike_B+1","Defend_B","Defend_B","Defend_B+1","Defend_B","Zap+1","Dualcast","Coolheaded","Redo+1","Conserve Battery","Conserve Battery","Darkness","Go for the Eyes","Beam Cell","Seek","Self Repair","Defragment","Stack+1","Fission","Double Energy+1"],"relics":["Cracked Core","Dodecahedron","MawBank","Lee\u0027s Waffle","Cursed Key","Nloth\u0027s Gift","NlothsMask","Potion Belt"],"potions_floor_usage":[6,18,20,24,25],"damage_taken":[{"damage":0,"enemies":"Cultist","floor":1,"turns":2},{"damage":2,"enemies":"Small Slimes","floor":2,"turns":3},{"damage":2,"enemies":"Jaw Worm","floor":4,"turns":3},{"damage":45,"enemies":"Gremlin Nob","floor":6,"turns":6},{"damage":8,"enemies":"Large Slime","floor":8,"turns":6},{"damage":0,"enemies":"Exordium Wildlife","floor":10,"turns":3},{"damage":1,"enemies":"Red Slaver","floor":11,"turns":3},{"damage":4,"enemies":"Blue Slaver","floor":13,"turns":4},{"damage":19,"enemies":"The Guardian","floor":16,"turns":9},{"damage":9,"enemies":"2 Thieves","floor":18,"turns":4},{"damage":6,"enemies":"3 Byrds","floor":20,"turns":5},{"damage":13,"enemies":"Snake Plant","floor":22,"turns":6},{"damage":35,"enemies":"Book of Stabbing","floor":23,"turns":6},{"damage":18,"enemies":"Sentry and Sphere","floor":24,"turns":5},{"damage":35,"enemies":"Cultist and Chosen","floor":25,"turns":4}],"seed_played":"-1025729395383890966","potions_obtained":[{"floor":4,"key":"SteroidPotion"},{"floor":8,"key":"Block Potion"},{"floor":16,"key":"Dexterity Potion"},{"floor":23,"key":"AttackPotion"},{"floor":24,"key":"AttackPotion"}],"is_trial":false,"path_per_floor":["M","M","?","M","?","E","R","M","T","M","M","?","M","$","R","B",null,"M","?","M","?","M","E","M","M"],"character_chosen":"DEFECT","items_purchased":["Lee\u0027s Waffle"],"campfire_rested":1,"item_purchase_floors":[14],"current_hp_per_floor":[68,66,66,64,49,4,26,18,18,18,17,35,31,82,82,63,77,68,68,69,69,63,35,24,0],"gold":183,"neow_bonus":"RANDOM_COMMON_RELIC","is_prod":false,"is_daily":false,"chose_seed":false,"campfire_upgraded":1,"win_rate":0,"timestamp":1550610893,"path_taken":["M","?","?","?","?","E","R","M","T","M","M","?","M","$","R","BOSS","M","?","?","?","M","E","M","M"],"build_version":"2019-01-23","purchased_purges":1,"victory":false,"max_hp_per_floor":[75,75,75,75,75,75,75,75,75,75,75,75,75,82,82,82,82,82,82,82,82,82,82,82,82],"card_choices":[{"not_picked":["Fusion","Heatsinks"],"picked":"Coolheaded","floor":1},{"not_picked":["Rebound","Coolheaded"],"picked":"Redo","floor":2},{"not_picked":["Reboot","Redo"],"picked":"Conserve Battery","floor":4},{"not_picked":["Reprogram","Coolheaded"],"picked":"Conserve Battery","floor":6},{"not_picked":["Hologram","Melter"],"picked":"Darkness","floor":8},{"not_picked":["Turbo","Barrage"],"picked":"Go for the Eyes","floor":10},{"not_picked":["Rebound","Rip and Tear"],"picked":"Beam Cell","floor":11},{"not_picked":["Steam Power","Consume","Coolheaded"],"picked":"SKIP","floor":13},{"not_picked":["Reboot","Meteor Strike"],"picked":"Seek","floor":16},{"not_picked":["Chaos","Reinforced Body"],"picked":"Self Repair","floor":18},{"not_picked":["Steam","White Noise"],"picked":"Defragment","floor":20},{"not_picked":["Gash","Coolheaded"],"picked":"Stack+1","floor":22},{"not_picked":["Aggregate","Thunder Strike"],"picked":"Fission","floor":23},{"not_picked":["Gash","Compile Driver"],"picked":"Double Energy+1","floor":24}],"player_experience":316580,"relics_obtained":[{"floor":6,"key":"Dodecahedron"},{"floor":9,"key":"MawBank"},{"floor":23,"key":"Potion Belt"}],"event_choices":[{"cards_removed":["Strike_B"],"damage_healed":0,"gold_gain":0,"player_choice":"Offered Basic","damage_taken":0,"max_hp_gain":0,"max_hp_loss":0,"event_name":"Bonfire Elementals","floor":3,"gold_loss":0},{"damage_healed":0,"gold_gain":0,"player_choice":"Entered Light","damage_taken":15,"max_hp_gain":0,"max_hp_loss":0,"event_name":"Shining Light","floor":5,"gold_loss":0,"cards_upgraded":["Redo","Defend_B"]},{"damage_healed":18,"gold_gain":0,"player_choice":"Healed","damage_taken":0,"max_hp_gain":0,"max_hp_loss":0,"event_name":"The Cleric","floor":12,"gold_loss":35},{"damage_healed":0,"gold_gain":0,"player_choice":"Traded Relic","damage_taken":0,"relics_obtained":["Nloth\u0027s Gift"],"max_hp_gain":0,"max_hp_loss":0,"event_name":"N\u0027loth","floor":19,"relics_lost":["Whetstone"],"gold_loss":0},{"damage_healed":0,"gold_gain":0,"player_choice":"Trade","damage_taken":0,"relics_obtained":["NlothsMask"],"max_hp_gain":0,"max_hp_loss":0,"event_name":"FaceTrader","floor":21,"gold_loss":0}],"is_beta":false,"boss_relics":[{"not_picked":["Pandora\u0027s Box","Runic Dome"],"picked":"Cursed Key"}],"items_purged_floors":[14],"is_endless":false,"potions_floor_spawned":[4,8,16,23,24],"killed_by":"Cultist and Chosen","ascension_level":12}