{"gold_per_floor":[118,118,131,42,61,61,95,95,150,14,14,39,59,86,86,158,158,169,169,0,0,18,35,35,35,35,35,35,35],"floor_reached":29,"playtime":795,"items_purged":["Strike_B"],"score":458,"play_id":"b38fffe3-7727-4d77-b93a-358abcf0ba32","local_time":"20181101224855","is_ascension_mode":true,"campfire_choices":[{"data":"Static Discharge","floor":6,"key":"SMITH"},{"data":"Double Energy","floor":8,"key":"SMITH"},{"data":"Go for the Eyes","floor":15,"key":"SMITH"},{"floor":24,"key":"REST"},{"data":"Hyperbeam","floor":28,"key":"SMITH"}],"neow_cost":"NONE","seed_source_timestamp":1996080248740227,"circlet_count":0,"master_deck":["AscendersBane","Strike_B","Strike_B","Strike_B","Defend_B","Defend_B","Defend_B","Defend_B+1","Zap+1","Dualcast+1","Cold Snap","Loop","Static Discharge+1","Compile Driver","Double Energy+1","Go for the Eyes+1","Sweeping Beam","Hyperbeam+1","Echo Form","Writhe","Decay"],"relics":["Cracked Core","NeowsBlessing","Smiling Mask","Centennial Puzzle","Cables","DataDisk","Sozu","War Paint","Nilry\u0027s Codex","Ice Cream","Ornamental Fan"],"potions_floor_usage":[7,7,12,16],"damage_taken":[{"damage":0,"enemies":"2 Louse","floor":1,"turns":1},{"damage":0,"enemies":"Cultist","floor":3,"turns":1},{"damage":0,"enemies":"Jaw Worm","floor":5,"turns":1},{"damage":15,"enemies":"3 Sentries","floor":7,"turns":5},{"damage":24,"enemies":"Gremlin Nob","floor":12,"turns":4},{"damage":3,"enemies":"2 Fungi Beasts","floor":13,"turns":3},{"damage":2,"enemies":"The Guardian","floor":16,"turns":11},{"damage":6,"enemies":"Spheric Guardian","floor":18,"turns":3},{"damage":12,"enemies":"2 Thieves","floor":22,"turns":2},{"damage":8,"enemies":"Chosen and Byrds","floor":23,"turns":4},{"damage":31,"enemies":"Shelled Parasite and Fungi","floor":29,"turns":4}],"seed_played":"112686561218017965","potions_obtained":[{"floor":3,"key":"Block Potion"},{"floor":5,"key":"SkillPotion"},{"floor":7,"key":"EssenceOfSteel"}],"is_trial":false,"path_per_floor":["M","?","M","$","M","R","E","R","T","$","?","E","M","T","R","B",null,"M","?","$","?","M","M","R","?","T","?","R","M"],"character_chosen":"DEFECT","items_purchased":["Static Discharge","LiquidBronze","War Paint"],"campfire_rested":1,"item_purchase_floors":[4,10,20],"current_hp_per_floor":[64,64,64,64,64,64,49,49,49,49,49,25,22,22,22,20,58,52,52,52,31,19,11,32,32,32,32,32,1],"gold":35,"neow_bonus":"THREE_ENEMY_KILL","is_prod":false,"is_daily":false,"chose_seed":false,"campfire_upgraded":4,"win_rate":0,"timestamp":1541126935,"path_taken":["M","?","M","?","M","R","E","R","T","$","?","E","M","?","R","BOSS","M","?","$","?","M","M","R","?","T","?","R","M"],"build_version":"2018-11-01","purchased_purges":1,"victory":false,"max_hp_per_floor":[71,71,71,71,71,71,71,71,71,71,71,71,71,71,71,71,71,71,71,71,71,71,71,71,71,71,71,71,71],"card_choices":[{"not_picked":["Fusion","Beam Cell"],"picked":"Cold Snap","floor":1},{"not_picked":["Melter","Capacitor"],"picked":"Loop","floor":3},{"not_picked":["Doom and Gloom","Ball Lightning"],"picked":"Compile Driver","floor":5},{"not_picked":["Capacitor","Go for the Eyes"],"picked":"Double Energy","floor":7},{"not_picked":["Multi-Cast","Chaos"],"picked":"Go for the Eyes","floor":12},{"not_picked":["Storm","Cold Snap"],"picked":"Sweeping Beam","floor":13},{"not_picked":["Multi-Cast","Thunder Strike"],"picked":"Hyperbeam","floor":16},{"not_picked":["Go for the Eyes","Barrage","Steam"],"picked":"SKIP","floor":18},{"not_picked":["Steam","Hologram"],"picked":"Echo Form","floor":22},{"not_picked":["Sunder","Stack","Leap"],"picked":"SKIP","floor":23}],"player_experience":883914,"relics_obtained":[{"floor":7,"key":"Smiling Mask"},{"floor":9,"key":"Centennial Puzzle"},{"floor":12,"key":"Cables"},{"floor":14,"key":"DataDisk"},{"floor":21,"key":"Nilry\u0027s Codex"},{"floor":26,"key":"Ornamental Fan"}],"event_choices":[{"damage_healed":0,"gold_gain":0,"player_choice":"Forge","damage_taken":0,"max_hp_gain":0,"max_hp_loss":0,"event_name":"Accursed Blacksmith","floor":2,"gold_loss":0,"cards_upgraded":["Zap"]},{"damage_healed":0,"gold_gain":0,"player_choice":"Fled","damage_taken":0,"max_hp_gain":0,"max_hp_loss":0,"event_name":"Scrap Ooze","floor":11,"gold_loss":0},{"damage_healed":0,"gold_gain":0,"player_choice":"Ignored","damage_taken":0,"max_hp_gain":0,"max_hp_loss":0,"event_name":"Vampires","floor":19,"gold_loss":0},{"damage_healed":0,"gold_gain":0,"player_choice":"Obtained Book","damage_taken":21,"max_hp_gain":0,"max_hp_loss":0,"event_name":"Cursed Tome","floor":21,"gold_loss":0},{"damage_healed":0,"gold_gain":0,"player_choice":"Opened","damage_taken":0,"relics_obtained":["Ice Cream"],"max_hp_gain":0,"max_hp_loss":0,"event_name":"The Mausoleum","floor":25,"gold_loss":0,"cards_obtained":["Writhe"]},{"damage_healed":0,"gold_gain":0,"player_choice":"Smashed Altar","damage_taken":0,"max_hp_gain":0,"max_hp_loss":0,"event_name":"Forgotten Altar","floor":27,"gold_loss":0,"cards_obtained":["Decay"]}],"is_beta":false,"boss_relics":[{"not_picked":["Black Star","Tiny House"],"picked":"Sozu"}],"items_purged_floors":[10],"is_endless":false,"potions_floor_spawned":[3,5,7,18,23],"killed_by":"Shelled Parasite and Fungi","ascension_level":20}