{"path_per_floor":["?","?","?","?","?","?","?","?","?","?","?","?","?","?","?","B",null,"?","?","?","?","?","?","?","?","?","?","?","?","?","?","?","B",null,"?","?","?","?","?","?","?","?","?","?","?"],"character_chosen":"IRONCLAD","items_purchased":["Shrug It Off","True Grit"],"gold_per_floor":[114,64,64,79,94,94,109,169,244,259,99,114,129,144,144,244,244,259,274,274,289,304,319,163,163,213,228,228,72,87,102,102,202,202,217,232,232,247,262,262,292,307,332,347,347],"floor_reached":46,"campfire_rested":0,"playtime":2639,"current_hp_per_floor":[80,80,80,80,80,80,80,80,80,78,78,79,80,80,80,40,80,79,66,66,73,71,57,57,57,57,57,57,57,77,72,72,37,80,80,80,80,80,80,80,71,63,63,39,29],"items_purged":["Strike_R","Strike_R","Strike_R"],"gold":347,"score":404,"play_id":"6ea70582-c962-4097-8318-8e41b0e9f8f2","local_time":"20180302115331","daily_mods":[{"name":"Diverse","description":"Start with 2 cards from another class.","modID":"Diverse","img":{"data":{"file":{"file":{"path":"images\\ui\\run_mods\\diverse.png"},"type":"Internal"},"width":64,"height":64,"format":"RGBA8888","useMipMaps":false,"isPrepared":false},"glTarget":3553,"glHandle":685,"minFilter":"Linear","magFilter":"Linear","uWrap":"ClampToEdge","vWrap":"ClampToEdge"},"positive":true},{"name":"Uncertain Future","description":"The map shows only ?.","modID":"Uncertain Future","img":{"data":{"file":{"file":{"path":"images\\ui\\run_mods\\uncertain_future.png"},"type":"Internal"},"width":64,"height":64,"format":"RGBA8888","useMipMaps":false,"isPrepared":false},"glTarget":3553,"glHandle":679,"minFilter":"Linear","magFilter":"Linear","uWrap":"ClampToEdge","vWrap":"ClampToEdge"},"positive":false},{"name":"Binary","description":"Card rewards contain only 2 cards.","modID":"Binary","img":{"data":{"file":{"file":{"path":"images\\ui\\run_mods\\binary.png"},"type":"Internal"},"width":64,"height":64,"format":"RGBA8888","useMipMaps":false,"isPrepared":false},"glTarget":3553,"glHandle":680,"minFilter":"Linear","magFilter":"Linear","uWrap":"ClampToEdge","vWrap":"ClampToEdge"},"positive":false},{"name":"Vintage","description":"The Merchant\u0027s prices are increased by 25%.","modID":"Vintage","img":{"data":{"file":{"file":{"path":"images\\ui\\run_mods\\vintage.png"},"type":"Internal"},"width":64,"height":64,"format":"RGBA8888","useMipMaps":false,"isPrepared":false},"glTarget":3553,"glHandle":677,"minFilter":"Linear","magFilter":"Linear","uWrap":"ClampToEdge","vWrap":"ClampToEdge"},"positive":false}],"is_prod":false,"is_daily":true,"is_ascension_mode":false,"campfire_upgraded":6,"timestamp":1520009611,"path_taken":["?","?","?","?","?","?","?","?","?","?","?","?","?","?","?","BOSS","?","?","?","?","?","?","?","?","?","?","?","?","?","?","?","BOSS","?","?","?","?","?","?","?","?","?","?","?","?"],"build_version":"2018-03-01-PROD1","purchased_purges":3,"victory":false,"master_deck":["Defend_R","Defend_R","Defend_R","Defend_R","Bash+1","Bouncing Flask","Bouncing Flask","Battle Trance+1","Body Slam+1","Shockwave+1","Shrug It Off","Iron Wave","Armaments+1","Reaper","Cleave+1","Ghostly Armor+1","Clothesline+1","Feel No Pain+1","True Grit+1","Writhe","Pommel Strike+1","Wild Strike+1","Pain","Metallicize","Madness","Madness"],"max_hp_per_floor":[80,80,80,80,80,80,80,80,80,80,80,80,80,80,80,80,80,80,80,80,80,80,80,80,80,80,80,80,80,80,80,80,80,80,80,80,80,80,80,80,80,80,80,80,80],"relics":["Burning Blood","Tiny Chest","Gremlin Horn","Cursed Key","Regal Pillow","Snecko Eye","Pantograph","Omamori"],"card_choices":[{"not_picked":["Body Slam"],"picked":"Battle Trance"},{"not_picked":["Sentinel"],"picked":"Body Slam"},{"not_picked":["Clothesline"],"picked":"Shockwave"},{"not_picked":["Heavy Blade"],"picked":"Iron Wave"},{"not_picked":["Combust"],"picked":"Armaments"},{"not_picked":["Impervious"],"picked":"Reaper"},{"not_picked":["Perfected Strike"],"picked":"Cleave"},{"not_picked":["Clash"],"picked":"Ghostly Armor"},{"not_picked":["Iron Wave"],"picked":"Clothesline"},{"not_picked":["Sword Boomerang"],"picked":"Feel No Pain"},{"not_picked":["Dual Wield"],"picked":"Pommel Strike"},{"not_picked":["Twin Strike"],"picked":"Wild Strike"},{"not_picked":["Carnage"],"picked":"Metallicize"}],"player_experience":301407,"potions_floor_usage":[14,18,27,31,38,41,44],"damage_taken":[{"damage":6,"enemies":"Cultist","floor":1,"turns":3},{"damage":6,"enemies":"Jaw Worm","floor":4,"turns":3},{"damage":0,"enemies":"Small Slimes","floor":5,"turns":3},{"damage":5,"enemies":"2 Fungi Beasts","floor":7,"turns":3},{"damage":8,"enemies":"Red Slaver","floor":10,"turns":3},{"damage":5,"enemies":"Looter","floor":12,"turns":3},{"damage":4,"enemies":"Blue Slaver","floor":13,"turns":3},{"damage":0,"enemies":"Gremlin Gang","floor":14,"turns":5},{"damage":46,"enemies":"Slime Boss","floor":16,"turns":13},{"damage":16,"enemies":"3 Byrds","floor":18,"turns":6},{"damage":25,"enemies":"Chosen","floor":19,"turns":4},{"damage":6,"enemies":"Snecko","floor":21,"turns":4},{"damage":15,"enemies":"Cultist and Chosen","floor":22,"turns":6},{"damage":20,"enemies":"Slaver and Parasite","floor":23,"turns":8},{"damage":10,"enemies":"Snake Plant","floor":27,"turns":4},{"damage":0,"enemies":"Centurion and Healer","floor":30,"turns":9},{"damage":11,"enemies":"Cultist and Chosen","floor":31,"turns":8},{"damage":51,"enemies":"Automaton","floor":33,"turns":13},{"damage":0,"enemies":"3 Shapes","floor":35,"turns":5},{"damage":2,"enemies":"Orb Walker","floor":36,"turns":4},{"damage":5,"enemies":"Sphere and 2 Shapes","floor":38,"turns":5},{"damage":2,"enemies":"4 Shapes","floor":39,"turns":6},{"damage":20,"enemies":"2 Orb Walkers","floor":41,"turns":6},{"damage":21,"enemies":"Maw","floor":42,"turns":7},{"damage":30,"enemies":"Sphere and 2 Shapes","floor":44,"turns":4},{"damage":47,"enemies":"3 Darklings","floor":46,"turns":2}],"event_choices":[{"event_name":"The Cleric","player_choice":"Card Removal","floor":2,"damage_taken":0},{"event_name":"Bonfire Elementals","player_choice":"BASIC","floor":3,"damage_taken":0},{"event_name":"Dead Adventurer","player_choice":"Searched \u00272\u0027 times","floor":8,"damage_taken":0},{"event_name":"Upgrade Shrine","player_choice":"Upgraded","floor":20,"damage_taken":0},{"event_name":"The Woman in Blue","player_choice":"Bought 0 Potions","floor":37,"damage_taken":0},{"event_name":"Winding Halls","player_choice":"Embrace Madness","floor":45,"damage_taken":0}],"boss_relics":[{"not_picked":["Question Card","Velvet Choker"],"picked":"Cursed Key"},{"not_picked":["White Beast Statue","Calling Bell"],"picked":"Snecko Eye"}],"potions_floor_spawned":[4,5,7,12,16,19,21,33,36,42],"seed_played":"-4064848218327866266","killed_by":"3 Darklings","ascension_level":0,"is_trial":false}