{"gold_per_floor":[118,135,146,164,179,179,204,6,6,6,6,33,33,63,63,63],"floor_reached":16,"playtime":630,"items_purged":["Strike_G"],"score":234,"play_id":"b78c28e1-be81-4a38-a36c-b91d05a1aa75","local_time":"20181021201132","is_ascension_mode":true,"campfire_choices":[{"data":"Sucker Punch","floor":6,"key":"SMITH"},{"data":"Cloak And Dagger","floor":11,"key":"SMITH"},{"data":"Dagger Spray","floor":15,"key":"SMITH"}],"neow_cost":"NONE","seed_source_timestamp":1036380801398024,"circlet_count":0,"master_deck":["Defend_G","Defend_G","Defend_G","Defend_G","Defend_G","Strike_G","Strike_G","Strike_G","Strike_G","Survivor","Neutralize","AscendersBane","Dagger Spray+1","Sucker Punch+1","Finisher+1","Cloak And Dagger+1","Crippling Poison","Backstab","Slice+1","Tools of the Trade"],"relics":["Ring of the Snake","Ancient Tea Set","Molten Egg 2","Strawberry","Thread and Needle"],"potions_floor_usage":[4,7,7,12],"damage_taken":[{"damage":3,"enemies":"Small Slimes","floor":1,"turns":4},{"damage":0,"enemies":"2 Louse","floor":2,"turns":2},{"damage":2,"enemies":"Jaw Worm","floor":3,"turns":5},{"damage":2,"enemies":"2 Fungi Beasts","floor":4,"turns":4},{"damage":3,"enemies":"Looter","floor":5,"turns":4},{"damage":12,"enemies":"Lagavulin","floor":7,"turns":6},{"damage":25,"enemies":"Gremlin Nob","floor":12,"turns":5},{"damage":7,"enemies":"3 Sentries","floor":14,"turns":9},{"damage":28,"enemies":"Hexaghost","floor":16,"turns":11}],"seed_played":"3653882930001157280","potions_obtained":[{"floor":0,"key":"GhostInAJar"},{"floor":0,"key":"GhostInAJar"},{"floor":5,"key":"Fire Potion"},{"floor":12,"key":"FairyPotion"}],"is_trial":false,"path_per_floor":["M","M","M","M","M","R","E","$","T","?","R","E","?","E","R"],"character_chosen":"THE_SILENT","items_purchased":["Backstab","GhostInAJar"],"campfire_rested":0,"item_purchase_floors":[8,8],"current_hp_per_floor":[56,56,54,52,49,49,37,37,37,37,37,19,19,12,12,0],"gold":63,"neow_bonus":"THREE_SMALL_POTIONS","is_prod":false,"is_daily":false,"chose_seed":false,"campfire_upgraded":3,"win_rate":0,"timestamp":1540167092,"path_taken":["M","M","M","M","M","R","E","$","T","?","R","E","?","E","R","BOSS"],"build_version":"2018-10-18","purchased_purges":1,"victory":false,"max_hp_per_floor":[66,66,66,66,66,66,66,66,66,66,66,73,73,73,73,73],"card_choices":[{"not_picked":["Caltrops","Flechettes"],"picked":"Dagger Spray","floor":1},{"not_picked":["Acrobatics","Concentrate"],"picked":"Sucker Punch","floor":2},{"not_picked":["Bane","Dagger Throw","PiercingWail"],"picked":"SKIP","floor":3},{"not_picked":["Bane","Backflip"],"picked":"Finisher","floor":4},{"not_picked":["Quick Slash","Bane"],"picked":"Cloak And Dagger","floor":5},{"not_picked":["Accuracy","Escape Plan"],"picked":"Crippling Poison","floor":7},{"not_picked":["Concentrate","Deflect"],"picked":"Slice+1","floor":12},{"not_picked":["Underhanded Strike+1","Dagger Throw+1"],"picked":"Tools of the Trade","floor":14}],"player_experience":789699,"relics_obtained":[{"floor":7,"key":"Ancient Tea Set"},{"floor":9,"key":"Molten Egg 2"},{"floor":12,"key":"Strawberry"},{"floor":14,"key":"Thread and Needle"}],"event_choices":[{"damage_healed":0,"gold_gain":0,"player_choice":"Leave","damage_taken":0,"max_hp_gain":0,"max_hp_loss":0,"event_name":"The Cleric","floor":10,"gold_loss":0},{"damage_healed":0,"gold_gain":0,"player_choice":"Grow","damage_taken":0,"max_hp_gain":0,"max_hp_loss":0,"event_name":"Living Wall","floor":13,"gold_loss":0,"cards_upgraded":["Finisher"]}],"is_beta":false,"boss_relics":[],"items_purged_floors":[8],"is_endless":false,"potions_floor_spawned":[3,5,12],"killed_by":"Hexaghost","ascension_level":19}