{"path_per_floor":["M","M","$","M","M","R","M","M","T","R","M","R","E","M","R","B",null,"M","?","$","M"],"character_chosen":"IRONCLAD","items_purchased":["Pommel Strike"],"gold_per_floor":[114,124,26,44,54,54,70,90,143,143,162,162,189,202,202,305,305,320,320,220,235],"floor_reached":22,"campfire_rested":0,"playtime":939,"current_hp_per_floor":[72,66,66,72,68,68,74,73,73,73,77,77,70,71,71,60,73,51,51,51,21],"items_purged":["Parasite","Strike_R"],"gold":235,"score":285,"play_id":"72a115cb-b025-4093-ba08-365bc5a9e390","is_prod":false,"is_daily":false,"is_ascension_mode":true,"campfire_upgraded":4,"path_taken":["M","M","?","M","M","R","M","?","T","R","M","R","E","M","R","BOSS","M","?","$","M","M"],"build_version":"2018-02-22-PROD2","purchased_purges":2,"victory":false,"master_deck":["Strike_R","Strike_R","Strike_R","Strike_R","Defend_R","Defend_R","Defend_R","Defend_R","Bash","Flex","Thunderclap","Headbutt","Pommel Strike+1","Sword Boomerang","Armaments+1","True Grit+1","Heavy Blade","Limit Break+1","Offering"],"max_hp_per_floor":[80,80,77,77,77,77,77,77,77,77,77,77,77,77,77,77,77,77,77,77,77],"relics":["Burning Blood","Vajra","Frozen Egg 2","White Beast Statue","Regal Pillow"],"card_choices":[{"not_picked":["Sword Boomerang","Headbutt"],"picked":"Flex"},{"not_picked":["Heavy Blade","Cleave"],"picked":"Thunderclap"},{"not_picked":["Thunderclap","Corruption"],"picked":"Headbutt"},{"not_picked":["Cleave","Intimidate"],"picked":"Sword Boomerang"},{"not_picked":["Searing Blow","Dropkick"],"picked":"Armaments"},{"not_picked":["Hemokinesis","Havoc"],"picked":"True Grit"},{"not_picked":["Clash","Wild Strike"],"picked":"Heavy Blade"},{"not_picked":["Clash","Carnage"],"picked":"Limit Break"},{"not_picked":["Berserk","Immolate"],"picked":"Offering"}],"player_experience":248633,"potions_floor_usage":[8,13,14,21,22,22],"damage_taken":[{"damage":6,"enemies":"Cultist","floor":1,"turns":4},{"damage":12,"enemies":"Jaw Worm","floor":2,"turns":2},{"damage":0,"enemies":"Small Slimes","floor":4,"turns":2},{"damage":10,"enemies":"3 Louse","floor":5,"turns":4},{"damage":0,"enemies":"Large Slime","floor":7,"turns":4},{"damage":7,"enemies":"Exordium Thugs","floor":8,"turns":3},{"damage":2,"enemies":"Looter","floor":11,"turns":2},{"damage":13,"enemies":"Lagavulin","floor":13,"turns":6},{"damage":5,"enemies":"Gremlin Gang","floor":14,"turns":2},{"damage":17,"enemies":"The Guardian","floor":16,"turns":7},{"damage":28,"enemies":"Shell Parasite","floor":18,"turns":8},{"damage":36,"enemies":"2 Thieves","floor":21,"turns":4},{"damage":27,"enemies":"Slaver and Parasite","floor":22,"turns":2}],"event_choices":[{"event_name":"The Mausoleum","player_choice":"Yes","floor":19,"damage_taken":0}],"boss_relics":[{"not_picked":["Lizard Tail","Runic Cube"],"picked":"White Beast Statue"}],"potions_floor_spawned":[2,4,5,11,16,18,21],"seed_played":"-3750660166331476460","killed_by":"Slaver and Parasite","ascension_level":10,"is_trial":false}