{"gold_per_floor":[112,112,126,141,106,106,71,96,119,153,163,194,212,9,9,106,106,125,125,143,143,68,68,81,40,40,73,73,73],"floor_reached":29,"playtime":1289,"items_purged":["Decay"],"score":418,"play_id":"13b2ae1a-d39f-4d76-93ac-e165742f8613","local_time":"20190220214439","is_ascension_mode":true,"campfire_choices":[{"data":"Zap","floor":6,"key":"SMITH"},{"floor":15,"key":"REST"},{"data":"Stack","floor":23,"key":"SMITH"}],"neow_cost":"NONE","seed_source_timestamp":680968415797626,"circlet_count":0,"master_deck":["AscendersBane","Zap+1","Dualcast+1","Compile Driver","Ball Lightning","Capacitor","Streamline","Auto Shields+1","Glacier","Steam","Reboot","Steam","BootSequence","Core Surge","Meteor Strike","Blizzard","Reinforced Body","Turbo","Genetic Algorithm","Auto Shields","Biased Cognition","Thunder Strike","Stack+1","Gash","Darkness","Defragment","Stack+1"],"relics":["Cracked Core","Lantern","War Paint","Anchor","Runic Capacitor","Pandora\u0027s Box","Nloth\u0027s Gift","Toxic Egg 2","Emotion Chip"],"potions_floor_usage":[8,12,16,29],"damage_taken":[{"damage":9,"enemies":"2 Louse","floor":1,"turns":3},{"damage":0,"enemies":"Small Slimes","floor":3,"turns":2},{"damage":7,"enemies":"Jaw Worm","floor":4,"turns":3},{"damage":11,"enemies":"Lagavulin","floor":8,"turns":7},{"damage":6,"enemies":"3 Sentries","floor":10,"turns":8},{"damage":7,"enemies":"Exordium Wildlife","floor":11,"turns":4},{"damage":26,"enemies":"Gremlin Nob","floor":12,"turns":4},{"damage":0,"enemies":"Exordium Thugs","floor":13,"turns":5},{"damage":22,"enemies":"The Guardian","floor":16,"turns":12},{"damage":0,"enemies":"Spheric Guardian","floor":18,"turns":4},{"damage":0,"enemies":"3 Byrds","floor":20,"turns":5},{"damage":8,"enemies":"Snake Plant","floor":24,"turns":6},{"damage":10,"enemies":"Book of Stabbing","floor":27,"turns":6},{"damage":40,"enemies":"Gremlin Leader","floor":29,"turns":5}],"seed_played":"5651049206561520902","potions_obtained":[{"floor":4,"key":"LiquidBronze"},{"floor":11,"key":"SkillPotion"},{"floor":13,"key":"Energy Potion"},{"floor":20,"key":"Block Potion"},{"floor":24,"key":"Strength Potion"}],"is_trial":false,"path_per_floor":["M","?","M","M","?","R","$","E","T","E","M","E","M","$","R","B",null,"M","?","M","?","$","R","M","$","T","E","?","E"],"character_chosen":"DEFECT","items_purchased":["Auto Shields","Runic Capacitor","Defragment"],"campfire_rested":1,"item_purchase_floors":[7,14,25],"current_hp_per_floor":[59,44,44,37,55,55,55,44,44,38,31,5,5,5,27,5,58,58,58,58,58,58,58,50,50,50,40,40,0],"gold":73,"neow_bonus":"THREE_CARDS","is_prod":false,"is_daily":false,"chose_seed":false,"campfire_upgraded":2,"win_rate":0,"timestamp":1550717079,"path_taken":["M","?","M","M","?","R","?","E","T","E","M","E","M","$","R","BOSS","M","?","?","?","$","R","?","$","T","E","?","E"],"build_version":"2019-01-23","purchased_purges":1,"victory":false,"max_hp_per_floor":[75,75,75,75,75,75,75,75,75,75,75,75,75,75,75,75,75,75,75,75,75,75,75,75,75,75,75,75,75],"card_choices":[{"not_picked":["Leap","Stack"],"picked":"Compile Driver","floor":0},{"not_picked":["Blizzard","Force Field"],"picked":"Ball Lightning","floor":1},{"not_picked":["Stack","Leap"],"picked":"Capacitor","floor":3},{"not_picked":["Steam Power","Rebound"],"picked":"Streamline","floor":4},{"not_picked":["Capacitor","Conserve Battery"],"picked":"Glacier","floor":8},{"not_picked":["Auto Shields","Leap"],"picked":"Steam","floor":10},{"not_picked":["Sweeping Beam","Melter"],"picked":"Reboot","floor":11},{"not_picked":["Rebound","Barrage"],"picked":"Steam","floor":12},{"not_picked":["Blizzard","Steam"],"picked":"BootSequence","floor":13},{"not_picked":["Meteor Strike","Thunder Strike"],"picked":"Core Surge","floor":16},{"not_picked":["Reinforced Body","Sweeping Beam"],"picked":"Stack","floor":18},{"not_picked":["Turbo","Redo"],"picked":"Gash","floor":20},{"not_picked":["Meteor Strike","Fission"],"picked":"Darkness","floor":24},{"not_picked":["Sweeping Beam+1","Core Surge"],"picked":"Stack+1","floor":27}],"player_experience":329202,"relics_obtained":[{"floor":8,"key":"Lantern"},{"floor":9,"key":"War Paint"},{"floor":10,"key":"Anchor"},{"floor":12,"key":"Blue Candle"},{"floor":26,"key":"Toxic Egg 2"},{"floor":27,"key":"Emotion Chip"}],"event_choices":[{"damage_healed":0,"gold_gain":0,"player_choice":"Entered Light","damage_taken":15,"max_hp_gain":0,"max_hp_loss":0,"event_name":"Shining Light","floor":2,"gold_loss":0,"cards_upgraded":["Defend_B","Dualcast"]},{"damage_healed":18,"gold_gain":0,"player_choice":"Healed","damage_taken":0,"max_hp_gain":0,"max_hp_loss":0,"event_name":"The Cleric","floor":5,"gold_loss":35},{"damage_healed":0,"gold_gain":0,"player_choice":"Traded Relic","damage_taken":0,"relics_obtained":["Nloth\u0027s Gift"],"max_hp_gain":0,"max_hp_loss":0,"event_name":"N\u0027loth","floor":19,"relics_lost":["Blue Candle"],"gold_loss":0},{"damage_healed":0,"gold_gain":0,"player_choice":"Cursed","damage_taken":0,"max_hp_gain":0,"max_hp_loss":0,"event_name":"Wheel of Change","floor":21,"gold_loss":0,"cards_obtained":["Decay"]},{"damage_healed":0,"gold_gain":0,"player_choice":"Ignored","damage_taken":0,"max_hp_gain":0,"max_hp_loss":0,"event_name":"Ghosts","floor":28,"gold_loss":0}],"is_beta":false,"boss_relics":[{"not_picked":["Snecko Eye","Tiny House"],"picked":"Pandora\u0027s Box"}],"items_purged_floors":[22],"is_endless":false,"potions_floor_spawned":[4,11,13,20,24,27],"killed_by":"Gremlin Leader","ascension_level":12}