{"path_per_floor":["M","M","M","?","$","R","M","M","T","M","R","?","M","M","R","B",null,"M","?","?","$","M","R","M","E","T","R","M","M","R","M","R"],"character_chosen":"IRONCLAD","items_purchased":["Anger","Rampage","Armaments"],"gold_per_floor":[115,129,142,142,15,15,36,57,57,71,71,71,89,112,112,243,243,261,261,261,37,50,50,74,112,138,138,159,184,184,205,205,205],"floor_reached":33,"campfire_rested":5,"playtime":2905,"current_hp_per_floor":[71,71,77,57,57,57,48,54,54,48,48,32,32,38,62,18,80,66,66,66,66,29,53,48,4,4,28,37,16,40,29,53,0],"items_purged":["Strike_R","Strike_R"],"gold":205,"score":263,"play_id":"1ee88d38-7744-48ec-9172-0a4cdedb3eba","local_time":"20180514152705","is_prod":false,"is_daily":false,"chose_seed":false,"is_ascension_mode":false,"campfire_upgraded":2,"timestamp":1526308025,"path_taken":["M","M","M","?","?","R","M","M","T","M","R","?","M","M","R","BOSS","M","?","?","$","M","R","M","E","T","R","M","M","R","M","R","BOSS"],"build_version":"2018-05-10","seed_source_timestamp":189784935855611,"purchased_purges":2,"victory":false,"master_deck":["Strike_R+1","Strike_R","Strike_R","Defend_R","Defend_R","Defend_R","Defend_R","Bash","Entrench+1","Headbutt","Anger+1","Cleave+1","Infernal Blade+1","Berserk","Intimidate+1","Infernal Blade+1","Rampage","Armaments+1","Searing Blow","Flame Barrier+1","Rage+1"],"max_hp_per_floor":[80,80,80,80,80,80,80,80,80,80,80,80,80,80,80,80,80,80,80,80,80,80,80,80,80,80,80,80,80,80,80,80,80],"relics":["Bronze Scales","Golden Idol","Toxic Egg 2","Lizard Tail","Nloth\u0027s Gift","Ancient Tea Set","Oddly Smooth Stone"],"card_choices":[{"not_picked":["Metallicize","Spot Weakness"],"picked":"Entrench","floor":2},{"not_picked":["Iron Wave","True Grit"],"picked":"Headbutt","floor":3},{"not_picked":["True Grit","Clash"],"picked":"Cleave","floor":8},{"not_picked":["Clash","Clothesline"],"picked":"Infernal Blade","floor":10},{"not_picked":["Fiend Fire","Brutality"],"picked":"Berserk","floor":16},{"not_picked":["Shrug It Off","Iron Wave"],"picked":"Intimidate","floor":18},{"not_picked":["Rupture","Pommel Strike"],"picked":"Searing Blow","floor":24},{"not_picked":["Flex","Barricade"],"picked":"Flame Barrier","floor":28},{"not_picked":["Shrug It Off","Rampage"],"picked":"Rage","floor":29}],"player_experience":38536,"potions_floor_usage":[16,16,16,25,29],"damage_taken":[{"damage":15,"enemies":"Small Slimes","floor":1,"turns":4},{"damage":6,"enemies":"Jaw Worm","floor":2,"turns":5},{"damage":0,"enemies":"2 Louse","floor":3,"turns":2},{"damage":15,"enemies":"Exordium Thugs","floor":7,"turns":5},{"damage":0,"enemies":"Looter","floor":8,"turns":4},{"damage":12,"enemies":"3 Louse","floor":10,"turns":2},{"damage":6,"enemies":"Red Slaver","floor":13,"turns":3},{"damage":0,"enemies":"2 Fungi Beasts","floor":14,"turns":2},{"damage":50,"enemies":"Hexaghost","floor":16,"turns":8},{"damage":20,"enemies":"Spheric Guardian","floor":18,"turns":4},{"damage":37,"enemies":"2 Thieves","floor":22,"turns":4},{"damage":9,"enemies":"Snecko","floor":24,"turns":6},{"damage":44,"enemies":"Slavers","floor":25,"turns":6},{"damage":41,"enemies":"Chosen and Byrds","floor":28,"turns":7},{"damage":21,"enemies":"Centurion and Healer","floor":29,"turns":7},{"damage":11,"enemies":"Sentry and Sphere","floor":31,"turns":5},{"damage":53,"enemies":"Collector","floor":33,"turns":8}],"event_choices":[{"event_name":"Golden Idol","player_choice":"Take Damage","floor":4,"damage_taken":0},{"event_name":"Shining Light","player_choice":"Entered Light","floor":12,"damage_taken":0},{"event_name":"N\u0027loth","player_choice":"Traded a Burning Blood","floor":19,"damage_taken":0},{"event_name":"Duplicator","player_choice":"One dupe","floor":20,"damage_taken":0}],"boss_relics":[{"not_picked":["Runic Dome","Eternal Feather"],"picked":"Lizard Tail"}],"potions_floor_spawned":[7,8,13,16,22,25],"seed_played":"-1078538830042108695","killed_by":"Collector","ascension_level":0,"is_trial":false}