{"gold_per_floor":[116,132,132,132,8,39,39,58,58,89,103,103,115,150,150,227,227,238,438,457,471,11,11,46,46,118,136,51,71,85,0,0,79,79,94,44,57,57,69,102,102,136,136,136,136,148,11,26,26,26,26,26,26,60,60],"floor_reached":55,"playtime":3752,"items_purged":["Strike_B","Strike_B+1"],"score":1472,"play_id":"f44c86a5-0d05-4821-87de-95902d44eb78","local_time":"20190321220057","is_ascension_mode":true,"campfire_choices":[{"floor":7,"key":"REST"},{"floor":12,"key":"REST"},{"floor":15,"key":"REST"},{"data":"Fission","floor":23,"key":"SMITH"},{"floor":25,"key":"REST"},{"data":"Defragment","floor":32,"key":"SMITH"},{"data":"Zap","floor":41,"key":"SMITH"},{"floor":49,"key":"RECALL"},{"floor":52,"key":"REST"}],"neow_cost":"NONE","seed_source_timestamp":703263398564939,"circlet_count":0,"master_deck":["AscendersBane","Strike_B+1","Strike_B+1","Defend_B+1","Defend_B+1","Defend_B+1","Zap+1","Dualcast+1","Ball Lightning+1","Coolheaded+1","Chill+1","Darkness+1","Defragment+1","Conserve Battery+1","Genetic Algorithm+1","Genetic Algorithm+1","BootSequence+1","Steam+1","Heatsinks+1","Biased Cognition+1","Storm+1","Hyperbeam+1","Ball Lightning+1","Capacitor+1","Conserve Battery+1","Barrage+1","Chill+1","Cold Snap+1","Coolheaded+1","Fission+1","Compile Driver+1","Undo+1","Go for the Eyes+1","Turbo+1","Glacier+1","Seek+1","Steam+1","Compile Driver+1","Darkness+1","Redo+1","White Noise+1","Hello World+1","Heatsinks+1","Go for the Eyes+1","Consume","Heatsinks+1"],"relics":["Cracked Core","Gremlin Horn","Centennial Puzzle","Mummified Hand","Dream Catcher","Bird Faced Urn","Orrery","OrangePellets","Incense Burner","Pantograph","Frozen Egg 2","Inserter","Anchor","Regal Pillow","Mark of the Bloom","Strawberry"],"potions_floor_usage":[10,11,14,24,24,33,40,50],"damage_taken":[{"damage":7,"enemies":"2 Louse","floor":1,"turns":3},{"damage":0,"enemies":"Small Slimes","floor":2,"turns":3},{"damage":17,"enemies":"Lagavulin","floor":6,"turns":6},{"damage":0,"enemies":"Cultist","floor":8,"turns":3},{"damage":4,"enemies":"3 Sentries","floor":10,"turns":7},{"damage":8,"enemies":"Gremlin Gang","floor":11,"turns":5},{"damage":0,"enemies":"3 Louse","floor":13,"turns":4},{"damage":32,"enemies":"Gremlin Nob","floor":14,"turns":4},{"damage":30,"enemies":"Hexaghost","floor":16,"turns":11},{"damage":19,"enemies":"3 Byrds","floor":18,"turns":3},{"damage":1,"enemies":"Shell Parasite","floor":20,"turns":7},{"damage":15,"enemies":"Sentry and Sphere","floor":21,"turns":6},{"damage":47,"enemies":"Gremlin Leader","floor":24,"turns":6},{"damage":16,"enemies":"Cultist and Chosen","floor":27,"turns":6},{"damage":0,"enemies":"Shelled Parasite and Fungi","floor":29,"turns":7},{"damage":0,"enemies":"3 Cultists","floor":30,"turns":7},{"damage":38,"enemies":"Champ","floor":33,"turns":21},{"damage":24,"enemies":"Orb Walker","floor":35,"turns":6},{"damage":0,"enemies":"3 Darklings","floor":37,"turns":7},{"damage":1,"enemies":"Writhing Mass","floor":39,"turns":6},{"damage":5,"enemies":"Reptomancer","floor":40,"turns":8},{"damage":5,"enemies":"Giant Head","floor":42,"turns":12},{"damage":0,"enemies":"Transient","floor":46,"turns":6},{"damage":0,"enemies":"4 Shapes","floor":48,"turns":2},{"damage":8,"enemies":"Donu and Deca","floor":50,"turns":9},{"damage":50,"enemies":"Shield and Spear","floor":54,"turns":8},{"damage":9,"enemies":"The Heart","floor":55,"turns":6}],"seed_played":"8221770587624865803","potions_obtained":[{"floor":2,"key":"SkillPotion"},{"floor":4,"key":"Fire Potion"},{"floor":8,"key":"FocusPotion"},{"floor":11,"key":"FearPotion"},{"floor":27,"key":"Energy Potion"},{"floor":29,"key":"FearPotion"},{"floor":30,"key":"LiquidBronze"},{"floor":37,"key":"AttackPotion"},{"floor":48,"key":"LiquidBronze"}],"is_trial":false,"path_per_floor":["M","M","?","?","$","E","R","M","T","E","M","R","M","E","R","B",null,"M","?","M","M","$","R","E","R","T","M","?","M","M","?","R","B",null,"M","?","M","$","M","E","R","E","T","?","?","M","$","M","R","B",null,"R","$","E","B"],"character_chosen":"DEFECT","items_purchased":["Darkness","Defragment","Compile Driver","OrangePellets","EssenceOfSteel","Explosive Potion","Heatsinks+1"],"campfire_rested":5,"item_purchase_floors":[5,5,22,22,22,22,47],"current_hp_per_floor":[57,57,39,39,39,22,43,43,43,39,31,52,52,20,41,19,58,49,49,56,49,49,49,10,31,31,25,25,35,45,45,45,35,62,48,48,58,58,67,71,71,66,66,66,66,66,66,66,66,58,58,58,58,8,0],"gold":60,"neow_bonus":"THREE_CARDS","is_prod":false,"is_daily":false,"chose_seed":false,"campfire_upgraded":3,"win_rate":0,"timestamp":1553220057,"path_taken":["M","M","?","?","$","E","R","M","T","E","M","R","M","E","R","BOSS","M","?","M","?","$","R","E","R","T","M","?","M","M","?","R","BOSS","M","?","?","$","M","E","R","E","T","?","?","M","$","M","R","BOSS","R","$","E","BOSS"],"build_version":"2019-01-23","purchased_purges":2,"victory":false,"max_hp_per_floor":[71,71,71,71,71,71,71,71,71,71,71,71,71,71,71,71,71,71,71,71,71,71,71,71,71,71,71,71,71,71,71,71,71,71,71,71,71,71,71,71,71,71,71,71,71,71,71,71,71,71,71,71,71,78,78],"card_choices":[{"not_picked":["Hologram","Defragment"],"picked":"Ball Lightning","floor":0},{"not_picked":["Leap","Stack"],"picked":"Coolheaded","floor":1},{"not_picked":["Hologram","Steam Power"],"picked":"Chill","floor":2},{"not_picked":["Leap","Reprogram"],"picked":"Conserve Battery","floor":6},{"not_picked":["Sweeping Beam","Scrape"],"picked":"Genetic Algorithm","floor":8},{"not_picked":["Sweeping Beam","Conserve Battery"],"picked":"Genetic Algorithm","floor":10},{"not_picked":["Turbo","Coolheaded"],"picked":"BootSequence","floor":11},{"not_picked":["Blizzard","Reinforced Body"],"picked":"Steam","floor":12},{"not_picked":["Sunder","Streamline"],"picked":"Heatsinks","floor":13},{"not_picked":["Coolheaded","Capacitor"],"picked":"Biased Cognition","floor":14},{"not_picked":["Rebound","Conserve Battery"],"picked":"Storm","floor":15},{"not_picked":["Multi-Cast","Seek"],"picked":"Hyperbeam","floor":16},{"not_picked":["Melter","Rebound"],"picked":"Ball Lightning","floor":17},{"not_picked":["Storm","Double Energy"],"picked":"Capacitor","floor":17},{"not_picked":["Ball Lightning","Gash"],"picked":"Conserve Battery","floor":17},{"not_picked":["Sweeping Beam","Chill"],"picked":"Barrage","floor":17},{"not_picked":["Beam Cell","Redo"],"picked":"Chill","floor":17},{"not_picked":["Heatsinks","Chaos"],"picked":"Cold Snap","floor":18},{"not_picked":["Aggregate","Rebound+1"],"picked":"Coolheaded","floor":20},{"not_picked":["Steam","Coolheaded"],"picked":"Fission","floor":21},{"not_picked":["Reprogram","Rebound"],"picked":"Undo+1","floor":24},{"not_picked":["Beam Cell","Rebound"],"picked":"Go for the Eyes","floor":25},{"not_picked":["Reprogram+1","Undo","Barrage"],"picked":"SKIP","floor":27},{"not_picked":["Rebound+1","Hologram"],"picked":"Turbo","floor":29},{"not_picked":["Rebound","Recycle+1"],"picked":"Glacier","floor":30},{"not_picked":["Hyperbeam","Multi-Cast"],"picked":"Seek","floor":33},{"not_picked":["Chaos+1","Recycle"],"picked":"Steam","floor":35},{"not_picked":["Coolheaded+1","Steam"],"picked":"Compile Driver+1","floor":37},{"not_picked":["Coolheaded","Recycle"],"picked":"Darkness","floor":39},{"not_picked":["Amplify","Go for the Eyes"],"picked":"Redo+1","floor":40},{"not_picked":["Cold Snap","Steam"],"picked":"White Noise","floor":42},{"not_picked":["Chaos","Go for the Eyes"],"picked":"Hello World+1","floor":46},{"not_picked":["Coolheaded","Melter"],"picked":"Go for the Eyes+1","floor":48},{"not_picked":["Stack","Leap"],"picked":"Consume","floor":52},{"not_picked":["Steam","Genetic Algorithm+1"],"picked":"Heatsinks+1","floor":54}],"player_experience":459839,"relics_obtained":[{"floor":6,"key":"Centennial Puzzle"},{"floor":9,"key":"Mummified Hand"},{"floor":10,"key":"Dream Catcher"},{"floor":14,"key":"Bird Faced Urn"},{"floor":24,"key":"Incense Burner"},{"floor":26,"key":"Pantograph"},{"floor":40,"key":"Anchor"},{"floor":42,"key":"Regal Pillow"},{"floor":54,"key":"Strawberry"}],"event_choices":[{"damage_healed":0,"gold_gain":0,"player_choice":"Success","damage_taken":18,"relics_obtained":["Gremlin Horn"],"max_hp_gain":0,"max_hp_loss":0,"event_name":"Scrap Ooze","floor":3,"gold_loss":0},{"damage_healed":0,"gold_gain":0,"player_choice":"Got Potions","damage_taken":0,"max_hp_gain":0,"max_hp_loss":0,"event_name":"Lab","floor":4,"gold_loss":0},{"damage_healed":0,"gold_gain":200,"player_choice":"Gold","damage_taken":0,"max_hp_gain":0,"max_hp_loss":0,"event_name":"Wheel of Change","floor":19,"gold_loss":0},{"damage_healed":0,"gold_gain":0,"player_choice":"Obtained Relic","damage_taken":0,"relics_obtained":["Frozen Egg 2"],"max_hp_gain":0,"max_hp_loss":0,"event_name":"Addict","floor":28,"gold_loss":85},{"damage_healed":0,"gold_gain":0,"player_choice":"Paid Fearfully","damage_taken":0,"max_hp_gain":0,"max_hp_loss":0,"event_name":"Masked Bandits","floor":31,"gold_loss":85},{"damage_healed":0,"gold_gain":0,"player_choice":"Upgrade","damage_taken":0,"max_hp_gain":0,"max_hp_loss":0,"event_name":"Designer","floor":36,"gold_loss":50,"cards_upgraded":["Heatsinks"]},{"damage_healed":0,"gold_gain":0,"player_choice":"Upgrade","damage_taken":0,"relics_obtained":["Mark of the Bloom"],"max_hp_gain":0,"max_hp_loss":0,"event_name":"MindBloom","floor":44,"gold_loss":0,"cards_upgraded":["Strike_B","Strike_B","Strike_B","Defend_B","Defend_B","Defend_B","Defend_B","Dualcast","Ball Lightning","Coolheaded","Chill","Darkness","Conserve Battery","Genetic Algorithm","Genetic Algorithm","BootSequence","Steam","Biased Cognition","Storm","Hyperbeam","Ball Lightning","Capacitor","Conserve Battery","Barrage","Chill","Cold Snap","Coolheaded","Compile Driver","Go for the Eyes","Turbo","Glacier","Seek","Steam","Darkness","White Noise"]},{"cards_removed":["Defend_B"],"damage_healed":0,"gold_gain":0,"player_choice":"Removed Skill","damage_taken":0,"max_hp_gain":0,"max_hp_loss":0,"event_name":"Falling","floor":45,"gold_loss":0}],"is_beta":false,"boss_relics":[{"not_picked":["Philosopher\u0027s Stone","Calling Bell"],"picked":"Orrery"},{"not_picked":["Velvet Choker","Runic Dome"],"picked":"Inserter"}],"items_purged_floors":[22,47],"is_endless":false,"potions_floor_spawned":[2,8,11,27,29,30,37,39,48],"killed_by":"The Heart","ascension_level":19}