{"path_per_floor":["M","M","?","?","M","E","R","M","T","M","?","M","T","E","R","B",null,"M","?","M","M","?"],"character_chosen":"THE_SILENT","items_purchased":[],"gold_per_floor":[115,128,128,128,140,171,171,171,171,182,147,163,188,221,221,321,321,332,332,350,370,285],"floor_reached":23,"campfire_rested":0,"playtime":1937,"current_hp_per_floor":[70,70,70,75,72,60,60,60,70,63,84,84,84,64,64,27,85,61,45,45,27,27],"items_purged":[],"gold":285,"score":228,"play_id":"08e5c73c-f8cc-44a3-96b0-eb9a33bdd508","is_prod":false,"is_daily":false,"is_ascension_mode":false,"campfire_upgraded":2,"path_taken":["M","M","?","?","M","E","R","M","T","M","?","?","?","E","R","BOSS","M","?","M","?","?","E"],"build_version":"2018-02-15-PROD1","purchased_purges":0,"victory":false,"master_deck":["Defend_G","Defend_G","Defend_G","Defend_G","Defend_G","Strike_G","Strike_G","Strike_G","Strike_G","Strike_G","Survivor","Neutralize+1","Deadly Poison","Terror+1","Poisoned Stab","Blur","Escape Plan","Deflect","Dash","Distraction+1","Venomology","Noxious Fumes","Unload","Flying Knee+1"],"max_hp_per_floor":[70,70,70,75,75,75,75,75,85,85,85,85,85,85,85,85,85,85,90,90,90,90],"relics":["Ring of the Snake","Ninja Scroll","Pear","Anchor","Tough Bandages","Black Star","Blood Vial"],"card_choices":[{"not_picked":["Glass Knife","Heel Hook"],"picked":"Deadly Poison"},{"not_picked":["Choke","Escape Plan"],"picked":"Terror"},{"not_picked":["Blade Dance","Quick Slash"],"picked":"Poisoned Stab"},{"not_picked":["Slice","Heel Hook"],"picked":"Blur"},{"not_picked":["Predator","Deadly Poison"],"picked":"Escape Plan"},{"not_picked":["Blur","Sucker Punch"],"picked":"Deflect"},{"not_picked":["Riddle With Holes","Dagger Throw"],"picked":"Dash"},{"not_picked":["Dagger Spray","Choke"],"picked":"Distraction"},{"not_picked":["Phantasmal Killer","Envenom"],"picked":"Venomology"},{"not_picked":["Sucker Punch","Slice"],"picked":"Noxious Fumes"},{"not_picked":["Deadly Poison","Deflect"],"picked":"Unload"},{"not_picked":["Quick Slash","Sucker Punch"],"picked":"Flying Knee"}],"player_experience":11651,"potions_floor_usage":[6,6,16,16,20,20,20,21,23,23],"damage_taken":[{"damage":0,"enemies":"Small Slimes","floor":1,"turns":5},{"damage":0,"enemies":"2 Louse","floor":2,"turns":3},{"damage":3,"enemies":"Jaw Worm","floor":5,"turns":3},{"damage":12,"enemies":"3 Sentries","floor":6,"turns":9},{"damage":0,"enemies":"Blue Slaver","floor":8,"turns":3},{"damage":7,"enemies":"Large Slime","floor":10,"turns":7},{"damage":0,"enemies":"3 Louse","floor":12,"turns":2},{"damage":20,"enemies":"Gremlin Nob","floor":14,"turns":4},{"damage":37,"enemies":"Hexaghost","floor":16,"turns":11},{"damage":24,"enemies":"Spheric Guardian","floor":18,"turns":8},{"damage":0,"enemies":"Chosen","floor":20,"turns":4},{"damage":18,"enemies":"Snecko","floor":21,"turns":6},{"damage":32,"enemies":"Gremlin Leader","floor":23,"turns":6}],"event_choices":[{"event_name":"Liars Game","player_choice":"disagreed","floor":3,"damage_taken":0},{"event_name":"Big Fish","player_choice":"Donut","floor":4,"damage_taken":0},{"event_name":"The Cleric","player_choice":"Healed","floor":11,"damage_taken":0},{"event_name":"Forgotten Altar","player_choice":"Shed Blood","floor":19,"damage_taken":0},{"event_name":"Addict","player_choice":"Obtained Relic","floor":22,"damage_taken":0}],"boss_relics":[{"not_picked":["Sozu","Runic Dome"],"picked":"Black Star"}],"potions_floor_spawned":[2,5,10,14,16,18,21],"seed_played":"8024174463116514236","killed_by":"Gremlin Leader","ascension_level":0,"is_trial":false}