{"gold_per_floor":[110,127,140,22,36,36,98,98,98,98,98],"floor_reached":11,"playtime":391,"items_purged":["Pain"],"score":146,"play_id":"df873d6f-6ce4-4901-a231-84e5b52c7ea9","local_time":"20181022234757","is_ascension_mode":true,"campfire_choices":[{"data":"Battle Trance","floor":6,"key":"SMITH"},{"data":"Whirlwind","floor":10,"key":"SMITH"}],"neow_cost":"CURSE","seed_source_timestamp":1136007395747469,"circlet_count":0,"master_deck":["Strike_R","Strike_R","Strike_R","Strike_R","Strike_R","Defend_R","Defend_R","Defend_R","Defend_R","Bash","AscendersBane","Fiend Fire","Battle Trance+1","Shrug It Off","Flex","Whirlwind+1","Headbutt","Brutality"],"relics":["Burning Blood","Tiny Chest","Toxic Egg 2"],"potions_floor_usage":[7],"damage_taken":[{"damage":17,"enemies":"Jaw Worm","floor":1,"turns":4},{"damage":11,"enemies":"Small Slimes","floor":2,"turns":4},{"damage":1,"enemies":"Cultist","floor":3,"turns":3},{"damage":22,"enemies":"Exordium Wildlife","floor":5,"turns":6},{"damage":27,"enemies":"Lagavulin","floor":7,"turns":4},{"damage":10,"enemies":"3 Sentries","floor":11,"turns":2}],"seed_played":"4096040764100572102","potions_obtained":[{"floor":3,"key":"Poison Potion"},{"floor":7,"key":"SpeedPotion"}],"is_trial":false,"path_per_floor":["M","M","M","$","M","R","E","?","T","R"],"character_chosen":"IRONCLAD","items_purchased":["Whirlwind"],"campfire_rested":0,"item_purchase_floors":[4],"current_hp_per_floor":[57,52,57,57,41,41,20,20,20,20,10],"gold":98,"neow_bonus":"THREE_RARE_CARDS","is_prod":false,"is_daily":false,"chose_seed":false,"campfire_upgraded":2,"win_rate":0,"timestamp":1540266477,"path_taken":["M","M","M","$","M","R","E","?","T","R","E"],"build_version":"2018-10-18","purchased_purges":1,"victory":false,"max_hp_per_floor":[75,75,75,75,75,75,75,75,75,75,75],"card_choices":[{"not_picked":["Limit Break","Juggernaut"],"picked":"Fiend Fire","floor":0},{"not_picked":["True Grit","Sword Boomerang"],"picked":"Battle Trance","floor":1},{"not_picked":["Intimidate","Battle Trance"],"picked":"Shrug It Off","floor":2},{"not_picked":["Havoc","Twin Strike"],"picked":"Flex","floor":3},{"not_picked":["Twin Strike","Flex"],"picked":"Headbutt","floor":5},{"not_picked":["Headbutt","Perfected Strike"],"picked":"Brutality","floor":7}],"player_experience":803556,"relics_obtained":[{"floor":7,"key":"Tiny Chest"},{"floor":9,"key":"Toxic Egg 2"}],"event_choices":[{"damage_healed":0,"gold_gain":0,"player_choice":"Ignored","damage_taken":0,"max_hp_gain":0,"max_hp_loss":0,"event_name":"Golden Idol","floor":8,"gold_loss":0}],"is_beta":false,"boss_relics":[],"items_purged_floors":[4],"is_endless":false,"potions_floor_spawned":[3,7],"killed_by":"3 Sentries","ascension_level":20}