{"gold_per_floor":[117,128,278,278,12,47,47,47,93,118,118,138,138,138,138,138],"floor_reached":16,"playtime":406,"items_purged":[],"score":289,"play_id":"b71c8367-f34b-4561-bfe6-e6cf3aae71ec","local_time":"20190509212739","is_ascension_mode":true,"campfire_choices":[{"data":"Setup","floor":7,"key":"SMITH"},{"data":"Neutralize","floor":11,"key":"SMITH"},{"data":"Prepared","floor":13,"key":"SMITH"},{"data":"Glass Knife","floor":15,"key":"SMITH"}],"neow_cost":"NONE","seed_source_timestamp":357567323234457,"circlet_count":0,"master_deck":["AscendersBane","Defend_G","Defend_G","Defend_G","Defend_G","Defend_G","Strike_G","Strike_G","Strike_G","Strike_G","Strike_G","Survivor","Neutralize+1","Backstab","Calculated Gamble","Doubt","Setup+1","Regret","Prepared+1","Backflip","Glass Knife+1"],"relics":["Ring of the Snake","NeowsBlessing","Centennial Puzzle","Matryoshka","Ninja Scroll","Mercury Hourglass","Smiling Mask","Pear","Bottled Flame"],"potions_floor_usage":[10,10],"damage_taken":[{"damage":0,"enemies":"Small Slimes","floor":1,"turns":1},{"damage":0,"enemies":"Jaw Worm","floor":2,"turns":1},{"damage":0,"enemies":"3 Sentries","floor":6,"turns":1},{"damage":0,"enemies":"Lagavulin","floor":10,"turns":2},{"damage":0,"enemies":"2 Louse","floor":12,"turns":2},{"damage":69,"enemies":"Hexaghost","floor":16,"turns":16}],"seed_played":"-1619457219920177934","potions_obtained":[{"floor":1,"key":"SteroidPotion"},{"floor":2,"key":"FearPotion"}],"is_trial":false,"path_per_floor":["M","M","?","?","$","E","R","?","T","E","R","M","R","?","R","B"],"character_chosen":"THE_SILENT","items_purchased":["Matryoshka"],"campfire_rested":0,"item_purchase_floors":[5],"current_hp_per_floor":[59,59,59,54,54,54,54,54,64,64,64,64,64,64,64,0],"gold":138,"neow_bonus":"THREE_ENEMY_KILL","is_prod":false,"is_daily":false,"chose_seed":false,"campfire_upgraded":4,"win_rate":0,"timestamp":1557462459,"path_taken":["M","M","?","?","$","E","R","?","T","E","R","M","R","?","R","BOSS"],"build_version":"2019-01-23","purchased_purges":0,"victory":false,"max_hp_per_floor":[66,66,66,66,66,66,66,66,76,76,76,76,76,76,76,76],"card_choices":[{"not_picked":["Bane","Skewer"],"picked":"Backstab","floor":1},{"not_picked":["Flying Knee","Underhanded Strike"],"picked":"Calculated Gamble","floor":2},{"not_picked":["Doppelganger","Acrobatics"],"picked":"Setup","floor":6},{"not_picked":["Outmaneuver","Catalyst"],"picked":"Prepared","floor":10},{"not_picked":["Deflect","Poisoned Stab"],"picked":"Backflip","floor":12}],"player_experience":663560,"relics_obtained":[{"floor":6,"key":"Ninja Scroll"},{"floor":9,"key":"Smiling Mask"},{"floor":9,"key":"Pear"},{"floor":10,"key":"Bottled Flame"}],"event_choices":[{"damage_healed":0,"gold_gain":150,"player_choice":"AGREE","damage_taken":0,"max_hp_gain":0,"max_hp_loss":0,"event_name":"Liars Game","floor":3,"gold_loss":0,"cards_obtained":["Doubt"]},{"damage_healed":0,"gold_gain":0,"player_choice":"Success","damage_taken":5,"relics_obtained":["Centennial Puzzle"],"max_hp_gain":0,"max_hp_loss":0,"event_name":"Scrap Ooze","floor":4,"gold_loss":0},{"damage_healed":0,"gold_gain":0,"player_choice":"Box","damage_taken":0,"relics_obtained":["Mercury Hourglass"],"max_hp_gain":0,"max_hp_loss":0,"event_name":"Big Fish","floor":8,"gold_loss":0,"cards_obtained":["Regret"]},{"damage_healed":0,"gold_gain":0,"player_choice":"1 cards matched","damage_taken":0,"max_hp_gain":0,"max_hp_loss":0,"event_name":"Match and Keep!","floor":14,"gold_loss":0,"cards_obtained":["Glass Knife"]}],"is_beta":false,"boss_relics":[],"items_purged_floors":[],"is_endless":false,"potions_floor_spawned":[1,2],"killed_by":"Hexaghost","ascension_level":17}