{"gold_per_floor":[119,136,153,173,248,274,287,287,287,237,255,255,255,60,60,164,164,174,31,31,46,46,46,46],"floor_reached":24,"playtime":1043,"items_purged":[],"score":225,"play_id":"7e6c7bbc-f15f-4ff9-948e-3372bc232197","local_time":"20180625204051","is_ascension_mode":true,"campfire_choices":[{"data":"Streamline","floor":8,"key":"SMITH"},{"data":"Gash","floor":15,"key":"SMITH"},{"data":"Beam Cell","floor":23,"key":"SMITH"}],"neow_cost":"NONE","seed_source_timestamp":817517279124574,"circlet_count":0,"master_deck":["Strike_B","Defend_B","Defend_B","Defend_B","Defend_B","Zap","Dualcast","Chill","Conserve Battery","Gash+1","Streamline+1","Beam Cell+1","Rebound","Thinking Ahead+1","Fission+1","Ball Lightning+1","Storm+1","Gash"],"relics":["Cracked Core","Kunai","Toxic Egg 2","Astrolabe","Orichalcum"],"potions_floor_usage":[6,6,11,21,24],"damage_taken":[{"damage":4,"enemies":"Jaw Worm","floor":1,"turns":4},{"damage":0,"enemies":"2 Louse","floor":2,"turns":2},{"damage":0,"enemies":"Small Slimes","floor":3,"turns":2},{"damage":4,"enemies":"Looter","floor":4,"turns":3},{"damage":31,"enemies":"Lagavulin","floor":6,"turns":7},{"damage":1,"enemies":"2 Fungi Beasts","floor":7,"turns":3},{"damage":12,"enemies":"Exordium Thugs","floor":11,"turns":3},{"damage":44,"enemies":"Hexaghost","floor":16,"turns":10},{"damage":11,"enemies":"Spheric Guardian","floor":18,"turns":4},{"damage":20,"enemies":"2 Thieves","floor":21,"turns":3},{"damage":49,"enemies":"Gremlin Leader","floor":24,"turns":4}],"seed_played":"-395438094133106995","potions_obtained":[{"floor":1,"key":"GamblersBrew"},{"floor":4,"key":"Regen Potion"},{"floor":6,"key":"Poison Potion"},{"floor":16,"key":"Fire Potion"},{"floor":21,"key":"FocusPotion"}],"is_trial":false,"path_per_floor":["M","M","M","M","?","E","M","R","T","?","M","?","?","$","R","B",null,"M","$","?","M","?","R"],"character_chosen":"DEFECT","items_purchased":["Thinking Ahead+1","Orichalcum"],"campfire_rested":0,"item_purchase_floors":[14,19],"current_hp_per_floor":[71,71,71,67,67,50,49,49,49,49,37,62,62,62,62,18,75,64,64,64,44,44,44,0],"gold":46,"neow_bonus":"ONE_RANDOM_RARE_CARD","is_prod":false,"is_daily":false,"chose_seed":false,"campfire_upgraded":3,"win_rate":0,"timestamp":1529973651,"path_taken":["M","M","M","M","?","E","M","R","T","?","M","?","?","$","R","BOSS","M","$","?","M","?","R","E"],"build_version":"2018-06-21v2","purchased_purges":0,"victory":false,"max_hp_per_floor":[75,75,75,75,75,75,75,75,75,75,75,75,75,75,75,75,75,75,75,75,75,75,75,75],"card_choices":[{"not_picked":["Gash","Conserve Battery"],"picked":"Chill","floor":1},{"not_picked":["Beam Cell","Turbo"],"picked":"Conserve Battery","floor":2},{"not_picked":["Scrape","Rip and Tear"],"picked":"Gash","floor":3},{"not_picked":["Cold Snap","Beam Cell"],"picked":"Streamline","floor":4},{"not_picked":["Undo","Darkness","Fusion"],"picked":"SKIP","floor":6},{"not_picked":["Ball Lightning","Compile Driver"],"picked":"Beam Cell","floor":7},{"not_picked":["Meteor Strike","Cold Snap"],"picked":"Rebound","floor":11},{"not_picked":["Cold Snap","Darkness+1"],"picked":"Gash","floor":18},{"not_picked":["Melter","Streamline","Aggregate+1"],"picked":"SKIP","floor":21}],"player_experience":310283,"relics_obtained":[{"floor":6,"key":"Kunai"},{"floor":9,"key":"Toxic Egg 2"}],"event_choices":[{"event_name":"Golden Wing","player_choice":"Gained Gold","floor":5,"damage_taken":0},{"event_name":"The Cleric","player_choice":"Card Removal","floor":10,"damage_taken":0},{"event_name":"Big Fish","player_choice":"Banana","floor":12,"damage_taken":0},{"event_name":"Dead Adventurer","player_choice":"Searched \u00271\u0027 times","floor":13,"damage_taken":0},{"event_name":"N\u0027loth","player_choice":"Ignored","floor":20,"damage_taken":0},{"event_name":"Addict","player_choice":"Ignored","floor":22,"damage_taken":0}],"boss_relics":[{"not_picked":["Runic Dome","Sozu"],"picked":"Astrolabe"}],"items_purged_floors":[],"is_endless":false,"potions_floor_spawned":[1,4,6,16,21],"killed_by":"Gremlin Leader","ascension_level":3}