{"gold_per_floor":[111,186,186,30,50,86,154,189,216,230,263,282,297,336,336,434,434,459,459,459,15,36,36,79,92,92,92,125,125,125,168,168,168],"floor_reached":33,"playtime":2875,"items_purged":["Injury"],"score":751,"play_id":"dfb66025-6917-4653-af5c-8150b9574fe7","local_time":"20190509212026","is_ascension_mode":true,"campfire_choices":[{"floor":15,"key":"REST"},{"floor":23,"key":"REST"},{"floor":27,"key":"REST"},{"data":"Concentrate","floor":32,"key":"SMITH"}],"neow_cost":"NONE","seed_source_timestamp":354664708576963,"circlet_count":0,"master_deck":["AscendersBane","Defend_G+1","Defend_G+1","Defend_G+1","Strike_G+1","Strike_G+1","Strike_G+1","Strike_G+1","Survivor","Neutralize","Expertise","Concentrate+1","Underhanded Strike","Die Die Die","Infinite Blades","Tactician","Dash","Bouncing Flask","Unload","Predator","Corpse Explosion","Eviscerate+1","Tactician+1","Noxious Fumes+1","Acrobatics","Noxious Fumes","Dodge and Roll","Escape Plan","Accuracy","Doppelganger","Backflip","Choke"],"relics":["Ring of the Snake","NeowsBlessing","Golden Idol","PreservedInsect","Pantograph","Letter Opener","Pen Nib","Orichalcum","Snake Skull","Astrolabe","Bird Faced Urn","Centennial Puzzle","Potion Belt","Strawberry","MutagenicStrength","Darkstone Periapt"],"potions_floor_usage":[8,13,16,24,25,25,28],"damage_taken":[{"damage":0,"enemies":"Cultist","floor":1,"turns":1},{"damage":0,"enemies":"Small Slimes","floor":5,"turns":1},{"damage":0,"enemies":"Gremlin Nob","floor":6,"turns":1},{"damage":25,"enemies":"Lagavulin","floor":8,"turns":6},{"damage":2,"enemies":"Jaw Worm","floor":10,"turns":4},{"damage":0,"enemies":"3 Sentries","floor":11,"turns":2},{"damage":5,"enemies":"Blue Slaver","floor":12,"turns":3},{"damage":0,"enemies":"Gremlin Gang","floor":13,"turns":2},{"damage":2,"enemies":"Gremlin Nob","floor":14,"turns":3},{"damage":3,"enemies":"The Guardian","floor":16,"turns":9},{"damage":10,"enemies":"Chosen","floor":18,"turns":4},{"damage":21,"enemies":"Spheric Guardian","floor":22,"turns":4},{"damage":0,"enemies":"Slavers","floor":24,"turns":1},{"damage":16,"enemies":"Snake Plant","floor":25,"turns":2},{"damage":5,"enemies":"Gremlin Leader","floor":28,"turns":3},{"damage":15,"enemies":"Slavers","floor":31,"turns":2},{"damage":96,"enemies":"Collector","floor":33,"turns":6}],"seed_played":"1144433567413344625","potions_obtained":[{"floor":1,"key":"Fire Potion"},{"floor":8,"key":"EssenceOfSteel"},{"floor":11,"key":"SteroidPotion"},{"floor":13,"key":"Fire Potion"},{"floor":22,"key":"Fire Potion"},{"floor":24,"key":"GamblersBrew"},{"floor":25,"key":"SkillPotion"}],"is_trial":false,"path_per_floor":["M","?","?","$","M","E","T","E","T","M","E","M","M","E","R","B",null,"M","?","?","$","M","R","E","M","T","R","E","?","?","E","R","B"],"character_chosen":"THE_SILENT","items_purchased":["Concentrate","Bird Faced Urn","Noxious Fumes","Dodge and Roll"],"campfire_rested":3,"item_purchase_floors":[4,21,21,21],"current_hp_per_floor":[59,48,48,48,48,48,48,23,23,21,21,16,16,14,33,55,63,53,53,53,53,38,57,57,43,43,62,72,72,72,62,62,0],"gold":168,"neow_bonus":"THREE_ENEMY_KILL","is_prod":false,"is_daily":false,"chose_seed":false,"campfire_upgraded":1,"win_rate":0,"timestamp":1557462026,"path_taken":["M","?","?","?","M","E","?","E","T","?","E","M","?","E","R","BOSS","M","?","?","$","M","R","E","M","T","R","E","?","?","E","R","BOSS"],"build_version":"2019-01-23","purchased_purges":1,"victory":false,"max_hp_per_floor":[66,66,66,66,66,66,66,66,66,66,66,66,66,66,66,66,66,66,66,66,66,66,66,66,66,66,66,73,73,73,73,73,73],"card_choices":[{"not_picked":["Caltrops","Outmaneuver"],"picked":"Expertise","floor":1},{"not_picked":["Flying Knee","Deadly Poison"],"picked":"Underhanded Strike","floor":5},{"not_picked":["Acrobatics","Footwork"],"picked":"Die Die Die","floor":6},{"not_picked":["Endless Agony","Blade Dance"],"picked":"Infinite Blades","floor":8},{"not_picked":["All Out Attack","Prepared"],"picked":"Tactician","floor":10},{"not_picked":["Outmaneuver","Poisoned Stab"],"picked":"Dash","floor":11},{"not_picked":["Expertise","Catalyst"],"picked":"Bouncing Flask","floor":12},{"not_picked":["Deflect","PiercingWail"],"picked":"Unload","floor":13},{"not_picked":["Finisher","Riddle With Holes"],"picked":"Predator","floor":14},{"not_picked":["Doppelganger","Phantasmal Killer"],"picked":"Corpse Explosion","floor":16},{"not_picked":["Poisoned Stab+1","Tactician"],"picked":"Acrobatics","floor":18},{"not_picked":["PiercingWail","Deflect"],"picked":"Escape Plan","floor":22},{"not_picked":["Slice","Flying Knee"],"picked":"Accuracy","floor":24},{"not_picked":["Dagger Spray+1","Acrobatics"],"picked":"Doppelganger","floor":25},{"not_picked":["Poisoned Stab+1","PiercingWail"],"picked":"Backflip","floor":28},{"not_picked":["Masterful Stab","Quick Slash"],"picked":"Choke","floor":31}],"player_experience":660675,"relics_obtained":[{"floor":6,"key":"PreservedInsect"},{"floor":7,"key":"Pantograph"},{"floor":8,"key":"Letter Opener"},{"floor":9,"key":"Pen Nib"},{"floor":11,"key":"Orichalcum"},{"floor":14,"key":"Snake Skull"},{"floor":24,"key":"Centennial Puzzle"},{"floor":26,"key":"Potion Belt"},{"floor":28,"key":"Strawberry"},{"floor":31,"key":"Darkstone Periapt"}],"event_choices":[{"damage_healed":0,"gold_gain":75,"player_choice":"Gather Gold","damage_taken":11,"max_hp_gain":0,"max_hp_loss":0,"event_name":"World of Goop","floor":2,"gold_loss":0},{"damage_healed":0,"gold_gain":0,"player_choice":"Take Wound","damage_taken":0,"relics_obtained":["Golden Idol"],"max_hp_gain":0,"max_hp_loss":0,"event_name":"Golden Idol","floor":3,"gold_loss":0,"cards_obtained":["Injury"]},{"damage_healed":0,"gold_gain":0,"player_choice":"Ignored","damage_taken":0,"max_hp_gain":0,"max_hp_loss":0,"event_name":"Vampires","floor":19,"gold_loss":0},{"damage_healed":0,"gold_gain":0,"player_choice":"Ignored","damage_taken":0,"max_hp_gain":0,"max_hp_loss":0,"event_name":"Ghosts","floor":20,"gold_loss":0},{"damage_healed":0,"gold_gain":0,"player_choice":"Simplicity","damage_taken":0,"max_hp_gain":0,"max_hp_loss":0,"event_name":"Back to Basics","floor":29,"gold_loss":0,"cards_upgraded":["Defend_G","Defend_G","Defend_G","Strike_G","Strike_G","Strike_G","Strike_G"]},{"damage_healed":0,"gold_gain":0,"player_choice":"Inject Mutagens","damage_taken":0,"relics_obtained":["MutagenicStrength"],"max_hp_gain":0,"max_hp_loss":0,"event_name":"Drug Dealer","floor":30,"gold_loss":0}],"is_beta":false,"boss_relics":[{"not_picked":["Orrery","Runic Dome"],"picked":"Astrolabe"}],"items_purged_floors":[4],"is_endless":false,"potions_floor_spawned":[1,8,11,13,14,22,24,25],"killed_by":"Collector","ascension_level":17}