{"gold_per_floor":[114,114,128,128,143,178,196,222,245,258,258,258,258,333,333,434,434,454,454,98,108,108,136,136,152,152,180,194,206,220,220,220,220],"floor_reached":33,"playtime":1080,"items_purged":["Defend_R"],"score":356,"play_id":"60c79e5a-a5d1-4a36-bc72-74a8d971dea0","local_time":"20190204090747","is_ascension_mode":true,"campfire_choices":[{"data":"Perfected Strike","floor":11,"key":"SMITH"},{"floor":13,"key":"REST"},{"data":"Perfected Strike","floor":15,"key":"SMITH"},{"data":"Dark Shackles","floor":24,"key":"SMITH"},{"data":"Demon Form","floor":32,"key":"SMITH"}],"neow_cost":"NONE","seed_source_timestamp":1525064622773539,"circlet_count":0,"master_deck":["Strike_R","Strike_R","Strike_R","Strike_R","Defend_R+1","Defend_R+1","Perfected Strike+1","Rage+1","Flex+1","Perfected Strike+1","Wild Strike","Pommel Strike","Clash","Impervious","Pommel Strike","Dark Shackles+1","Wild Strike","Demon Form+1","Fire Breathing+1","Perfected Strike+1","Twin Strike"],"relics":["Burning Blood","NeowsBlessing","Question Card","War Paint","Regal Pillow","Runic Dome","Sling","Bag of Preparation","Meat on the Bone","Kunai"],"potions_floor_usage":[6,8],"damage_taken":[{"damage":0,"enemies":"2 Louse","floor":1,"turns":1},{"damage":0,"enemies":"Small Slimes","floor":3,"turns":1},{"damage":0,"enemies":"Cultist","floor":5,"turns":1},{"damage":24,"enemies":"3 Sentries","floor":6,"turns":8},{"damage":8,"enemies":"3 Louse","floor":7,"turns":3},{"damage":32,"enemies":"Lagavulin","floor":8,"turns":6},{"damage":8,"enemies":"Blue Slaver","floor":10,"turns":3},{"damage":21,"enemies":"Hexaghost","floor":16,"turns":7},{"damage":7,"enemies":"2 Thieves","floor":18,"turns":3},{"damage":12,"enemies":"Shell Parasite","floor":21,"turns":3},{"damage":7,"enemies":"Slavers","floor":23,"turns":5},{"damage":21,"enemies":"Centurion and Healer","floor":25,"turns":3},{"damage":37,"enemies":"Gremlin Leader","floor":27,"turns":5},{"damage":0,"enemies":"Snecko","floor":28,"turns":2},{"damage":1,"enemies":"Shelled Parasite and Fungi","floor":29,"turns":3},{"damage":0,"enemies":"Snake Plant","floor":30,"turns":2},{"damage":74,"enemies":"Automaton","floor":33,"turns":6}],"seed_played":"-6606983255901705606","potions_obtained":[{"floor":5,"key":"Energy Potion"},{"floor":6,"key":"Block Potion"},{"floor":8,"key":"SteroidPotion"},{"floor":10,"key":"FairyPotion"},{"floor":16,"key":"Energy Potion"},{"floor":23,"key":"SneckoOil"}],"is_trial":false,"path_per_floor":["M","?","M","?","M","E","M","E","T","M","R","?","R","?","R","B",null,"M","?","$","M","?","E","R","M","T","E","M","M","M","?","R","B"],"character_chosen":"IRONCLAD","items_purchased":["Sling","Dark Shackles"],"campfire_rested":1,"item_purchase_floors":[20,20],"current_hp_per_floor":[80,73,79,79,80,62,60,34,34,32,32,16,55,44,44,29,80,79,64,64,58,58,57,57,42,42,23,41,58,64,64,64,0],"gold":220,"neow_bonus":"THREE_ENEMY_KILL","is_prod":false,"is_daily":false,"chose_seed":false,"campfire_upgraded":4,"win_rate":0,"timestamp":1549289267,"path_taken":["M","?","M","?","M","E","M","E","T","?","R","?","R","?","R","BOSS","M","?","$","M","?","E","R","M","T","E","M","?","?","?","R","BOSS"],"build_version":"2019-01-23","purchased_purges":1,"victory":false,"max_hp_per_floor":[80,80,80,80,80,80,80,80,80,80,80,80,80,80,80,80,80,80,85,85,85,85,85,85,85,85,85,85,85,85,85,85,85],"card_choices":[{"not_picked":["Clothesline","Searing Blow","Intimidate"],"picked":"SKIP","floor":1},{"not_picked":["True Grit","Clash"],"picked":"Perfected Strike","floor":3},{"not_picked":["Wild Strike","Cleave"],"picked":"Flex","floor":5},{"not_picked":["Disarm","Whirlwind"],"picked":"Perfected Strike","floor":6},{"not_picked":["Iron Wave","Warcry","Dropkick"],"picked":"Wild Strike","floor":7},{"not_picked":["Flame Barrier","Anger","Perfected Strike"],"picked":"Pommel Strike","floor":8},{"not_picked":["Cleave","Warcry","Searing Blow"],"picked":"Clash","floor":10},{"not_picked":["Brutality","Demon Form","Limit Break"],"picked":"Impervious","floor":16},{"not_picked":["Anger","Cleave+1","Armaments"],"picked":"Pommel Strike","floor":18},{"not_picked":["Pommel Strike","Fire Breathing","Havoc"],"picked":"Wild Strike","floor":21},{"not_picked":["Warcry+1","Twin Strike","Carnage"],"picked":"Fire Breathing+1","floor":23},{"not_picked":["Searing Blow","Power Through","Infernal Blade","Flame Barrier"],"picked":"SKIP","floor":25},{"not_picked":["Headbutt","Fiend Fire","Disarm"],"picked":"Perfected Strike+1","floor":27},{"not_picked":["Perfected Strike","Clash","Rupture","Power Through"],"picked":"SKIP","floor":28},{"not_picked":["Sword Boomerang","Anger","Flex","Corruption+1"],"picked":"SKIP","floor":29},{"not_picked":["Cleave","True Grit+1","Clash+1","Carnage"],"picked":"SKIP","floor":30}],"player_experience":255431,"relics_obtained":[{"floor":6,"key":"Question Card"},{"floor":8,"key":"War Paint"},{"floor":9,"key":"Regal Pillow"},{"floor":23,"key":"Bag of Preparation"},{"floor":26,"key":"Meat on the Bone"},{"floor":27,"key":"Kunai"}],"event_choices":[{"cards_removed":["Strike_R"],"damage_healed":0,"gold_gain":0,"player_choice":"Card Removal","damage_taken":7,"max_hp_gain":0,"max_hp_loss":0,"event_name":"Golden Wing","floor":2,"gold_loss":0},{"damage_healed":0,"gold_gain":0,"cards_transformed":["Defend_R"],"player_choice":"Transformed","damage_taken":0,"max_hp_gain":0,"max_hp_loss":0,"event_name":"Transmorgrifier","floor":4,"gold_loss":0,"cards_obtained":["Rage"]},{"damage_healed":0,"gold_gain":0,"player_choice":"Entered Light","damage_taken":16,"max_hp_gain":0,"max_hp_loss":0,"event_name":"Shining Light","floor":12,"gold_loss":0,"cards_upgraded":["Rage","Defend_R"]},{"damage_healed":0,"gold_gain":75,"player_choice":"Gather Gold","damage_taken":11,"max_hp_gain":0,"max_hp_loss":0,"event_name":"World of Goop","floor":14,"gold_loss":0},{"damage_healed":0,"gold_gain":0,"player_choice":"Shed Blood","damage_taken":20,"max_hp_gain":5,"max_hp_loss":0,"event_name":"Forgotten Altar","floor":19,"gold_loss":0},{"damage_healed":0,"gold_gain":0,"cards_transformed":["Bash"],"player_choice":"Transformed","damage_taken":0,"max_hp_gain":0,"max_hp_loss":0,"event_name":"Transmorgrifier","floor":22,"gold_loss":0,"cards_obtained":["Demon Form"]},{"damage_healed":0,"gold_gain":0,"player_choice":"Read","damage_taken":0,"max_hp_gain":0,"max_hp_loss":0,"event_name":"The Library","floor":31,"gold_loss":0,"cards_obtained":["Twin Strike"]}],"is_beta":false,"boss_relics":[{"not_picked":["Ectoplasm","Orrery"],"picked":"Runic Dome"}],"items_purged_floors":[20],"is_endless":false,"potions_floor_spawned":[5,6,8,10,16,23,29],"killed_by":"Automaton","ascension_level":4}