{"gold_per_floor":[366,376,27,42,15,15,48,48,72,101,101,131,131,166,166,243,243,258,275,275],"floor_reached":20,"playtime":1231,"items_purged":["Injury"],"score":404,"play_id":"6640c5d2-04dc-4c81-b013-7f1b9a8982ba","local_time":"20190108220000","is_ascension_mode":true,"campfire_choices":[{"data":"Defragment","floor":6,"key":"SMITH"},{"floor":8,"key":"REST"},{"floor":11,"key":"REST"},{"data":"White Noise","floor":15,"key":"SMITH"}],"neow_cost":"CURSE","seed_source_timestamp":49139067491740,"circlet_count":0,"master_deck":["AscendersBane","Strike_B","Strike_B+1","Strike_B","Strike_B","Defend_B","Defend_B","Defend_B","Defend_B","Zap+1","Dualcast","Conserve Battery","Compile Driver+1","Defragment+1","Master of Strategy","Sweeping Beam","Coolheaded","Core Surge","White Noise+1","Machine Learning","Tempest+1"],"relics":["Cracked Core","Bag of Marbles","Whetstone","Orichalcum","Pantograph","PreservedInsect","White Beast Statue"],"potions_floor_usage":[14,16,20],"damage_taken":[{"damage":7,"enemies":"Cultist","floor":1,"turns":4},{"damage":1,"enemies":"Small Slimes","floor":2,"turns":4},{"damage":1,"enemies":"2 Louse","floor":4,"turns":4},{"damage":15,"enemies":"Exordium Thugs","floor":5,"turns":4},{"damage":19,"enemies":"Lagavulin","floor":7,"turns":7},{"damage":16,"enemies":"Gremlin Nob","floor":10,"turns":4},{"damage":8,"enemies":"3 Sentries","floor":12,"turns":7},{"damage":16,"enemies":"Lagavulin","floor":14,"turns":6},{"damage":40,"enemies":"Hexaghost","floor":16,"turns":10},{"damage":25,"enemies":"2 Thieves","floor":18,"turns":4},{"damage":29,"enemies":"3 Byrds","floor":19,"turns":5},{"damage":5,"enemies":"Sentry and Sphere","floor":20,"turns":2}],"seed_played":"-8192663835500113789","potions_obtained":[{"floor":5,"key":"GamblersBrew"},{"floor":7,"key":"Swift Potion"},{"floor":14,"key":"Ancient Potion"},{"floor":18,"key":"Strength Potion"}],"is_trial":false,"path_per_floor":["M","M","$","M","M","R","E","R","T","E","R","E","?","E","R","B",null,"M","M","M"],"character_chosen":"DEFECT","items_purchased":["Defragment","Master of Strategy"],"campfire_rested":2,"item_purchase_floors":[3,3],"current_hp_per_floor":[57,56,56,55,40,40,21,42,42,26,47,39,39,23,23,8,55,30,1,0],"gold":275,"neow_bonus":"TWO_FIFTY_GOLD","is_prod":false,"is_daily":false,"chose_seed":false,"campfire_upgraded":2,"win_rate":0,"timestamp":1547002800,"path_taken":["M","M","$","M","M","R","E","R","T","E","R","E","?","E","R","BOSS","M","M","M"],"build_version":"2019-01-03v4","purchased_purges":1,"victory":false,"max_hp_per_floor":[71,71,71,71,71,71,71,71,71,71,71,71,71,71,71,71,71,71,71,71],"card_choices":[{"not_picked":["Go for the Eyes","Blizzard"],"picked":"Conserve Battery","floor":1},{"not_picked":["Chill","Double Energy"],"picked":"Compile Driver","floor":2},{"not_picked":["Hologram","Gash"],"picked":"Sweeping Beam","floor":4},{"not_picked":["Steam","Reinforced Body"],"picked":"Coolheaded","floor":5},{"not_picked":["Rebound","Redo"],"picked":"Core Surge","floor":7},{"not_picked":["Fusion","Ball Lightning","Amplify"],"picked":"SKIP","floor":12},{"not_picked":["Stack","Leap"],"picked":"White Noise","floor":14},{"not_picked":["Buffer","Creative AI"],"picked":"Machine Learning","floor":16},{"not_picked":["Streamline","Hologram","Go for the Eyes"],"picked":"SKIP","floor":18},{"not_picked":["Turbo","Stack"],"picked":"Tempest+1","floor":19}],"player_experience":1006741,"relics_obtained":[{"floor":7,"key":"Bag of Marbles"},{"floor":9,"key":"Whetstone"},{"floor":10,"key":"Orichalcum"},{"floor":12,"key":"Pantograph"},{"floor":14,"key":"PreservedInsect"}],"event_choices":[{"damage_healed":0,"gold_gain":0,"player_choice":"Forge","damage_taken":0,"max_hp_gain":0,"max_hp_loss":0,"event_name":"Accursed Blacksmith","floor":13,"gold_loss":0,"cards_upgraded":["Zap"]}],"is_beta":false,"boss_relics":[{"not_picked":["Velvet Choker","Coffee Dripper"],"picked":"White Beast Statue"}],"items_purged_floors":[3],"is_endless":false,"potions_floor_spawned":[5,7,10,14,18,19],"killed_by":"Sentry and Sphere","ascension_level":20}