{"gold_per_floor":[116,130,130,149,160,160,190,205,257,267,30,60,80,32,32,32],"floor_reached":16,"playtime":963,"items_purged":[],"score":143,"play_id":"7267ab13-402f-4550-8805-54ec6f1a6b7a","local_time":"20190116202003","is_ascension_mode":true,"campfire_choices":[{"data":"Dualcast","floor":6,"key":"SMITH"},{"floor":15,"key":"REST"}],"neow_cost":"TEN_PERCENT_HP_LOSS","seed_source_timestamp":613391117080780,"circlet_count":0,"master_deck":["Strike_B","Strike_B","Strike_B","Strike_B","Defend_B","Defend_B","Defend_B","Defend_B","Zap+1","Dualcast+1","Reinforced Body","Go for the Eyes","Ball Lightning","Turbo","Redo","Stack","Chrysalis","Conserve Battery","Ball Lightning","White Noise+1"],"relics":["Cracked Core","Incense Burner","Ancient Tea Set","Art of War","Toxic Egg 2"],"potions_floor_usage":[16,16],"damage_taken":[{"damage":1,"enemies":"Cultist","floor":1,"turns":4},{"damage":6,"enemies":"Jaw Worm","floor":2,"turns":4},{"damage":0,"enemies":"2 Louse","floor":4,"turns":3},{"damage":1,"enemies":"Blue Slaver","floor":5,"turns":2},{"damage":23,"enemies":"3 Sentries","floor":7,"turns":7},{"damage":0,"enemies":"Exordium Wildlife","floor":8,"turns":2},{"damage":1,"enemies":"Red Slaver","floor":10,"turns":3},{"damage":5,"enemies":"Lagavulin","floor":12,"turns":6},{"damage":9,"enemies":"Large Slime","floor":13,"turns":5},{"damage":42,"enemies":"Hexaghost","floor":16,"turns":10}],"seed_played":"-8034218521933907056","potions_obtained":[{"floor":4,"key":"SneckoOil"},{"floor":7,"key":"FearPotion"},{"floor":10,"key":"Block Potion"}],"is_trial":false,"path_per_floor":["M","M","?","M","M","R","E","M","T","M","$","E","M","?","R","B"],"character_chosen":"DEFECT","items_purchased":["Chrysalis","Conserve Battery","Ball Lightning"],"campfire_rested":1,"item_purchase_floors":[11,11,11],"current_hp_per_floor":[67,61,61,61,60,60,37,37,37,36,36,31,22,22,42,0],"gold":32,"neow_bonus":"ONE_RARE_RELIC","is_prod":false,"is_daily":false,"chose_seed":false,"campfire_upgraded":1,"win_rate":0,"timestamp":1547688003,"path_taken":["M","M","?","M","M","R","E","?","T","M","$","E","M","?","R","BOSS"],"build_version":"2019-01-10","purchased_purges":0,"victory":false,"max_hp_per_floor":[68,68,68,68,68,68,68,68,68,68,68,68,68,68,68,68],"card_choices":[{"not_picked":["Coolheaded","Cold Snap"],"picked":"Reinforced Body","floor":1},{"not_picked":["Cold Snap","Turbo"],"picked":"Go for the Eyes","floor":2},{"not_picked":["Capacitor","Stack"],"picked":"Ball Lightning","floor":4},{"not_picked":["Static Discharge","Reprogram"],"picked":"Turbo","floor":5},{"not_picked":["Compile Driver","Machine Learning"],"picked":"Redo","floor":7},{"not_picked":["Sweeping Beam","Rebound"],"picked":"Stack","floor":8},{"not_picked":["Redo","Reprogram","Compile Driver"],"picked":"SKIP","floor":10},{"not_picked":["Redo","Undo"],"picked":"White Noise","floor":12},{"not_picked":["Streamline","Rebound","Hello World"],"picked":"SKIP","floor":13}],"player_experience":106093,"relics_obtained":[{"floor":7,"key":"Ancient Tea Set"},{"floor":9,"key":"Art of War"},{"floor":12,"key":"Toxic Egg 2"}],"event_choices":[{"damage_healed":0,"gold_gain":0,"player_choice":"Upgraded","damage_taken":0,"max_hp_gain":0,"max_hp_loss":0,"event_name":"Upgrade Shrine","floor":3,"gold_loss":0,"cards_upgraded":["Zap"]},{"damage_healed":0,"gold_gain":0,"player_choice":"Left Gold","damage_taken":0,"max_hp_gain":0,"max_hp_loss":0,"event_name":"World of Goop","floor":14,"gold_loss":48}],"is_beta":false,"boss_relics":[],"items_purged_floors":[],"is_endless":false,"potions_floor_spawned":[4,7,10],"killed_by":"Hexaghost","ascension_level":5}