{"path_per_floor":["M","?","?","$","?","E","R","T","T","$","E","R","M","M","R","B",null,"M","?","?","?","M","R","E","R","T","M","M","E","M"],"character_chosen":"THE_SILENT","items_purchased":["Apotheosis","Acrobatics","Deflect"],"gold_per_floor":[118,118,193,193,158,190,190,217,269,4,30,30,44,61,61,159,159,176,176,101,201,217,217,244,244,244,259,272,305,322],"floor_reached":31,"campfire_rested":2,"playtime":2171,"current_hp_per_floor":[70,56,45,45,62,29,50,50,50,50,43,64,64,63,63,60,70,70,70,70,70,66,66,57,57,57,45,33,18,11],"items_purged":[],"gold":322,"score":281,"play_id":"c9b8816a-ac88-40d5-af72-1fa1955d178c","is_prod":false,"is_daily":false,"is_ascension_mode":false,"campfire_upgraded":3,"path_taken":["M","?","?","$","?","E","R","?","T","$","E","R","?","M","R","BOSS","M","?","?","?","?","R","E","R","T","M","M","E","M","M"],"build_version":"2018-02-15-PROD1","purchased_purges":0,"victory":false,"master_deck":["Defend_G","Defend_G","Defend_G","Defend_G+1","Defend_G","Strike_G+1","Strike_G","Strike_G","Strike_G","Strike_G","Survivor","Neutralize","Footwork","Dodge and Roll","Apotheosis+1","Acrobatics","Deflect","Endless Agony","Flying Knee","Backstab+1","Die Die Die","Dodge and Roll+1","Outmaneuver","Noxious Fumes+1","Bane","Poisoned Stab","Dagger Spray+1","Prepared"],"max_hp_per_floor":[70,70,70,70,70,70,70,70,70,70,70,70,70,70,70,70,70,70,70,70,70,70,70,70,70,70,70,70,70,70],"relics":["Ring of the Snake","Pen Nib","Vajra","Bronze Scales","Ancient Tea Set","Centennial Puzzle","The Specimen","Lantern","Frozen Egg 2","Regal Pillow"],"card_choices":[{"not_picked":["Bane","Dagger Throw"],"picked":"Footwork"},{"not_picked":["Glass Knife","Distraction"],"picked":"Dodge and Roll"},{"not_picked":["Flying Knee","Predator"],"picked":"Endless Agony"},{"not_picked":["Slice","PiercingWail"],"picked":"Flying Knee"},{"not_picked":["PiercingWail","Dagger Spray"],"picked":"Backstab"},{"not_picked":["Bullet Time","Glass Knife"],"picked":"Die Die Die"},{"not_picked":["Flying Knee","Deflect"],"picked":"Dodge and Roll"},{"not_picked":["Bane","Deadly Poison"],"picked":"Outmaneuver"},{"not_picked":["Deflect","Quick Slash"],"picked":"Noxious Fumes"},{"not_picked":["Eviscerate","Acrobatics"],"picked":"Bane"},{"not_picked":["Wraith Form","Dagger Throw"],"picked":"Poisoned Stab"},{"not_picked":["Masterful Stab","Backflip"],"picked":"Dagger Spray"},{"not_picked":["Predator","Slice"],"picked":"Prepared"}],"player_experience":34386,"potions_floor_usage":[11,28,29,29,29,31],"damage_taken":[{"damage":0,"enemies":"2 Louse","floor":1,"turns":2},{"damage":33,"enemies":"Lagavulin","floor":6,"turns":13},{"damage":7,"enemies":"Gremlin Nob","floor":11,"turns":6},{"damage":0,"enemies":"Jaw Worm","floor":13,"turns":4},{"damage":1,"enemies":"Small Slimes","floor":14,"turns":4},{"damage":3,"enemies":"The Guardian","floor":16,"turns":12},{"damage":0,"enemies":"Chosen","floor":18,"turns":6},{"damage":4,"enemies":"Shell Parasite","floor":22,"turns":4},{"damage":9,"enemies":"Book of Stabbing","floor":24,"turns":6},{"damage":12,"enemies":"Centurion and Healer","floor":27,"turns":5},{"damage":18,"enemies":"Snake Plant","floor":28,"turns":4},{"damage":15,"enemies":"Gremlin Leader","floor":29,"turns":5},{"damage":7,"enemies":"Slaver and Parasite","floor":30,"turns":6},{"damage":12,"enemies":"3 Cultists","floor":31,"turns":2}],"event_choices":[{"event_name":"Shining Light","player_choice":"Entered Light","floor":2,"damage_taken":0},{"event_name":"World of Goop","player_choice":"Gather Gold","floor":3,"damage_taken":0},{"event_name":"The Cleric","player_choice":"Healed","floor":5,"damage_taken":0},{"event_name":"Wheel of Change","player_choice":"Curse","floor":19,"damage_taken":0},{"event_name":"Beggar","player_choice":"Gave Gold","floor":20,"damage_taken":0},{"event_name":"Golden Shrine","player_choice":"Pray","floor":21,"damage_taken":0}],"boss_relics":[{"not_picked":["Orrery","Cursed Key"],"picked":"The Specimen"}],"potions_floor_spawned":[1,11,13,18,22,28,30],"seed_played":"-2570663288029856765","killed_by":"3 Cultists","ascension_level":0,"is_trial":false}