{"gold_per_floor":[12,29,44,63,81,81,110,28,28,42,142,40,40,40,40,115,115,125,125,50,68,88,88,88],"floor_reached":24,"playtime":754,"items_purged":["Writhe"],"score":337,"play_id":"c7aa6054-7fe1-4b44-a27c-3acd57e7c660","local_time":"20180717202104","is_ascension_mode":true,"campfire_choices":[{"data":"Go for the Eyes","floor":6,"key":"SMITH"},{"floor":13,"key":"REST"},{"data":"Defragment","floor":15,"key":"SMITH"},{"data":"Coolheaded","floor":23,"key":"SMITH"}],"neow_cost":"NO_GOLD","seed_source_timestamp":305986978951959,"circlet_count":0,"master_deck":["Strike_B","Strike_B","Strike_B","Defend_B","Defend_B","Defend_B","Defend_B","Zap","Dualcast","AscendersBane","Go for the Eyes+1","Compile Driver","Electrodynamics","Defragment+1","Ball Lightning","Loop","Self Repair","Coolheaded+1","Capacitor","Echo Form","Hologram","Consume","Barrage"],"relics":["Cracked Core","Du-Vu Doll","Strawberry","Regal Pillow","Eternal Feather","Oddly Smooth Stone"],"potions_floor_usage":[5,7,16,18,22,24],"damage_taken":[{"damage":0,"enemies":"Cultist","floor":1,"turns":3},{"damage":0,"enemies":"2 Louse","floor":2,"turns":2},{"damage":4,"enemies":"Small Slimes","floor":3,"turns":2},{"damage":4,"enemies":"Looter","floor":4,"turns":3},{"damage":24,"enemies":"Exordium Thugs","floor":5,"turns":4},{"damage":22,"enemies":"3 Sentries","floor":7,"turns":4},{"damage":8,"enemies":"2 Fungi Beasts","floor":10,"turns":3},{"damage":9,"enemies":"Slime Boss","floor":16,"turns":5},{"damage":11,"enemies":"Chosen","floor":18,"turns":4},{"damage":34,"enemies":"Spheric Guardian","floor":21,"turns":6},{"damage":32,"enemies":"Cultist and Chosen","floor":22,"turns":7},{"damage":39,"enemies":"Centurion and Healer","floor":24,"turns":4}],"seed_played":"-5600393978563808695","potions_obtained":[{"floor":4,"key":"Regen Potion"},{"floor":5,"key":"Dexterity Potion"},{"floor":10,"key":"AttackPotion"},{"floor":16,"key":"Energy Potion"},{"floor":21,"key":"Ancient Potion"},{"floor":22,"key":"Regen Potion"}],"is_trial":false,"path_per_floor":["M","M","M","M","M","R","E","$","T","M","?","$","R","?","R","B",null,"M","?","$","M","M","R"],"character_chosen":"DEFECT","items_purchased":["Loop","Coolheaded","Capacitor"],"campfire_rested":1,"item_purchase_floors":[8,12,12],"current_hp_per_floor":[64,64,60,56,44,44,29,29,29,21,21,21,59,52,52,50,71,67,67,67,40,15,23,0],"gold":88,"neow_bonus":"ONE_RARE_RELIC","is_prod":false,"is_daily":false,"chose_seed":false,"campfire_upgraded":3,"win_rate":0,"timestamp":1531873264,"path_taken":["M","M","M","M","M","R","E","$","T","M","?","$","R","?","R","BOSS","M","?","$","M","M","R","M"],"build_version":"2018-07-12","purchased_purges":1,"victory":false,"max_hp_per_floor":[71,71,71,71,71,71,78,78,78,78,78,78,78,78,78,78,78,78,78,78,78,78,78,78],"card_choices":[{"not_picked":["Steam","Cold Snap"],"picked":"Go for the Eyes","floor":1},{"not_picked":["Go for the Eyes","Gash"],"picked":"Compile Driver","floor":2},{"not_picked":["Go for the Eyes","Chaos","Cold Snap"],"picked":"SKIP","floor":3},{"not_picked":["FTL","Fusion"],"picked":"Electrodynamics","floor":4},{"not_picked":["Tempest","Gash"],"picked":"Defragment","floor":5},{"not_picked":["Streamline","Reboot"],"picked":"Ball Lightning","floor":7},{"not_picked":["Blizzard","Barrage"],"picked":"Self Repair","floor":10},{"not_picked":["All For One","Creative AI"],"picked":"Echo Form","floor":16},{"not_picked":["Stack","Steam"],"picked":"Hologram","floor":18},{"not_picked":["Beam Cell","Rebound"],"picked":"Consume","floor":21},{"not_picked":["Ball Lightning","FTL"],"picked":"Barrage","floor":22}],"player_experience":477429,"relics_obtained":[{"floor":7,"key":"Strawberry"},{"floor":9,"key":"Regal Pillow"}],"event_choices":[{"event_name":"Golden Shrine","player_choice":"Pray","floor":11,"damage_taken":0},{"event_name":"Golden Wing","player_choice":"Card Removal","floor":14,"damage_taken":0},{"event_name":"The Mausoleum","player_choice":"Yes","floor":19,"damage_taken":0}],"boss_relics":[{"not_picked":["Busted Crown","Lizard Tail"],"picked":"Eternal Feather"}],"items_purged_floors":[20],"is_endless":false,"potions_floor_spawned":[4,5,10,16,21,22],"killed_by":"Centurion and Healer","ascension_level":14}