{"gold_per_floor":[116,66,66,77,77,105,105,139,139,139,139,139,139,195,195,195],"floor_reached":16,"playtime":1221,"items_purged":[],"score":142,"play_id":"479e6a7d-0b27-42b6-9a5d-c6e9e411c477","local_time":"20190426191913","is_ascension_mode":true,"campfire_choices":[{"data":"Neutralize","floor":7,"key":"SMITH"},{"floor":12,"key":"REST"},{"floor":15,"key":"REST"}],"neow_cost":"NONE","seed_source_timestamp":58536929688443,"circlet_count":0,"master_deck":["Defend_G","Defend_G","Defend_G","Strike_G","Strike_G","Strike_G","Strike_G","Survivor","Neutralize+1","Backflip","Catalyst","PiercingWail"],"relics":["Ring of the Snake","NeowsBlessing","Letter Opener","Mango","Bottled Lightning","Juzu Bracelet","Matryoshka"],"potions_floor_usage":[16],"damage_taken":[{"damage":0,"enemies":"2 Louse","floor":1,"turns":1},{"damage":0,"enemies":"Small Slimes","floor":4,"turns":1},{"damage":0,"enemies":"Lagavulin","floor":6,"turns":1},{"damage":43,"enemies":"Gremlin Nob","floor":8,"turns":7},{"damage":34,"enemies":"Gremlin Nob","floor":14,"turns":6},{"damage":77,"enemies":"Slime Boss","floor":16,"turns":16}],"seed_played":"-3622952387382921324","potions_obtained":[{"floor":4,"key":"Ancient Potion"},{"floor":14,"key":"SkillPotion"}],"is_trial":false,"path_per_floor":["M","?","$","M","?","E","R","E","T","?","?","R","?","?","R","B"],"character_chosen":"THE_SILENT","items_purchased":[],"campfire_rested":2,"item_purchase_floors":[],"current_hp_per_floor":[70,70,70,70,63,63,63,34,34,27,55,80,80,46,71,0],"gold":195,"neow_bonus":"THREE_ENEMY_KILL","is_prod":false,"is_daily":false,"chose_seed":false,"campfire_upgraded":1,"win_rate":0,"timestamp":1556302753,"path_taken":["M","?","$","M","?","E","R","E","T","?","?","R","?","?","R","BOSS"],"build_version":"2019-01-23","purchased_purges":0,"victory":false,"max_hp_per_floor":[70,70,70,70,70,70,70,84,84,84,84,84,84,84,84,84],"card_choices":[{"not_picked":["Underhanded Strike","Endless Agony","Dagger Spray"],"picked":"SKIP","floor":1},{"not_picked":["Flechettes","Acrobatics"],"picked":"Backflip","floor":4},{"not_picked":["Sucker Punch","Choke"],"picked":"Catalyst","floor":6},{"not_picked":["Glass Knife","Expertise","Dagger Throw"],"picked":"SKIP","floor":8},{"not_picked":["Predator","Slice"],"picked":"PiercingWail","floor":14}],"player_experience":485380,"relics_obtained":[{"floor":6,"key":"Letter Opener"},{"floor":8,"key":"Mango"},{"floor":9,"key":"Bottled Lightning"},{"floor":14,"key":"Matryoshka"}],"event_choices":[{"cards_removed":["Defend_G"],"damage_healed":0,"gold_gain":0,"player_choice":"Card Removal","damage_taken":0,"max_hp_gain":0,"max_hp_loss":0,"event_name":"The Cleric","floor":2,"gold_loss":50},{"cards_removed":["Defend_G"],"damage_healed":0,"gold_gain":0,"player_choice":"Card Removal","damage_taken":7,"max_hp_gain":0,"max_hp_loss":0,"event_name":"Golden Wing","floor":5,"gold_loss":0},{"damage_healed":0,"gold_gain":0,"player_choice":"Success","damage_taken":7,"relics_obtained":["Juzu Bracelet"],"max_hp_gain":0,"max_hp_loss":0,"event_name":"Scrap Ooze","floor":10,"gold_loss":0},{"damage_healed":28,"gold_gain":0,"player_choice":"Banana","damage_taken":0,"max_hp_gain":0,"max_hp_loss":0,"event_name":"Big Fish","floor":11,"gold_loss":0},{"cards_removed":["Strike_G"],"damage_healed":0,"gold_gain":0,"player_choice":"Forget","damage_taken":0,"max_hp_gain":0,"max_hp_loss":0,"event_name":"Living Wall","floor":13,"gold_loss":0},{"damage_healed":0,"gold_gain":0,"player_choice":"Searched \u00271\u0027 times","damage_taken":0,"max_hp_gain":0,"max_hp_loss":0,"event_name":"Dead Adventurer","floor":14,"gold_loss":0}],"is_beta":false,"boss_relics":[],"items_purged_floors":[],"is_endless":false,"potions_floor_spawned":[4,14],"killed_by":"Slime Boss","ascension_level":2}