{"gold_per_floor":[109,109,109,134,147,147,172,216,239,239,282,53,53,53,53,172,172,193,7,22,37,37],"floor_reached":22,"playtime":1123,"items_purged":["Strike_B"],"score":390,"play_id":"1d058c18-c3a4-4c80-a5f6-0833e8469c42","local_time":"20190220113023","is_ascension_mode":true,"campfire_choices":[{"data":"Zap","floor":6.0,"key":"SMITH"},{"floor":10,"key":"REST"},{"floor":15,"key":"REST"}],"neow_cost":"TEN_PERCENT_HP_LOSS","seed_source_timestamp":0,"circlet_count":0,"master_deck":["AscendersBane","Strike_B","Strike_B","Defend_B","Defend_B","Defend_B","Defend_B","Zap+1","Dualcast+1","Echo Form","Loop","Cold Snap","Turbo+1","Hyperbeam","White Noise","Defragment","Seek","Doom and Gloom","Machine Learning","Static Discharge","Undo","Gash","Defragment+1"],"special_seed":0,"relics":["Cracked Core","Golden Idol","Lantern","Strawberry","Ancient Tea Set","Philosopher\u0027s Stone","Anchor"],"potions_floor_usage":[16,20],"damage_taken":[{"damage":7.0,"enemies":"Jaw Worm","floor":1.0,"turns":5.0},{"damage":7.0,"enemies":"2 Louse","floor":4.0,"turns":3.0},{"damage":0.0,"enemies":"Small Slimes","floor":5.0,"turns":3.0},{"damage":7.0,"enemies":"Blue Slaver","floor":7.0,"turns":4.0},{"damage":32.0,"enemies":"Gremlin Nob","floor":8.0,"turns":4.0},{"damage":23,"enemies":"3 Sentries","floor":11,"turns":4},{"damage":0,"enemies":"Slime Boss","floor":16,"turns":8},{"damage":18,"enemies":"Spheric Guardian","floor":18,"turns":4},{"damage":0,"enemies":"Chosen","floor":20,"turns":4},{"damage":24,"enemies":"Shelled Parasite and Fungi","floor":21,"turns":6},{"damage":18,"enemies":"Chosen and Byrds","floor":22,"turns":4}],"seed_played":"-7160483001330537552","potions_obtained":[{"floor":1.0,"key":"SkillPotion"},{"floor":7.0,"key":"SkillPotion"},{"floor":18,"key":"Swift Potion"}],"is_trial":false,"path_per_floor":["M","?","?","M","M","R","M","E","T","R","E","$","?","?","R","B",null,"M","$","M","M","M"],"character_chosen":"DEFECT","items_purchased":["FocusPotion","Seek","Anchor","Undo"],"campfire_rested":2,"item_purchase_floors":[12,12,19,19],"current_hp_per_floor":[61,61,61,54,54,54,47,15,22,43,20,20,6,6,27,27,59,41,41,41,17,0],"gold":37,"neow_bonus":"THREE_RARE_CARDS","is_prod":false,"is_daily":false,"chose_seed":false,"campfire_upgraded":1,"win_rate":0,"timestamp":1550680223,"path_taken":["M","?","?","M","M","R","M","E","T","R","E","$","?","?","R","BOSS","M","$","M","M","M"],"build_version":"2019-01-23","purchased_purges":1,"victory":false,"max_hp_per_floor":[68,68,63,63,63,63,63,63,70,70,70,70,70,70,70,70,70,70,70,70,70,70],"card_choices":[{"not_picked":["Core Surge","Machine Learning"],"picked":"Echo Form","floor":0.0},{"not_picked":["Reprogram","Streamline"],"picked":"Loop","floor":1.0},{"not_picked":["Steam","Glacier"],"picked":"Cold Snap","floor":4.0},{"not_picked":["Force Field","Beam Cell"],"picked":"Turbo","floor":5.0},{"not_picked":["Steam","Heatsinks"],"picked":"Hyperbeam","floor":7.0},{"not_picked":["Skim","Streamline"],"picked":"White Noise","floor":8.0},{"not_picked":["Stack","Self Repair"],"picked":"Defragment","floor":11},{"not_picked":["Multi-Cast","Seek"],"picked":"Machine Learning","floor":16},{"not_picked":["Ball Lightning","Barrage"],"picked":"Static Discharge","floor":18},{"not_picked":["Tempest","Darkness"],"picked":"Gash","floor":20},{"not_picked":["Melter","Loop"],"picked":"Defragment+1","floor":21}],"player_experience":321982,"relics_obtained":[{"floor":8.0,"key":"Lantern"},{"floor":9,"key":"Strawberry"},{"floor":11,"key":"Ancient Tea Set"}],"event_choices":[{"damage_healed":0.0,"max_hp_gain":0.0,"max_hp_loss":0.0,"gold_gain":0.0,"event_name":"Liars Game","player_choice":"Ignored","floor":2.0,"gold_loss":0.0,"damage_taken":0.0},{"damage_healed":0.0,"max_hp_gain":0.0,"max_hp_loss":5.0,"gold_gain":0.0,"event_name":"Golden Idol","player_choice":"Lose Max HP","floor":3.0,"gold_loss":0.0,"damage_taken":0.0,"relics_obtained":["Golden Idol"]},{"damage_healed":0,"gold_gain":0,"player_choice":"Entered Light","damage_taken":14,"max_hp_gain":0,"max_hp_loss":0,"event_name":"Shining Light","floor":13,"gold_loss":0,"cards_upgraded":["Dualcast","Turbo"]},{"damage_healed":0,"gold_gain":0,"cards_transformed":["Strike_B"],"player_choice":"Change","damage_taken":0,"max_hp_gain":0,"max_hp_loss":0,"event_name":"Living Wall","floor":14,"gold_loss":0,"cards_obtained":["Doom and Gloom"]}],"is_beta":false,"boss_relics":[{"not_picked":["Fusion Hammer","Black Star"],"picked":"Philosopher\u0027s Stone"}],"items_purged_floors":[12],"is_endless":false,"potions_floor_spawned":[1,7,18],"killed_by":"Chosen and Byrds","ascension_level":12}