{"gold_per_floor":[362,380,380,2,21,21,38,38,38,38,38,38,48,80,80,153,153,173,173,173,193,208,208,208,208,208,221,221,221,251,270,270,270],"floor_reached":33,"playtime":1460,"items_purged":["Doubt"],"score":489,"play_id":"052f8611-2de3-4fcb-9e7d-115db243451d","local_time":"20180718230618","is_ascension_mode":true,"campfire_choices":[{"data":"Dash","floor":6,"key":"SMITH"},{"data":"Dagger Spray","floor":8,"key":"SMITH"},{"data":"Neutralize","floor":12,"key":"SMITH"},{"data":"Noxious Fumes","floor":15,"key":"SMITH"},{"data":"Bouncing Flask","floor":23,"key":"SMITH"},{"data":"Wraith Form v2","floor":25,"key":"SMITH"},{"data":"Burst","floor":29,"key":"SMITH"},{"data":"Sucker Punch","floor":32,"key":"SMITH"}],"neow_cost":"CURSE","seed_source_timestamp":401601658637494,"circlet_count":0,"master_deck":["Defend_G","Defend_G","Defend_G","Defend_G","Defend_G","Strike_G","Strike_G","Strike_G","Strike_G","Strike_G","Survivor","Neutralize+1","AscendersBane","Dash+1","Dagger Spray+1","Cloak And Dagger","Wraith Form v2+1","Noxious Fumes+1","Burst+1","Bouncing Flask+1","Ghostly","Ghostly","Ghostly","Ghostly","Ghostly","Sucker Punch+1","Writhe","Deflect","Dagger Throw+1"],"relics":["Ring of the Snake","Question Card","Meat on the Bone","Gambling Chip","Coffee Dripper","Ginger","Dodecahedron","Letter Opener","Bag of Marbles"],"potions_floor_usage":[7,14,14,16,16,27,30,30],"damage_taken":[{"damage":7,"enemies":"Jaw Worm","floor":1,"turns":6},{"damage":3,"enemies":"Small Slimes","floor":2,"turns":4},{"damage":3,"enemies":"Cultist","floor":5,"turns":4},{"damage":4,"enemies":"3 Louse","floor":7,"turns":4},{"damage":1,"enemies":"Red Slaver","floor":13,"turns":5},{"damage":2,"enemies":"Gremlin Nob","floor":14,"turns":5},{"damage":18,"enemies":"Hexaghost","floor":16,"turns":11},{"damage":23,"enemies":"Shell Parasite","floor":18,"turns":8},{"damage":1,"enemies":"3 Byrds","floor":21,"turns":5},{"damage":3,"enemies":"Centurion and Healer","floor":22,"turns":6},{"damage":0,"enemies":"Cultist and Chosen","floor":27,"turns":6},{"damage":3,"enemies":"Book of Stabbing","floor":30,"turns":8},{"damage":14,"enemies":"Sentry and Sphere","floor":31,"turns":4},{"damage":27,"enemies":"Collector","floor":33,"turns":9}],"seed_played":"6129099673617237862","potions_obtained":[{"floor":2,"key":"SkillPotion"},{"floor":10,"key":"Energy Potion"},{"floor":10,"key":"EntropicBrew"},{"floor":16,"key":"Dexterity Potion"},{"floor":18,"key":"FearPotion"},{"floor":22,"key":"Ancient Potion"},{"floor":27,"key":"SkillPotion"}],"is_trial":false,"path_per_floor":["M","M","?","$","M","R","M","R","T","?","?","R","M","E","R","B",null,"M","?","?","M","M","R","?","R","T","M","T","R","E","M","R"],"character_chosen":"THE_SILENT","items_purchased":["Dagger Spray","Question Card"],"campfire_rested":0,"item_purchase_floors":[4,4],"current_hp_per_floor":[52,49,49,49,46,46,42,42,42,42,47,47,46,44,44,38,63,40,35,35,34,31,31,31,31,31,31,31,31,28,26,26,0],"gold":270,"neow_bonus":"TWO_FIFTY_GOLD","is_prod":false,"is_daily":false,"chose_seed":false,"campfire_upgraded":8,"win_rate":0,"timestamp":1531969578,"path_taken":["M","M","?","$","?","R","M","R","T","?","?","R","M","E","R","BOSS","M","?","?","?","M","R","?","R","T","?","?","R","E","M","R","BOSS"],"build_version":"2018-07-12","purchased_purges":1,"victory":false,"max_hp_per_floor":[66,66,66,66,66,66,66,66,66,66,71,71,71,71,71,71,71,71,35,35,35,35,35,35,35,35,35,35,35,35,35,35,35],"card_choices":[{"not_picked":["Predator","Sucker Punch"],"picked":"Dash","floor":1},{"not_picked":["Outmaneuver","Catalyst","Bane"],"picked":"SKIP","floor":2},{"not_picked":["Dagger Spray","Dodge and Roll","Dagger Throw"],"picked":"Cloak And Dagger","floor":5},{"not_picked":["PiercingWail","Escape Plan","Outmaneuver"],"picked":"Wraith Form v2","floor":7},{"not_picked":["Masterful Stab","Dagger Spray","Eviscerate","Underhanded Strike"],"picked":"SKIP","floor":13},{"not_picked":["Slice","Outmaneuver","Expertise"],"picked":"Noxious Fumes","floor":14},{"not_picked":["Corpse Explosion","Die Die Die","Phantasmal Killer"],"picked":"Burst","floor":16},{"not_picked":["Concentrate+1","Slice","Cloak And Dagger"],"picked":"Bouncing Flask","floor":18},{"not_picked":["Acrobatics","Deflect","Footwork+1"],"picked":"Sucker Punch","floor":21},{"not_picked":["Backstab","Dagger Throw","All Out Attack","Dagger Spray"],"picked":"SKIP","floor":22},{"not_picked":["Underhanded Strike","Dodge and Roll","Dagger Throw"],"picked":"Deflect","floor":27},{"not_picked":["Flying Knee","Slice+1","Concentrate+1"],"picked":"Dagger Throw+1","floor":30},{"not_picked":["Outmaneuver","Infinite Blades","Phantasmal Killer","Flechettes"],"picked":"SKIP","floor":31}],"player_experience":485998,"relics_obtained":[{"floor":9,"key":"Meat on the Bone"},{"floor":14,"key":"Gambling Chip"},{"floor":26,"key":"Dodecahedron"},{"floor":28,"key":"Letter Opener"},{"floor":30,"key":"Bag of Marbles"}],"event_choices":[{"event_name":"Liars Game","player_choice":"disagreed","floor":3,"damage_taken":0},{"event_name":"The Lab","player_choice":"Got Potions","floor":10,"damage_taken":0},{"event_name":"Big Fish","player_choice":"Donut","floor":11,"damage_taken":0},{"event_name":"Ghosts","player_choice":"Became a Ghost","floor":19,"damage_taken":0},{"event_name":"Cursed Tome","player_choice":"Ignored","floor":20,"damage_taken":0},{"event_name":"The Mausoleum","player_choice":"Yes","floor":24,"damage_taken":0}],"boss_relics":[{"not_picked":["Runic Dome","Cursed Key"],"picked":"Coffee Dripper"}],"items_purged_floors":[4],"is_endless":false,"potions_floor_spawned":[2,13,16,18,22,27],"killed_by":"Collector","ascension_level":15}