{"gold_per_floor":[118,118,118,132,27,27,58,74,74,85,114,61,33,33,33,110,110,124,141,141,141],"floor_reached":21,"playtime":898,"items_purged":["Strike_B"],"score":428,"play_id":"f98cdd79-46be-4582-bfd7-9284f4664c68","local_time":"20190108230037","is_ascension_mode":true,"campfire_choices":[{"data":"Zap","floor":6,"key":"SMITH"},{"floor":15,"key":"REST"}],"neow_cost":"NONE","seed_source_timestamp":53108913966822,"circlet_count":0,"master_deck":["AscendersBane","Strike_B","Defend_B+1","Defend_B","Zap+1","Dualcast","Ball Lightning","Reinforced Body","Ball Lightning","BootSequence","Fusion","Hologram+1","Coolheaded+1","Defragment","Meteor Strike","Beam Cell","Fusion+1","Writhe"],"relics":["Cracked Core","Oddly Smooth Stone","Matryoshka","Happy Flower","Potion Belt","Toxic Egg 2","War Paint","Gremlin Horn","Empty Cage","Pen Nib"],"potions_floor_usage":[11,11],"damage_taken":[{"damage":6,"enemies":"Small Slimes","floor":1,"turns":3},{"damage":0,"enemies":"Cultist","floor":4,"turns":3},{"damage":26,"enemies":"3 Sentries","floor":7,"turns":6},{"damage":1,"enemies":"Jaw Worm","floor":8,"turns":2},{"damage":9,"enemies":"Blue Slaver","floor":10,"turns":3},{"damage":0,"enemies":"Lagavulin","floor":11,"turns":5},{"damage":9,"enemies":"Exordium Thugs","floor":13,"turns":4},{"damage":26,"enemies":"The Guardian","floor":16,"turns":12},{"damage":13,"enemies":"2 Thieves","floor":18,"turns":4},{"damage":28,"enemies":"Chosen","floor":19,"turns":5},{"damage":14,"enemies":"3 Cultists","floor":21,"turns":3}],"seed_played":"-5597216032637312264","potions_obtained":[{"floor":4,"key":"Poison Potion"},{"floor":7,"key":"EssenceOfSteel"},{"floor":8,"key":"PowerPotion"},{"floor":19,"key":"SteroidPotion"}],"is_trial":false,"path_per_floor":["M","?","?","M","$","R","E","M","T","M","E","$","M","T","R","B",null,"M","M","?","M"],"character_chosen":"DEFECT","items_purchased":["Ball Lightning","Coolheaded+1"],"campfire_rested":1,"item_purchase_floors":[5,12],"current_hp_per_floor":[58,51,51,51,51,51,25,24,24,15,15,15,6,6,27,1,54,41,13,13,0],"gold":141,"neow_bonus":"RANDOM_COMMON_RELIC","is_prod":false,"is_daily":false,"chose_seed":false,"campfire_upgraded":1,"win_rate":0,"timestamp":1547006437,"path_taken":["M","?","?","M","$","R","E","?","T","M","E","$","M","?","R","BOSS","M","M","?","M"],"build_version":"2019-01-03v4","purchased_purges":1,"victory":false,"max_hp_per_floor":[71,71,71,71,71,71,71,71,71,71,71,71,71,71,71,71,71,71,71,71,71],"card_choices":[{"not_picked":["Hologram","Self Repair"],"picked":"Ball Lightning","floor":1},{"not_picked":["Double Energy","Consume"],"picked":"Reinforced Body","floor":4},{"not_picked":["Compile Driver","Scrape"],"picked":"BootSequence","floor":7},{"not_picked":["Ball Lightning","Steam"],"picked":"Fusion","floor":8},{"not_picked":["Aggregate","Scrape"],"picked":"Hologram","floor":10},{"not_picked":["Hologram","Reinforced Body","Hello World"],"picked":"SKIP","floor":11},{"not_picked":["Go for the Eyes","Hologram+1"],"picked":"Defragment","floor":13},{"not_picked":["Core Surge","Reboot+1"],"picked":"Meteor Strike","floor":16},{"not_picked":["Genetic Algorithm+1","Redo+1"],"picked":"Beam Cell","floor":18},{"not_picked":["Rip and Tear","Scrape"],"picked":"Fusion+1","floor":19}],"player_experience":1008920,"relics_obtained":[{"floor":7,"key":"Matryoshka"},{"floor":9,"key":"Happy Flower"},{"floor":9,"key":"Potion Belt"},{"floor":11,"key":"Toxic Egg 2"},{"floor":14,"key":"War Paint"},{"floor":14,"key":"Gremlin Horn"}],"event_choices":[{"cards_removed":["Defend_B"],"damage_healed":0,"gold_gain":0,"player_choice":"Card Removal","damage_taken":7,"max_hp_gain":0,"max_hp_loss":0,"event_name":"Golden Wing","floor":2,"gold_loss":0},{"cards_removed":["Strike_B"],"damage_healed":0,"gold_gain":0,"player_choice":"Offered Basic","damage_taken":0,"max_hp_gain":0,"max_hp_loss":0,"event_name":"Bonfire Elementals","floor":3,"gold_loss":0},{"damage_healed":0,"gold_gain":0,"player_choice":"Opened","damage_taken":0,"relics_obtained":["Pen Nib"],"max_hp_gain":0,"max_hp_loss":0,"event_name":"The Mausoleum","floor":20,"gold_loss":0,"cards_obtained":["Writhe"]}],"is_beta":false,"boss_relics":[{"not_picked":["Runic Pyramid","Eternal Feather"],"picked":"Empty Cage"}],"items_purged_floors":[5],"is_endless":false,"potions_floor_spawned":[4,7,8,19],"killed_by":"3 Cultists","ascension_level":20}