{"gold_per_floor":[119,133,133,143,143,172,172,184,184,199,213,238,251,281,281,281],"floor_reached":16,"playtime":907,"items_purged":[],"score":180,"play_id":"3c877ed5-54bb-4c9b-bc32-d13462304ecb","local_time":"20190218104643","is_ascension_mode":true,"campfire_choices":[{"data":"Well Laid Plans","floor":7,"key":"SMITH"},{"floor":15,"key":"REST"}],"neow_cost":"NONE","seed_source_timestamp":469074719796463,"circlet_count":0,"master_deck":["Defend_G","Defend_G","Defend_G","Defend_G","Defend_G","Strike_G","Strike_G","Strike_G","Strike_G","Survivor","Neutralize","Dodge and Roll","Cloak And Dagger","Poisoned Stab","Blur","Well Laid Plans+1","Leg Sweep","Poisoned Stab","Deflect"],"relics":["Ring of the Snake","NeowsBlessing","Bronze Scales","Boot","Sundial","Bird Faced Urn"],"potions_floor_usage":[6,8,12,13,14],"damage_taken":[{"damage":0,"enemies":"Small Slimes","floor":1,"turns":1},{"damage":0,"enemies":"Cultist","floor":2,"turns":1},{"damage":0,"enemies":"Jaw Worm","floor":4,"turns":1},{"damage":29,"enemies":"3 Sentries","floor":6,"turns":17},{"damage":0,"enemies":"Gremlin Gang","floor":8,"turns":6},{"damage":0,"enemies":"Looter","floor":10,"turns":4},{"damage":1,"enemies":"Exordium Wildlife","floor":11,"turns":5},{"damage":20,"enemies":"Gremlin Nob","floor":12,"turns":4},{"damage":2,"enemies":"Lots of Slimes","floor":13,"turns":4},{"damage":9,"enemies":"Lagavulin","floor":14,"turns":7},{"damage":42,"enemies":"Slime Boss","floor":16,"turns":10}],"seed_played":"-505420532982922535","potions_obtained":[{"floor":2,"key":"LiquidBronze"},{"floor":3,"key":"Dexterity Potion"},{"floor":3,"key":"Regen Potion"},{"floor":3,"key":"Poison Potion"},{"floor":6,"key":"EssenceOfSteel"},{"floor":8,"key":"PowerPotion"},{"floor":10,"key":"PowerPotion"}],"is_trial":false,"path_per_floor":["M","M","?","M","?","E","R","M","T","M","M","E","M","E","R","B"],"character_chosen":"THE_SILENT","items_purchased":[],"campfire_rested":1,"item_purchase_floors":[],"current_hp_per_floor":[63,63,63,63,63,48,48,48,48,48,47,27,25,16,37,0],"gold":281,"neow_bonus":"THREE_ENEMY_KILL","is_prod":false,"is_daily":false,"chose_seed":false,"campfire_upgraded":1,"win_rate":0,"timestamp":1550504803,"path_taken":["M","M","?","?","?","E","R","?","T","M","M","E","M","E","R","BOSS"],"build_version":"2019-01-23","purchased_purges":0,"victory":false,"max_hp_per_floor":[70,70,70,70,70,70,70,70,70,70,70,70,70,70,70,70],"card_choices":[{"not_picked":["Quick Slash","Acrobatics"],"picked":"Dodge and Roll","floor":1},{"not_picked":["Outmaneuver","Dagger Throw"],"picked":"Cloak And Dagger","floor":2},{"not_picked":["Dagger Throw","Concentrate"],"picked":"Poisoned Stab","floor":4},{"not_picked":["Catalyst","Dodge and Roll"],"picked":"Well Laid Plans","floor":6},{"not_picked":["Flying Knee","Bane"],"picked":"Leg Sweep","floor":8},{"not_picked":["Prepared","Storm of Steel","Outmaneuver"],"picked":"SKIP","floor":10},{"not_picked":["Endless Agony","Blade Dance"],"picked":"Poisoned Stab","floor":11},{"not_picked":["Flying Knee","Underhanded Strike","Bane"],"picked":"SKIP","floor":12},{"not_picked":["Terror","Bane"],"picked":"Deflect","floor":13},{"not_picked":["Outmaneuver","Prepared","Reflex"],"picked":"SKIP","floor":14}],"player_experience":302798,"relics_obtained":[{"floor":6,"key":"Bronze Scales"},{"floor":9,"key":"Boot"},{"floor":12,"key":"Sundial"},{"floor":14,"key":"Bird Faced Urn"}],"event_choices":[{"damage_healed":0,"gold_gain":0,"player_choice":"Got Potions","damage_taken":0,"max_hp_gain":0,"max_hp_loss":0,"event_name":"Lab","floor":3,"gold_loss":0},{"damage_healed":0,"gold_gain":0,"cards_transformed":["Strike_G"],"player_choice":"Transformed","damage_taken":0,"max_hp_gain":0,"max_hp_loss":0,"event_name":"Transmorgrifier","floor":5,"gold_loss":0,"cards_obtained":["Blur"]}],"is_beta":false,"boss_relics":[],"items_purged_floors":[],"is_endless":false,"potions_floor_spawned":[2,6,8,10],"killed_by":"Slime Boss","ascension_level":9}