{"gold_per_floor":[119,132,132,142,152,152,181,181,181,181,215,215,241,241,241,314,314,332,282,295,85,85,85,185,185],"floor_reached":25,"playtime":958,"items_purged":["Strike_B"],"score":434,"play_id":"b35ea351-a830-49fb-aa91-45d24195dd93","local_time":"20181023233730","is_ascension_mode":true,"campfire_choices":[{"data":"Streamline","floor":6,"key":"SMITH"},{"data":"Go for the Eyes","floor":8,"key":"SMITH"},{"data":"Zap","floor":10,"key":"SMITH"},{"data":"Capacitor","floor":15,"key":"SMITH"},{"data":"BootSequence","floor":23,"key":"SMITH"}],"neow_cost":"PERCENT_DAMAGE","seed_source_timestamp":1221216016131856,"circlet_count":0,"master_deck":["Strike_B","Strike_B","Strike_B","Defend_B","Defend_B","Defend_B","Defend_B","Zap+1","Dualcast","AscendersBane","Electrodynamics+1","Cold Snap","Cold Snap","Streamline+1","Ball Lightning","Go for the Eyes+1","BootSequence+1","Capacitor+1","Echo Form+1","Turbo+1","Steam+1","Conserve Battery"],"relics":["FrozenCore","Oddly Smooth Stone","Matryoshka","Calipers","Du-Vu Doll","Gambling Chip","Pear"],"potions_floor_usage":[11,13,20,24,24],"damage_taken":[{"damage":1,"enemies":"Cultist","floor":1,"turns":3},{"damage":0,"enemies":"Small Slimes","floor":2,"turns":3},{"damage":1,"enemies":"2 Louse","floor":4,"turns":2},{"damage":0,"enemies":"Large Slime","floor":5,"turns":3},{"damage":10,"enemies":"3 Sentries","floor":7,"turns":2},{"damage":14,"enemies":"Lagavulin","floor":11,"turns":5},{"damage":4,"enemies":"3 Sentries","floor":13,"turns":3},{"damage":4,"enemies":"Slime Boss","floor":16,"turns":7},{"damage":14,"enemies":"2 Thieves","floor":18,"turns":3},{"damage":9,"enemies":"3 Byrds","floor":20,"turns":5},{"damage":17,"enemies":"Colosseum Slavers","floor":24,"turns":5},{"damage":27,"enemies":"Colosseum Nobs","floor":24,"turns":7},{"damage":20,"enemies":"Book of Stabbing","floor":25,"turns":4}],"seed_played":"3941361426901426719","potions_obtained":[{"floor":2,"key":"LiquidBronze"},{"floor":11,"key":"AttackPotion"},{"floor":13,"key":"Poison Potion"},{"floor":24,"key":"Strength Potion"}],"is_trial":false,"path_per_floor":["M","M","?","M","M","R","E","R","T","R","E","?","E","?","R","B",null,"M","?","M","$","?","R","?"],"character_chosen":"DEFECT","items_purchased":["Weak Potion","Ancient Potion"],"campfire_rested":0,"item_purchase_floors":[21,21],"current_hp_per_floor":[45,45,45,44,44,44,34,34,34,34,20,20,16,39,39,35,62,48,48,39,39,53,53,19,0],"gold":185,"neow_bonus":"THREE_RARE_CARDS","is_prod":false,"is_daily":false,"chose_seed":false,"campfire_upgraded":5,"win_rate":0,"timestamp":1540352250,"path_taken":["M","M","?","M","M","R","E","R","T","R","E","?","E","?","R","BOSS","M","?","M","$","?","R","?","E"],"build_version":"2018-10-18","purchased_purges":1,"victory":false,"max_hp_per_floor":[71,71,71,71,71,71,71,71,71,71,71,71,71,71,71,71,71,71,71,71,71,71,71,81,81],"card_choices":[{"not_picked":["Hyperbeam","Seek"],"picked":"Electrodynamics","floor":0},{"not_picked":["Coolheaded","Beam Cell"],"picked":"Cold Snap","floor":1},{"not_picked":["Double Energy","Steam Power"],"picked":"Cold Snap","floor":2},{"not_picked":["Redo","Stack"],"picked":"Streamline","floor":4},{"not_picked":["Rip and Tear","Sunder"],"picked":"Ball Lightning","floor":5},{"not_picked":["Force Field","Fission"],"picked":"Go for the Eyes","floor":7},{"not_picked":["Double Energy","Chaos"],"picked":"BootSequence","floor":11},{"not_picked":["Gash","Conserve Battery"],"picked":"Capacitor","floor":13},{"not_picked":["Electrodynamics","Fission"],"picked":"Echo Form","floor":16},{"not_picked":["White Noise","Rebound"],"picked":"Turbo+1","floor":18},{"not_picked":["Rip and Tear","Go for the Eyes"],"picked":"Steam+1","floor":20},{"not_picked":["Turbo","Darkness"],"picked":"Conserve Battery","floor":24}],"player_experience":813609,"relics_obtained":[{"floor":7,"key":"Oddly Smooth Stone"},{"floor":9,"key":"Matryoshka"},{"floor":11,"key":"Calipers"},{"floor":13,"key":"Du-Vu Doll"},{"floor":24,"key":"Gambling Chip"},{"floor":24,"key":"Pear"}],"event_choices":[{"damage_healed":0,"gold_gain":0,"player_choice":"Grow","damage_taken":0,"max_hp_gain":0,"max_hp_loss":0,"event_name":"Living Wall","floor":3,"gold_loss":0,"cards_upgraded":["Electrodynamics"]},{"damage_healed":0,"gold_gain":0,"player_choice":"Ignored","damage_taken":0,"max_hp_gain":0,"max_hp_loss":0,"event_name":"Liars Game","floor":12,"gold_loss":0},{"damage_healed":23,"gold_gain":0,"player_choice":"Banana","damage_taken":0,"max_hp_gain":0,"max_hp_loss":0,"event_name":"Big Fish","floor":14,"gold_loss":0},{"damage_healed":0,"gold_gain":0,"player_choice":"Upgrade","damage_taken":0,"max_hp_gain":0,"max_hp_loss":0,"event_name":"Designer","floor":19,"gold_loss":50,"cards_upgraded":["Echo Form"]},{"damage_healed":14,"gold_gain":0,"player_choice":"Heal","damage_taken":0,"max_hp_gain":0,"max_hp_loss":0,"event_name":"The Library","floor":22,"gold_loss":0},{"damage_healed":0,"gold_gain":0,"player_choice":"Fight","damage_taken":0,"max_hp_gain":0,"max_hp_loss":0,"event_name":"Colosseum","floor":24,"gold_loss":0},{"damage_healed":0,"gold_gain":0,"player_choice":"Fought Nobs","damage_taken":0,"max_hp_gain":0,"max_hp_loss":0,"event_name":"Colosseum","floor":24,"gold_loss":0}],"is_beta":false,"boss_relics":[{"not_picked":["Empty Cage","Ectoplasm"],"picked":"FrozenCore"}],"items_purged_floors":[21],"is_endless":false,"potions_floor_spawned":[2,11,13,24],"killed_by":"Book of Stabbing","ascension_level":20}