{"path_per_floor":["M","?","M","M","?","R","M","M","T","E","R","M","M","M","R","B",null,"M","M"],"character_chosen":"IRONCLAD","items_purchased":[],"gold_per_floor":[117,192,205,216,166,166,182,200,200,225,225,236,253,273,273,371,371,388,372],"floor_reached":20,"campfire_rested":1,"playtime":1263,"current_hp_per_floor":[77,66,65,65,65,65,59,57,57,50,74,64,64,70,70,50,73,63,48],"items_purged":[],"gold":372,"score":252,"play_id":"97aba17e-7310-4b80-b2c2-52df70d2a0d2","is_prod":false,"is_daily":false,"is_ascension_mode":true,"campfire_upgraded":2,"path_taken":["M","?","M","M","?","R","M","M","T","E","R","M","M","M","R","BOSS","M","M","M"],"build_version":"2018-02-15-PROD1","purchased_purges":0,"victory":false,"master_deck":["Strike_R","Strike_R","Strike_R","Strike_R","Defend_R","Defend_R","Defend_R","Defend_R","Bash","Body Slam+1","Cleave","Ghostly Armor","Shrug It Off+1","Shrug It Off","Body Slam+1","Double Tap"],"max_hp_per_floor":[80,80,80,80,80,80,80,80,80,80,80,80,80,80,80,80,80,80,80],"relics":["Burning Blood","Molten Egg 2","Dream Catcher","Sozu"],"card_choices":[{"not_picked":["Clothesline","Rupture"],"picked":"Body Slam"},{"not_picked":["Power Through","Wild Strike"],"picked":"Cleave"},{"not_picked":["Thunderclap","Carnage"],"picked":"Ghostly Armor"},{"not_picked":["Carnage","Searing Blow"],"picked":"Shrug It Off"},{"not_picked":["Dark Embrace","Iron Wave"],"picked":"Shrug It Off"},{"not_picked":["Perfected Strike","Pommel Strike"],"picked":"Body Slam"},{"not_picked":["Fiend Fire","Exhume"],"picked":"Double Tap"}],"player_experience":222225,"potions_floor_usage":[3,10,10,16],"damage_taken":[{"damage":1,"enemies":"Small Slimes","floor":1,"turns":4},{"damage":7,"enemies":"Jaw Worm","floor":3,"turns":3},{"damage":6,"enemies":"Cultist","floor":4,"turns":4},{"damage":12,"enemies":"3 Louse","floor":7,"turns":4},{"damage":8,"enemies":"Red Slaver","floor":8,"turns":4},{"damage":13,"enemies":"3 Sentries","floor":10,"turns":5},{"damage":16,"enemies":"Blue Slaver","floor":12,"turns":5},{"damage":6,"enemies":"Looter","floor":13,"turns":3},{"damage":0,"enemies":"Exordium Wildlife","floor":14,"turns":5},{"damage":26,"enemies":"The Guardian","floor":16,"turns":15},{"damage":16,"enemies":"Shell Parasite","floor":18,"turns":5},{"damage":21,"enemies":"2 Thieves","floor":19,"turns":4},{"damage":50,"enemies":"Chosen and Byrds","floor":20,"turns":8}],"event_choices":[{"event_name":"World of Goop","player_choice":"Gather Gold","floor":2,"damage_taken":0},{"event_name":"The Cleric","player_choice":"Card Removal","floor":5,"damage_taken":0}],"boss_relics":[{"not_picked":["Pandora\u0027s Box","Black Star"],"picked":"Sozu"}],"potions_floor_spawned":[3,7,10,16,18,19],"seed_played":"8834567243242271143","killed_by":"Chosen and Byrds","ascension_level":8,"is_trial":false}