{"path_per_floor":["M","$","?","T","$","R","E","$","T","$","M","E","M","M","R","B",null,"M","?","?","M"],"character_chosen":"THE_SILENT","items_purchased":["Deflect","Bane","Terror","Dash"],"gold_per_floor":[117,42,42,66,66,66,94,24,97,60,76,111,124,134,134,237,237,251,351,351,370],"floor_reached":22,"campfire_rested":1,"playtime":1792,"current_hp_per_floor":[70,70,70,70,70,70,54,54,54,54,52,36,35,23,44,8,70,70,70,70,58],"items_purged":[],"gold":370,"score":192,"play_id":"d8f43ddc-d576-4b14-be57-4919eb4772eb","is_prod":false,"is_daily":false,"is_ascension_mode":false,"campfire_upgraded":1,"path_taken":["M","$","?","?","$","R","E","$","T","?","M","E","?","M","R","BOSS","M","?","?","M","M"],"build_version":"2018-02-15-PROD1","purchased_purges":0,"victory":false,"master_deck":["Defend_G","Defend_G","Defend_G","Defend_G","Defend_G","Strike_G","Strike_G","Strike_G","Strike_G","Strike_G","Survivor+1","Neutralize","Deadly Poison+1","Deflect","Bane","Blade Dance","Terror","Dash","Infinite Blades","A Thousand Cuts","Escape Plan","Acrobatics","Burst","Dagger Spray","Poisoned Stab","Sucker Punch","Dagger Spray","Flying Knee","Bouncing Flask","Bouncing Flask","Bouncing Flask"],"max_hp_per_floor":[70,70,70,70,70,70,70,70,70,70,70,70,70,70,70,70,70,70,70,70,70],"relics":["Ring of the Snake","Bronze Scales","Mummified Hand","Toolbox","Vajra","Orrery"],"card_choices":[{"not_picked":["Heel Hook","Blur"],"picked":"Deadly Poison"},{"not_picked":["Dagger Spray","Quick Slash"],"picked":"Blade Dance"},{"not_picked":["Flechettes","Dagger Throw"],"picked":"Infinite Blades"},{"not_picked":["Outmaneuver","Slice"],"picked":"A Thousand Cuts"},{"not_picked":["Riddle With Holes","Deadly Poison"],"picked":"Escape Plan"},{"not_picked":["Calculated Gamble","Terror"],"picked":"Acrobatics"},{"not_picked":["Phantasmal Killer","Unload"],"picked":"Burst"},{"not_picked":["Outmaneuver","Acrobatics"],"picked":"Dagger Spray"},{"not_picked":["Prepared","Venomology"],"picked":"Poisoned Stab"},{"not_picked":["Acrobatics","Bane"],"picked":"Sucker Punch"},{"not_picked":["Riddle With Holes","Quick Slash"],"picked":"Dagger Spray"},{"not_picked":["A Thousand Cuts","Footwork"],"picked":"Flying Knee"},{"not_picked":["Calculated Gamble","Slice"],"picked":"Bouncing Flask"},{"not_picked":["Deadly Poison","Dodge and Roll"],"picked":"Bouncing Flask"}],"player_experience":32594,"potions_floor_usage":[7],"damage_taken":[{"damage":0,"enemies":"Small Slimes","floor":1,"turns":4},{"damage":16,"enemies":"3 Sentries","floor":7,"turns":9},{"damage":2,"enemies":"Jaw Worm","floor":11,"turns":3},{"damage":16,"enemies":"Lagavulin","floor":12,"turns":6},{"damage":1,"enemies":"Cultist","floor":13,"turns":2},{"damage":12,"enemies":"Exordium Wildlife","floor":14,"turns":4},{"damage":36,"enemies":"Slime Boss","floor":16,"turns":11},{"damage":0,"enemies":"Chosen","floor":18,"turns":4},{"damage":12,"enemies":"Shell Parasite","floor":21,"turns":3},{"damage":60,"enemies":"Centurion and Healer","floor":22,"turns":7}],"event_choices":[{"event_name":"Golden Wing","player_choice":"Ignored","floor":3,"damage_taken":0},{"event_name":"Golden Shrine","player_choice":"Pray","floor":19,"damage_taken":0},{"event_name":"Duplicator","player_choice":"One dupe","floor":20,"damage_taken":0}],"boss_relics":[{"not_picked":["Runic Dome","Cursed Key"],"picked":"Orrery"}],"potions_floor_spawned":[1,11],"seed_played":"-1018450954492330170","killed_by":"Centurion and Healer","ascension_level":0,"is_trial":false}