{"gold_per_floor":[109,109,119,129,142,142,176,176,176,176,15,15,42,77,77,173,173,184,184,200,217,217,217,242,242,242,261,277,290,306,332,332,433,433,450,461,516,536,551,582,582,582,582,595,595,607,607,86,86,86],"floor_reached":50,"playtime":3128,"items_purged":["Strike_B","Defend_B"],"score":681,"play_id":"358d3815-d583-4cb0-89f5-5c1575f82f2e","local_time":"20180630095853","is_ascension_mode":true,"campfire_choices":[{"data":"Loop","floor":6,"key":"SMITH"},{"data":"Electrodynamics","floor":10,"key":"SMITH"},{"data":"Defragment","floor":12,"key":"SMITH"},{"data":"Coolheaded","floor":15,"key":"SMITH"},{"data":"Glacier","floor":23,"key":"SMITH"},{"data":"BootSequence","floor":25,"key":"SMITH"},{"data":"Force Field","floor":32,"key":"SMITH"},{"data":"Strike_B","floor":42,"key":"PURGE"},{"data":"Defend_B","floor":47,"key":"PURGE"},{"floor":49,"key":"REST"}],"neow_cost":"","seed_source_timestamp":6863464216153,"circlet_count":0,"master_deck":["Strike_B+1","Strike_B+1","Defend_B+1","Defend_B","Zap+1","Dualcast+1","Self Repair+1","Cold Snap","Leap+1","Loop+1","Electrodynamics+1","Defragment+1","Coolheaded+1","Self Repair","BootSequence+1","Electrodynamics+1","Force Field+1","Defragment+1","Conserve Battery","Leap","Glacier+1","Conserve Battery+1","Amplify","Chaos+1","Hologram+1","Darkness+1","Multi-Cast","Madness","Thinking Ahead","Reprogram+1","Madness"],"relics":["Cracked Core","War Paint","Matryoshka","Odd Mushroom","Frozen Egg 2","Orrery","Nilry\u0027s Codex","Emotion Chip","Omamori","Bottled Lightning","Anchor","Runic Dome","Peace Pipe","Kunai","Whetstone","Dodecahedron","Regal Pillow","Tiny Chest"],"potions_floor_usage":[16,20,21,24,31,33,40,50,50,50],"damage_taken":[{"damage":2,"enemies":"Jaw Worm","floor":1,"turns":3},{"damage":0,"enemies":"Cultist","floor":3,"turns":4},{"damage":0,"enemies":"Small Slimes","floor":4,"turns":3},{"damage":10,"enemies":"3 Louse","floor":5,"turns":4},{"damage":20,"enemies":"3 Sentries","floor":7,"turns":6},{"damage":0,"floor":13,"turns":1},{"damage":9,"enemies":"Gremlin Nob","floor":14,"turns":4},{"damage":9,"enemies":"Hexaghost","floor":16,"turns":9},{"damage":0,"enemies":"Spheric Guardian","floor":18,"turns":3},{"damage":0,"enemies":"Chosen","floor":20,"turns":4},{"damage":12,"enemies":"Centurion and Healer","floor":21,"turns":5},{"damage":36,"enemies":"Gremlin Leader","floor":24,"turns":9},{"damage":0,"enemies":"Snecko","floor":27,"turns":5},{"damage":0,"enemies":"Sentry and Sphere","floor":28,"turns":6},{"damage":0,"enemies":"3 Cultists","floor":29,"turns":3},{"damage":0,"enemies":"Cultist and Chosen","floor":30,"turns":4},{"damage":29,"enemies":"Slavers","floor":31,"turns":4},{"damage":42,"enemies":"Champ","floor":33,"turns":18},{"damage":1,"enemies":"3 Darklings","floor":35,"turns":4},{"damage":0,"enemies":"3 Shapes","floor":36,"turns":4},{"damage":14,"floor":37,"turns":3},{"damage":3,"enemies":"3 Darklings","floor":38,"turns":4},{"damage":21,"enemies":"Maw","floor":39,"turns":8},{"damage":22,"enemies":"2 Orb Walkers","floor":40,"turns":3},{"damage":0,"enemies":"4 Shapes","floor":44,"turns":3},{"damage":3,"enemies":"Sphere and 2 Shapes","floor":46,"turns":4},{"damage":80,"enemies":"Awakened One","floor":50,"turns":21}],"seed_played":"2049203656400610473","potions_obtained":[{"floor":4,"key":"Ancient Potion"},{"floor":5,"key":"LiquidBronze"},{"floor":13,"key":"SneckoOil"},{"floor":16,"key":"Swift Potion"},{"floor":21,"key":"Dexterity Potion"},{"floor":29,"key":"SteroidPotion"},{"floor":30,"key":"PowerPotion"},{"floor":31,"key":"Fire Potion"},{"floor":35,"key":"PowerPotion"},{"floor":39,"key":"Block Potion"},{"floor":40,"key":"Explosive Potion"},{"floor":46,"key":"PowerPotion"}],"is_trial":false,"path_per_floor":["M","?","M","M","M","R","E","?","T","R","$","R","?","E","R","B",null,"M","?","M","M","?","R","E","R","T","M","M","M","M","E","R","B",null,"M","M","?","M","M","E","?","R","T","M","?","M","R","$","R"],"character_chosen":"DEFECT","items_purchased":["Defragment","Coolheaded","Madness","Explosive Potion","Regal Pillow","Tiny Chest"],"campfire_rested":1,"item_purchase_floors":[11,11,48,48,48,48],"current_hp_per_floor":[66,66,73,75,72,72,59,44,44,44,44,44,44,45,45,53,70,70,56,73,78,62,62,43,43,43,60,70,80,80,68,68,43,71,80,80,73,80,76,71,61,61,61,61,61,68,68,68,80,0],"gold":86,"neow_bonus":"","is_prod":false,"is_daily":false,"chose_seed":false,"campfire_upgraded":7,"win_rate":0,"timestamp":1530367133,"path_taken":["M","?","?","M","M","R","E","?","T","R","$","R","?","E","R","BOSS","M","?","M","M","?","R","E","R","T","M","M","?","M","E","R","BOSS","M","M","?","M","M","E","?","R","T","?","?","?","R","$","R","BOSS"],"build_version":"2018-06-28","purchased_purges":2,"victory":false,"max_hp_per_floor":[75,75,75,75,75,75,75,75,75,75,75,75,75,75,75,75,75,75,80,80,80,80,80,80,80,80,80,80,80,80,80,80,80,80,80,80,80,80,80,80,80,80,80,80,80,80,80,80,80,80],"card_choices":[{"not_picked":["Ball Lightning","White Noise"],"picked":"Self Repair","floor":1},{"not_picked":["Reprogram","White Noise"],"picked":"Cold Snap","floor":3},{"not_picked":["Rebound","Ball Lightning"],"picked":"Leap","floor":4},{"not_picked":["Coolheaded","Hologram"],"picked":"Loop","floor":5},{"not_picked":["Double Energy","Beam Cell"],"picked":"Electrodynamics","floor":7},{"not_picked":["Genetic Algorithm","Tempest"],"picked":"Self Repair","floor":13},{"not_picked":["Turbo","Stack"],"picked":"BootSequence","floor":14},{"not_picked":["Seek","Multi-Cast"],"picked":"Electrodynamics+1","floor":16},{"not_picked":["Reinforced Body","Leap"],"picked":"Force Field","floor":17},{"not_picked":["Streamline","Reprogram"],"picked":"Defragment+1","floor":17},{"not_picked":["Barrage","Ball Lightning"],"picked":"Conserve Battery","floor":17},{"not_picked":["Streamline","Conserve Battery"],"picked":"Leap","floor":18},{"not_picked":["Fusion","Reprogram","Hello World+1"],"picked":"SKIP","floor":20},{"not_picked":["Heatsinks+1","Redo"],"picked":"Glacier","floor":21},{"not_picked":["All For One","Coolheaded","Sweeping Beam"],"picked":"SKIP","floor":24},{"not_picked":["Doom and Gloom+1","Stack","Beam Cell"],"picked":"SKIP","floor":27},{"not_picked":["Compile Driver+1","Ball Lightning+1"],"picked":"Conserve Battery+1","floor":28},{"not_picked":["Barrage","Beam Cell","Steam+1"],"picked":"SKIP","floor":29},{"not_picked":["Beam Cell","Hologram"],"picked":"Amplify","floor":30},{"not_picked":["Steam","Leap","Gash"],"picked":"SKIP","floor":31},{"not_picked":["Turbo","Aggregate+1","Streamline"],"picked":"SKIP","floor":35},{"not_picked":["Barrage","FTL+1"],"picked":"Chaos+1","floor":36},{"not_picked":["Defragment+1","Lockon"],"picked":"Hologram+1","floor":37},{"not_picked":["Storm+1","FTL"],"picked":"Darkness+1","floor":38},{"not_picked":["Compile Driver+1","All For One","Undo+1"],"picked":"SKIP","floor":39},{"not_picked":["Rebound+1","Hologram+1"],"picked":"Multi-Cast","floor":40},{"not_picked":["Dark Shackles","Secret Weapon"],"picked":"Madness","floor":41},{"not_picked":["Transmutation","Secret Weapon"],"picked":"Thinking Ahead","floor":41},{"not_picked":["Gash","Sunder","Turbo+1"],"picked":"SKIP","floor":44},{"not_picked":["Compile Driver","Streamline+1"],"picked":"Reprogram+1","floor":46}],"player_experience":347617,"relics_obtained":[{"floor":7,"key":"War Paint"},{"floor":9,"key":"Matryoshka"},{"floor":13,"key":"Odd Mushroom"},{"floor":14,"key":"Frozen Egg 2"},{"floor":22,"key":"Nilry\u0027s Codex"},{"floor":24,"key":"Emotion Chip"},{"floor":26,"key":"Omamori"},{"floor":26,"key":"Bottled Lightning"},{"floor":31,"key":"Anchor"},{"floor":37,"key":"Peace Pipe"},{"floor":40,"key":"Kunai"},{"floor":43,"key":"Whetstone"},{"floor":43,"key":"Dodecahedron"}],"event_choices":[{"event_name":"Living Wall","player_choice":"Grow","floor":2,"damage_taken":0},{"event_name":"Shining Light","player_choice":"Entered Light","floor":8,"damage_taken":0},{"event_name":"Mushrooms","player_choice":"Fought Mushrooms","floor":13,"damage_taken":0},{"event_name":"Forgotten Altar","player_choice":"Shed Blood","floor":19,"damage_taken":0},{"event_name":"Cursed Tome","player_choice":"Obtained Book","floor":22,"damage_taken":0},{"event_name":"Mysterious Sphere","player_choice":"Fight","floor":37,"damage_taken":0},{"event_name":"SensoryStone","player_choice":"Memory 3","floor":41,"damage_taken":0},{"event_name":"Wheel of Change","player_choice":"Curse","floor":45,"damage_taken":0}],"boss_relics":[{"not_picked":["Philosopher\u0027s Stone","Nuclear Battery"],"picked":"Orrery"},{"not_picked":["Velvet Choker","Runic Pyramid"],"picked":"Runic Dome"}],"items_purged_floors":[11,48],"is_endless":false,"potions_floor_spawned":[4,5,13,16,18,21,29,30,31,35,39,40,46],"killed_by":"Awakened One","ascension_level":6}