{"path_per_floor":["M","?","M","M","M","R","M","?","T","R","M","$","R","?","R","B",null,"M","M","?","M","?","R","E","?","T","M","$","M","M"],"character_chosen":"IRONCLAD","items_purchased":["Purity"],"gold_per_floor":[114,114,132,150,160,160,174,174,200,200,213,138,138,138,138,243,243,263,273,273,291,291,291,317,317,371,389,185,201,217],"floor_reached":31,"campfire_rested":0,"playtime":2469,"current_hp_per_floor":[80,80,80,76,55,55,58,42,42,42,44,44,44,44,44,40,80,53,55,55,49,49,49,35,35,35,45,45,37,13],"items_purged":["Strike_R","Twin Strike"],"gold":217,"play_id":"65e95e47-e822-4745-96d7-2b99db0ab168","is_prod":false,"is_daily":false,"is_ascension_mode":false,"campfire_upgraded":5,"path_taken":["M","?","?","M","M","R","M","?","T","R","M","?","R","?","R","BOSS","M","M","?","?","?","R","E","?","T","?","$","M","M","M"],"build_version":"2018-01-25-PROD3","purchased_purges":3,"victory":false,"master_deck":["Defend_R","Defend_R","Bash+1","Body Slam+1","Metallicize+1","Cleave+1","Battle Trance+1","Demon Form+1","Brutality+1","Bludgeon+1","Hemokinesis+1","True Grit+1","Bite_R","Bite_R","Bite_R","Bite_R","Bite_R","Warcry+1","Writhe","Purity","Shrug It Off+1","Heavy Blade+1"],"max_hp_per_floor":[80,80,80,80,80,80,80,80,80,80,80,80,80,80,80,80,80,80,80,80,80,56,56,56,56,56,56,56,56,56],"relics":["Burning Blood","Happy Flower","Astrolabe","Matryoshka","Mercury Hourglass","Letter Opener","Vajra"],"card_choices":[{"not_picked":["Anger","Thunderclap"],"picked":"Body Slam"},{"not_picked":["Blood for Blood","Sever Soul"],"picked":"Metallicize"},{"not_picked":["Hemokinesis","Uppercut"],"picked":"Cleave"},{"not_picked":["Pommel Strike","Body Slam"],"picked":"Twin Strike"},{"not_picked":["Thunderclap","Intimidate"],"picked":"Battle Trance"},{"not_picked":["Dark Embrace","Offering"],"picked":"Demon Form"},{"not_picked":["Shrug It Off","Heavy Blade"],"picked":"True Grit"},{"not_picked":["Intimidate","Clothesline"],"picked":"Warcry"},{"not_picked":["Anger","Headbutt"],"picked":"Shrug It Off"},{"not_picked":["Disarm","Cleave"],"picked":"Heavy Blade"}],"player_experience":56208,"potions_floor_usage":[7,16,24,24,24],"damage_taken":[{"damage":5,"enemies":"Cultist","floor":1,"turns":4},{"damage":0,"enemies":"Small Slimes","floor":3,"turns":4},{"damage":10,"enemies":"Blue Slaver","floor":4,"turns":6},{"damage":27,"enemies":"Gremlin Gang","floor":5,"turns":8},{"damage":3,"enemies":"Exordium Wildlife","floor":7,"turns":7},{"damage":4,"enemies":"Exordium Thugs","floor":11,"turns":5},{"damage":10,"enemies":"Slime Boss","floor":16,"turns":7},{"damage":33,"enemies":"3 Byrds","floor":18,"turns":6},{"damage":4,"enemies":"Shell Parasite","floor":19,"turns":5},{"damage":12,"enemies":"Centurion and Healer","floor":21,"turns":6},{"damage":36,"enemies":"Gremlin Leader","floor":24,"turns":8},{"damage":2,"enemies":"Snecko","floor":27,"turns":3},{"damage":26,"enemies":"Sentry and Sphere","floor":29,"turns":5},{"damage":36,"enemies":"Centurion and Healer","floor":30,"turns":4},{"damage":21,"enemies":"Snake Plant","floor":31,"turns":4}],"event_choices":[{"event_name":"Liars Game","player_choice":"disagreed","floor":2,"damage_taken":0},{"event_name":"Shining Light","player_choice":"Entered Light","floor":8,"damage_taken":0},{"event_name":"Bonfire Elementals","player_choice":"BASIC","floor":14,"damage_taken":0},{"event_name":"Back to Basics","player_choice":"Elegance","floor":20,"damage_taken":0},{"event_name":"Vampires","player_choice":"Became a vampire","floor":22,"damage_taken":0},{"event_name":"The Mausoleum","player_choice":"Yes","floor":25,"damage_taken":0}],"boss_relics":[{"not_picked":["Snecko Eye","Ectoplasm"],"picked":"Astrolabe"}],"potions_floor_spawned":[1,4,16,18,21,24],"seed_played":"-8449097251020510181","killed_by":"Snake Plant","ascension_level":0,"is_trial":false}