{"gold_per_floor":[117,117,136,151,0,18,49,59,59,59,88,28,28],"floor_reached":13,"playtime":380,"items_purged":[],"score":181,"play_id":"c9a7735d-e412-4742-8d98-0320e22734fe","local_time":"20190421152750","is_ascension_mode":true,"campfire_choices":[{"floor":10,"key":"REST"}],"neow_cost":"NONE","seed_source_timestamp":532627544258085,"circlet_count":0,"master_deck":["AscendersBane","Defend_G","Defend_G","Defend_G","Defend_G","Defend_G","Strike_G","Strike_G","Strike_G","Strike_G","Survivor","Neutralize","Dagger Throw","Poisoned Stab","Glass Knife","Dash","Dagger Spray","Noxious Fumes","Deflect","Well Laid Plans"],"special_seed":0,"relics":["Eternal Feather","Strawberry","Ancient Tea Set","PreservedInsect"],"potions_floor_usage":[7,8,11],"damage_taken":[{"damage":5.0,"enemies":"Cultist","floor":1.0,"turns":5.0},{"damage":0.0,"enemies":"2 Louse","floor":3.0,"turns":4.0},{"damage":2.0,"enemies":"Jaw Worm","floor":4.0,"turns":4.0},{"damage":2,"enemies":"Looter","floor":6,"turns":3},{"damage":34,"enemies":"Lagavulin","floor":7,"turns":7},{"damage":22,"enemies":"Lots of Slimes","floor":8,"turns":3},{"damage":25,"enemies":"Gremlin Nob","floor":11,"turns":5},{"damage":19,"enemies":"Gremlin Gang","floor":13,"turns":3}],"seed_played":"6783463479187468493","potions_obtained":[{"floor":1.0,"key":"Swift Potion"},{"floor":3.0,"key":"Swift Potion"},{"floor":6,"key":"GhostInAJar"},{"floor":7,"key":"Ancient Potion"}],"is_trial":false,"path_per_floor":["M","?","M","M","$","M","E","M","T","R","E","?","M"],"character_chosen":"THE_SILENT","items_purchased":["Glass Knife","Dash"],"campfire_rested":1,"item_purchase_floors":[5,5],"current_hp_per_floor":[54,54,54,52,52,50,23,1,1,31,6,6,0],"gold":28,"neow_bonus":"BOSS_RELIC","is_prod":false,"is_daily":false,"chose_seed":false,"campfire_upgraded":0,"win_rate":0,"timestamp":1555874870,"path_taken":["M","?","?","M","?","M","E","?","T","R","E","?","M"],"build_version":"2019-01-23","purchased_purges":0,"victory":false,"max_hp_per_floor":[66,66,66,66,66,66,73,73,73,73,73,73,73],"card_choices":[{"not_picked":["Reflex","Slice","Bane"],"picked":"SKIP","floor":1.0},{"not_picked":["Slice","Deflect"],"picked":"Dagger Throw","floor":3.0},{"not_picked":["Accuracy","Expertise"],"picked":"Poisoned Stab","floor":4.0},{"not_picked":["Endless Agony","Cloak And Dagger"],"picked":"Dagger Spray","floor":6},{"not_picked":["Slice","Concentrate"],"picked":"Noxious Fumes","floor":7},{"not_picked":["Sucker Punch","Blade Dance"],"picked":"Deflect","floor":8},{"not_picked":["Dodge and Roll","Backstab"],"picked":"Well Laid Plans","floor":11}],"player_experience":502045,"relics_obtained":[{"floor":7,"key":"Strawberry"},{"floor":9,"key":"Ancient Tea Set"},{"floor":11,"key":"PreservedInsect"}],"event_choices":[{"cards_removed":["Strike_G"],"damage_healed":0.0,"max_hp_gain":0.0,"max_hp_loss":0.0,"gold_gain":0.0,"event_name":"Bonfire Elementals","player_choice":"Offered Basic","floor":2.0,"gold_loss":0.0,"damage_taken":0.0},{"damage_healed":0,"gold_gain":0,"player_choice":"Left Gold","damage_taken":0,"max_hp_gain":0,"max_hp_loss":0,"event_name":"World of Goop","floor":12,"gold_loss":60}],"is_beta":false,"boss_relics":[],"items_purged_floors":[],"is_endless":false,"potions_floor_spawned":[1,3,6,7],"killed_by":"Gremlin Gang","ascension_level":18}