{"gold_per_floor":[111,131,70,81,94,126,141,176,202,216,249,249,249,277,277,351,351,368,388,388,69,82,82,7,34,34,34,34,65,111,111],"floor_reached":31,"playtime":1209,"items_purged":["Clash"],"score":538,"play_id":"a91fde03-3e26-4beb-9f18-201bc9f79887","local_time":"20181124233630","is_ascension_mode":true,"campfire_choices":[{"data":"Rampage","floor":12,"key":"SMITH"},{"data":"Uppercut","floor":15,"key":"SMITH"},{"data":"True Grit","floor":23,"key":"SMITH"}],"neow_cost":"PERCENT_DAMAGE","seed_source_timestamp":351476416060074,"circlet_count":0,"master_deck":["AscendersBane","Bash","Uppercut+1","Metallicize","Rampage+1","Dropkick","Reaper","Shrug It Off","Iron Wave","Shrug It Off","Pommel Strike","Feed","Carnage+1","Fire Breathing","Pommel Strike+1","Battle Trance","Iron Wave","Intimidate","Headbutt","Flex","Discovery","True Grit+1","Iron Wave","Ghostly","Ghostly","Ghostly","Spot Weakness","Iron Wave"],"relics":["Burning Blood","Turnip","Bag of Marbles","Sundial","Red Skull","Pen Nib","Odd Mushroom","Pandora\u0027s Box","Whetstone","Blood Vial","Prayer Wheel","Orichalcum","Boot"],"potions_floor_usage":[6,8,11,16,25,29],"damage_taken":[{"damage":8,"enemies":"2 Louse","floor":1,"turns":3},{"damage":10,"enemies":"Jaw Worm","floor":2,"turns":4},{"damage":2,"enemies":"Cultist","floor":4,"turns":4},{"damage":0,"enemies":"Large Slime","floor":5,"turns":7},{"damage":25,"enemies":"3 Sentries","floor":6,"turns":11},{"damage":6,"enemies":"Looter","floor":7,"turns":4},{"damage":9,"enemies":"Gremlin Nob","floor":8,"turns":4},{"damage":0,"enemies":"3 Louse","floor":10,"turns":3},{"damage":17,"enemies":"3 Sentries","floor":11,"turns":8},{"damage":7,"enemies":"The Mushroom Lair","floor":14,"turns":5},{"damage":5,"enemies":"The Guardian","floor":16,"turns":10},{"damage":7,"enemies":"Chosen","floor":18,"turns":4},{"damage":14,"enemies":"Spheric Guardian","floor":19,"turns":4},{"damage":23,"enemies":"Snake Plant","floor":22,"turns":4},{"damage":13,"enemies":"Book of Stabbing","floor":25,"turns":4},{"damage":16,"enemies":"Slavers","floor":29,"turns":8},{"damage":51,"enemies":"3 Cultists","floor":31,"turns":6}],"seed_played":"4357716470889943348","potions_obtained":[{"floor":1,"key":"Weak Potion"},{"floor":4,"key":"PowerPotion"},{"floor":8,"key":"Block Potion"},{"floor":10,"key":"LiquidBronze"},{"floor":11,"key":"Fire Potion"},{"floor":19,"key":"LiquidBronze"}],"is_trial":false,"path_per_floor":["M","M","?","M","M","E","M","E","T","M","E","R","?","?","R","B",null,"M","M","?","$","M","R","?","E","T","?","?","E","T","M"],"character_chosen":"IRONCLAD","items_purchased":["Whetstone","Discovery"],"campfire_rested":0,"item_purchase_floors":[21,21],"current_hp_per_floor":[48,44,44,48,54,35,35,32,32,45,41,41,34,50,50,52,69,68,63,41,41,27,27,27,20,20,20,20,24,24,0],"gold":111,"neow_bonus":"ONE_RARE_RELIC","is_prod":false,"is_daily":false,"chose_seed":false,"campfire_upgraded":3,"win_rate":0,"timestamp":1543120590,"path_taken":["M","M","?","M","M","E","M","E","T","M","E","R","?","?","R","BOSS","M","M","?","$","M","R","?","E","T","?","?","E","?","M"],"build_version":"2018-11-15","purchased_purges":1,"victory":false,"max_hp_per_floor":[75,75,75,75,75,75,75,75,75,75,75,75,75,75,75,75,75,75,78,83,83,86,86,86,86,86,43,43,43,43,43],"card_choices":[{"not_picked":["Iron Wave","Combust"],"picked":"Uppercut","floor":1},{"not_picked":["Flex","Burning Pact"],"picked":"Metallicize","floor":2},{"not_picked":["Sword Boomerang","Second Wind"],"picked":"Rampage","floor":4},{"not_picked":["Perfected Strike","Body Slam"],"picked":"Dropkick","floor":5},{"not_picked":["Juggernaut","Warcry"],"picked":"Reaper","floor":6},{"not_picked":["Twin Strike","True Grit"],"picked":"Shrug It Off","floor":7},{"not_picked":["Clash","Pommel Strike"],"picked":"Iron Wave","floor":8},{"not_picked":["Fire Breathing","Anger","Iron Wave"],"picked":"SKIP","floor":10},{"not_picked":["Dark Embrace","Heavy Blade"],"picked":"Shrug It Off","floor":11},{"not_picked":["Dropkick","Clothesline"],"picked":"Pommel Strike","floor":14},{"not_picked":["Double Tap","Juggernaut"],"picked":"Feed","floor":16},{"not_picked":["Shrug It Off","Havoc"],"picked":"Headbutt","floor":18},{"not_picked":["Perfected Strike","Infernal Blade"],"picked":"Flex","floor":19},{"not_picked":["Bloodletting+1","Entrench"],"picked":"True Grit","floor":22},{"not_picked":["Feel No Pain","Second Wind"],"picked":"Iron Wave","floor":25},{"not_picked":["Infernal Blade","Shockwave"],"picked":"Iron Wave","floor":29}],"player_experience":940228,"relics_obtained":[{"floor":6,"key":"Bag of Marbles"},{"floor":8,"key":"Sundial"},{"floor":9,"key":"Red Skull"},{"floor":11,"key":"Pen Nib"},{"floor":14,"key":"Odd Mushroom"},{"floor":25,"key":"Blood Vial"},{"floor":26,"key":"Prayer Wheel"},{"floor":29,"key":"Orichalcum"},{"floor":30,"key":"Boot"}],"event_choices":[{"damage_healed":0,"gold_gain":0,"player_choice":"Left Gold","damage_taken":0,"max_hp_gain":0,"max_hp_loss":0,"event_name":"World of Goop","floor":3,"gold_loss":61},{"cards_removed":["Strike_R"],"damage_healed":0,"gold_gain":0,"player_choice":"Card Removal","damage_taken":7,"max_hp_gain":0,"max_hp_loss":0,"event_name":"Golden Wing","floor":13,"gold_loss":0},{"damage_healed":0,"gold_gain":0,"player_choice":"Fought Mushrooms","damage_taken":0,"max_hp_gain":0,"max_hp_loss":0,"event_name":"Mushrooms","floor":14,"gold_loss":0},{"damage_healed":0,"gold_gain":0,"player_choice":"Shed Blood","damage_taken":27,"max_hp_gain":5,"max_hp_loss":0,"event_name":"Forgotten Altar","floor":20,"gold_loss":0},{"cards_removed":["Reckless Charge"],"damage_healed":0,"gold_gain":0,"player_choice":"Gave Gold","damage_taken":0,"max_hp_gain":0,"max_hp_loss":0,"event_name":"Beggar","floor":24,"gold_loss":75},{"damage_healed":0,"gold_gain":0,"player_choice":"Became a Ghost","damage_taken":0,"max_hp_gain":0,"max_hp_loss":43,"event_name":"Ghosts","floor":27,"gold_loss":0,"cards_obtained":["Ghostly","Ghostly","Ghostly"]},{"damage_healed":0,"gold_gain":0,"player_choice":"Read","damage_taken":0,"max_hp_gain":0,"max_hp_loss":0,"event_name":"The Library","floor":28,"gold_loss":0,"cards_obtained":["Spot Weakness"]}],"is_beta":false,"boss_relics":[{"not_picked":["White Beast Statue","Runic Dome"],"picked":"Pandora\u0027s Box"}],"items_purged_floors":[21],"is_endless":false,"potions_floor_spawned":[1,4,8,10,11,19],"killed_by":"3 Cultists","ascension_level":15}