{"path_per_floor":["M","M","?","?","$","R","M","R","T","?","M","R","M","M","R","B",null,"M","?","?","M","M","R","E","M","T","R","M","R","?","?","R"],"character_chosen":"THE_SILENT","items_purchased":["Footwork","Dagger Spray"],"gold_per_floor":[366,377,377,377,202,202,212,212,212,162,177,177,196,216,216,320,320,331,331,331,348,362,362,395,414,414,414,425,425,425,425,425],"floor_reached":33,"campfire_rested":4,"playtime":2079,"current_hp_per_floor":[58,56,44,37,37,55,55,55,55,55,55,55,56,46,46,18,50,50,34,34,30,28,28,18,12,12,30,7,25,25,25,43],"items_purged":["Strike_G"],"gold":425,"score":398,"play_id":"6ec5d528-0e7a-40c2-8694-d2eaeb0cad78","is_prod":false,"is_daily":false,"is_ascension_mode":true,"campfire_upgraded":4,"path_taken":["M","M","?","?","$","R","?","R","T","?","?","R","M","M","R","BOSS","M","?","?","?","M","R","E","M","T","R","M","R","?","?","R","BOSS"],"build_version":"2018-02-22-PROD2","purchased_purges":1,"victory":false,"master_deck":["Defend_G+1","Defend_G+1","Defend_G+1","Defend_G+1","Defend_G+1","Strike_G+1","Strike_G+1","Strike_G+1","Survivor","Neutralize+1","Blur","Footwork+1","Footwork+1","Dagger Spray+1","Acrobatics","Dodge and Roll+1","Venomology","Backflip","Necronomicurse","Prepared","Prepared","Prepared","Deadly Poison+1","Noxious Fumes+1","Flechettes+1"],"max_hp_per_floor":[63,63,63,60,60,60,60,60,60,60,60,60,60,60,60,60,60,60,60,60,60,60,60,60,60,60,60,60,60,60,60,60],"relics":["Ring of the Snake","Molten Egg 2","Tingsha","Runic Dome","Necronomicon","Prayer Wheel","Blue Candle"],"card_choices":[{"not_picked":["Prepared","Quick Slash"],"picked":"Blur"},{"not_picked":["Flying Knee","Expertise"],"picked":"Footwork"},{"not_picked":["Infinite Blades","Concentrate"],"picked":"Acrobatics"},{"not_picked":["Bullet Time","Eviscerate"],"picked":"Dodge and Roll"},{"not_picked":["Phantasmal Killer","Envenom"],"picked":"Venomology"},{"not_picked":["PiercingWail","Dodge and Roll"],"picked":"Backflip"},{"not_picked":["Catalyst","Underhanded Strike"],"picked":"Prepared"},{"not_picked":["Outmaneuver","Venomology"],"picked":"Prepared"},{"not_picked":["Dagger Throw","Skewer"],"picked":"Prepared"},{"not_picked":["Expertise","Prepared"],"picked":"Deadly Poison"},{"not_picked":["Underhanded Strike","Cloak And Dagger"],"picked":"Noxious Fumes"},{"not_picked":["Grand Finale","Outmaneuver"],"picked":"Flechettes"}],"player_experience":289982,"potions_floor_usage":[13,14,14,22,24,24,24,24,25,33,33,33],"damage_taken":[{"damage":5,"enemies":"2 Louse","floor":1,"turns":5},{"damage":2,"enemies":"Jaw Worm","floor":2,"turns":5},{"damage":0,"enemies":"Cultist","floor":7,"turns":4},{"damage":0,"enemies":"Blue Slaver","floor":11,"turns":7},{"damage":8,"enemies":"2 Fungi Beasts","floor":13,"turns":4},{"damage":10,"enemies":"Gremlin Gang","floor":14,"turns":8},{"damage":28,"enemies":"Slime Boss","floor":16,"turns":24},{"damage":0,"enemies":"Shell Parasite","floor":18,"turns":13},{"damage":4,"enemies":"Spheric Guardian","floor":21,"turns":8},{"damage":2,"enemies":"Slaver and Parasite","floor":22,"turns":9},{"damage":10,"enemies":"Book of Stabbing","floor":24,"turns":9},{"damage":6,"enemies":"Snake Plant","floor":25,"turns":9},{"damage":23,"enemies":"Chosen and Byrds","floor":28,"turns":8},{"damage":57,"enemies":"Champ","floor":33,"turns":14}],"event_choices":[{"event_name":"Scrap Ooze","player_choice":"success","floor":3,"damage_taken":12},{"event_name":"Golden Wing","player_choice":"Card Removal","floor":4,"damage_taken":0},{"event_name":"The Cleric","player_choice":"Card Removal","floor":10,"damage_taken":0},{"event_name":"Cursed Tome","player_choice":"Obtained Book","floor":19,"damage_taken":0},{"event_name":"Back to Basics","player_choice":"Simplicity","floor":20,"damage_taken":0},{"event_name":"Drug Dealer","player_choice":"Ignored","floor":30,"damage_taken":0},{"event_name":"Vampires","player_choice":"Ignored","floor":31,"damage_taken":0}],"boss_relics":[{"not_picked":["Snecko Eye","Cursed Key"],"picked":"Runic Dome"}],"potions_floor_spawned":[7,11,13,21,28],"seed_played":"4663350132473428256","killed_by":"Champ","ascension_level":11,"is_trial":false}