{"path_per_floor":["M","?","?","M","M","E","M","R","T","?","M","M","$","M","R","B",null,"M","?","M","$","M","R","?","R","T","M","$"],"character_chosen":"IRONCLAD","items_purchased":["Thread and Needle"],"gold_per_floor":[117,117,117,141,155,193,218,218,267,267,287,312,237,252,252,376,376,401,401,422,14,38,38,38,38,38,59,59],"floor_reached":29,"campfire_rested":1,"playtime":2850,"current_hp_per_floor":[75,55,39,44,50,12,18,18,18,18,20,19,19,18,42,21,80,48,48,59,59,37,37,37,37,47,53,53],"items_purged":["Strike_R","Strike_R"],"gold":59,"play_id":"1200def8-9b28-4663-8c02-979eab0769d4","is_prod":false,"is_daily":false,"is_ascension_mode":false,"campfire_upgraded":3,"path_taken":["M","?","?","M","M","E","M","R","T","?","M","M","$","?","R","BOSS","M","?","M","$","M","R","?","R","T","?","$","?"],"build_version":"2018-01-25-PROD3","purchased_purges":3,"victory":false,"master_deck":["Strike_R+1","Strike_R","Strike_R+1","Defend_R","Defend_R","Defend_R","Defend_R","Bash","Headbutt","Headbutt","Shrug It Off+1","Impervious","Armaments+1","Double Tap","Shrug It Off","Immolate","Metallicize","True Grit+1","Flame Barrier","Rampage+1","Panacea"],"max_hp_per_floor":[80,80,80,80,80,80,80,80,80,80,80,80,80,80,80,80,80,80,80,80,80,80,80,80,80,90,90,90],"relics":["Burning Blood","Golden Idol","Bottled Flame","Vajra","Question Card","Thread and Needle","Pear"],"card_choices":[{"not_picked":["Anger","Sword Boomerang"],"picked":"Headbutt"},{"not_picked":["Anger","Wild Strike"],"picked":"Headbutt"},{"not_picked":["Fire Breathing","Clothesline"],"picked":"Shrug It Off"},{"not_picked":["Shockwave","Clash"],"picked":"Impervious"},{"not_picked":["Heavy Blade","Clothesline"],"picked":"Shrug It Off"},{"not_picked":["Impervious","Offering"],"picked":"Immolate"},{"not_picked":["Dual Wield","Power Through","Flame Barrier"],"picked":"Metallicize"},{"not_picked":["Pummel","Clothesline","Warcry"],"picked":"Flame Barrier"},{"not_picked":["Flame Barrier","Intimidate","Thunderclap"],"picked":"Rampage"}],"player_experience":52730,"potions_floor_usage":[16,20],"damage_taken":[{"damage":11,"enemies":"2 Louse","floor":1,"turns":3},{"damage":1,"enemies":"Jaw Worm","floor":4,"turns":3},{"damage":0,"enemies":"Small Slimes","floor":5,"turns":4},{"damage":44,"enemies":"3 Sentries","floor":6,"turns":8},{"damage":0,"enemies":"Looter","floor":7,"turns":4},{"damage":4,"enemies":"Large Slime","floor":11,"turns":7},{"damage":7,"enemies":"3 Louse","floor":12,"turns":4},{"damage":7,"enemies":"Lots of Slimes","floor":14,"turns":7},{"damage":27,"enemies":"Slime Boss","floor":16,"turns":11},{"damage":38,"enemies":"Chosen","floor":18,"turns":10},{"damage":10,"enemies":"3 Byrds","floor":20,"turns":6},{"damage":28,"enemies":"Snecko","floor":22,"turns":13},{"damage":0,"enemies":"Centurion and Healer","floor":27,"turns":14},{"damage":42,"enemies":"3 Cultists","floor":29,"turns":7}],"event_choices":[{"event_name":"Golden Idol","player_choice":"Take Damage","floor":2,"damage_taken":0},{"event_name":"Shining Light","player_choice":"Entered Light","floor":3,"damage_taken":0},{"event_name":"Match and Keep!","player_choice":"2 cards matched","floor":10,"damage_taken":0},{"event_name":"The Library","player_choice":"Read","floor":19,"damage_taken":0},{"event_name":"Match and Keep!","player_choice":"1 cards matched","floor":24,"damage_taken":0}],"boss_relics":[{"not_picked":["White Beast Statue","Astrolabe"],"picked":"Question Card"}],"potions_floor_spawned":[4,11,16,27],"seed_played":"-5478048046287684494","killed_by":"3 Cultists","ascension_level":0,"is_trial":false}