{"gold_per_floor":[110,9,9,25,25,25,51,51,74,104,4,31,51,71,71,142,142,152,152,167,167,185,215,232,232,232,232,246,261,287,77,77,151,151,171,218,229,229,46,71,71,102,102,135,135,158,175,193,193,193,193],"floor_reached":52,"playtime":2894,"items_purged":["Strike_R","Writhe"],"score":2396,"play_id":"d4471f85-709f-47c6-99e4-f1e05d26b128","local_time":"20181023004442","is_ascension_mode":true,"campfire_choices":[{"data":"Flex","floor":6,"key":"SMITH"},{"data":"Clothesline","floor":8,"key":"SMITH"},{"data":"Corruption","floor":15,"key":"SMITH"},{"floor":25,"key":"REST"},{"floor":32,"key":"REST"},{"floor":41,"key":"DIG"},{"floor":45,"key":"DIG"},{"floor":49,"key":"REST"}],"neow_cost":"NONE","seed_source_timestamp":1136902661202755,"circlet_count":0,"master_deck":["Strike_R","Strike_R","Strike_R","Defend_R","Defend_R","Defend_R+1","Defend_R","Bash","AscendersBane","Corruption+1","Sentinel","True Grit+1","Flex+1","Clothesline+1","Inflame","Clash","Intimidate","Barricade","Entrench","Fiend Fire","Flame Barrier+1","Iron Wave+1","Body Slam","Havoc","Shrug It Off","Havoc+1","Battle Trance","Disarm","Sentinel","Metallicize+1"],"relics":["Burning Blood","NeowsBlessing","Anchor","Vajra","Question Card","Dead Branch","Fusion Hammer","Singing Bowl","Darkstone Periapt","Boot","Bag of Preparation","OrangePellets","Busted Crown","Shovel","Ornamental Fan","Happy Flower","Strawberry","Self Forming Clay","Prayer Wheel","Red Skull","War Paint"],"potions_floor_usage":[10,10,22,40],"damage_taken":[{"damage":0,"enemies":"Cultist","floor":1,"turns":1},{"damage":0,"enemies":"Jaw Worm","floor":4,"turns":1},{"damage":0,"enemies":"Lagavulin","floor":7,"turns":1},{"damage":6,"enemies":"Gremlin Nob","floor":10,"turns":3},{"damage":16,"enemies":"Lagavulin","floor":12,"turns":6},{"damage":0,"enemies":"2 Louse","floor":13,"turns":2},{"damage":13,"enemies":"Gremlin Gang","floor":14,"turns":3},{"damage":0,"enemies":"The Guardian","floor":16,"turns":5},{"damage":0,"enemies":"Shell Parasite","floor":18,"turns":4},{"damage":3,"enemies":"Spheric Guardian","floor":20,"turns":5},{"damage":4,"enemies":"Chosen and Byrds","floor":22,"turns":5},{"damage":54,"enemies":"Slavers","floor":23,"turns":8},{"damage":6,"enemies":"Snake Plant","floor":24,"turns":4},{"damage":7,"enemies":"Snecko","floor":28,"turns":4},{"damage":3,"enemies":"Centurion and Healer","floor":29,"turns":5},{"damage":26,"enemies":"Book of Stabbing","floor":30,"turns":5},{"damage":3,"enemies":"Automaton","floor":33,"turns":4},{"damage":9,"enemies":"3 Darklings","floor":35,"turns":3},{"damage":0,"enemies":"2 Orb Walkers","floor":36,"turns":1},{"damage":0,"enemies":"Orb Walker","floor":37,"turns":3},{"damage":36,"enemies":"Reptomancer","floor":40,"turns":6},{"damage":2,"enemies":"Nemesis","floor":42,"turns":5},{"damage":0,"enemies":"Giant Head","floor":44,"turns":2},{"damage":4,"enemies":"3 Darklings","floor":47,"turns":2},{"damage":8,"enemies":"4 Shapes","floor":48,"turns":6},{"damage":2,"enemies":"Awakened One","floor":50,"turns":9},{"damage":15,"enemies":"Donu and Deca","floor":51,"turns":2}],"seed_played":"-1641428551378059850","potions_obtained":[{"floor":1,"key":"Fire Potion"},{"floor":7,"key":"SkillPotion"},{"floor":13,"key":"Ancient Potion"},{"floor":16,"key":"Ancient Potion"},{"floor":23,"key":"Weak Potion"},{"floor":42,"key":"Poison Potion"}],"is_trial":false,"path_per_floor":["M","$","?","M","?","R","E","R","T","E","$","E","M","M","R","B",null,"M","?","M","?","M","E","M","R","T","?","M","M","E","$","R","B",null,"M","?","M","?","$","E","R","E","T","E","R","T","M","M","R","B","B"],"character_chosen":"IRONCLAD","items_purchased":["Sentinel","True Grit","Clash","OrangePellets","Battle Trance"],"campfire_rested":3,"item_purchase_floors":[2,2,11,31,39],"current_hp_per_floor":[74,74,74,75,75,75,75,75,75,75,75,65,71,64,64,70,74,75,75,75,75,75,29,31,54,54,70,69,72,54,54,78,83,83,82,87,87,87,87,59,59,72,72,78,78,78,84,82,102,102,93],"gold":193,"neow_bonus":"THREE_ENEMY_KILL","is_prod":false,"is_daily":false,"chose_seed":false,"campfire_upgraded":3,"win_rate":0,"timestamp":1540269882,"path_taken":["M","?","?","M","?","R","E","R","T","E","?","E","?","M","R","BOSS","M","?","?","?","M","E","M","R","T","?","M","M","E","?","R","BOSS","M","?","M","?","$","E","R","E","T","E","R","?","?","M","R","BOSS","BOSS"],"build_version":"2018-10-18","purchased_purges":2,"victory":true,"max_hp_per_floor":[75,75,75,75,75,75,75,75,75,75,75,75,75,75,75,75,75,75,75,75,75,75,77,79,79,79,79,79,79,81,81,81,83,83,85,87,87,87,87,89,89,98,98,98,98,98,102,102,102,102,102],"card_choices":[{"not_picked":["Fire Breathing","Armaments"],"picked":"Corruption","floor":1},{"not_picked":["Dual Wield","True Grit"],"picked":"Flex","floor":4},{"not_picked":["Sword Boomerang","Combust"],"picked":"Clothesline","floor":7},{"not_picked":["Disarm","Havoc"],"picked":"Inflame","floor":10},{"not_picked":["Headbutt","Thunderclap","Rampage"],"picked":"Intimidate","floor":12},{"not_picked":["Searing Blow","Hemokinesis","Thunderclap"],"picked":"Barricade","floor":13},{"not_picked":["Wild Strike","Spot Weakness","Carnage"],"picked":"Entrench","floor":14},{"not_picked":["Limit Break","Bludgeon","Immolate"],"picked":"Fiend Fire","floor":16},{"not_picked":["Entrench","Corruption","Thunderclap"],"picked":"Flame Barrier","floor":18},{"not_picked":["Anger","Dual Wield","Headbutt"],"picked":"Iron Wave+1","floor":20},{"not_picked":["True Grit","Cleave","Iron Wave"],"picked":"Body Slam","floor":22},{"not_picked":["Clash","Dual Wield","Corruption","Pommel Strike"],"picked":"Singing Bowl","floor":23},{"not_picked":["Sever Soul","Headbutt","Bloodletting","Berserk"],"picked":"Singing Bowl","floor":24},{"not_picked":["Corruption","Sword Boomerang","Bloodletting"],"picked":"Havoc","floor":28},{"not_picked":["Sword Boomerang","Power Through","Twin Strike"],"picked":"Shrug It Off","floor":29},{"not_picked":["Havoc","Pummel","Fire Breathing","Impervious"],"picked":"Singing Bowl","floor":30},{"not_picked":["Limit Break","Bludgeon","Double Tap","Impervious"],"picked":"Singing Bowl","floor":33},{"not_picked":["Blood for Blood","Second Wind"],"picked":"Singing Bowl","floor":35},{"not_picked":["Fire Breathing","Dropkick+1"],"picked":"Singing Bowl","floor":36},{"not_picked":["Clash"],"picked":"Havoc+1","floor":37},{"not_picked":["Entrench","Body Slam"],"picked":"Singing Bowl","floor":40},{"not_picked":["Wild Strike","Clash"],"picked":"Singing Bowl","floor":42},{"not_picked":["Clothesline"],"picked":"Disarm","floor":44},{"not_picked":["Perfected Strike+1","Thunderclap+1"],"picked":"Singing Bowl","floor":47},{"not_picked":["Cleave+1","Thunderclap+1"],"picked":"Singing Bowl","floor":47},{"not_picked":["True Grit"],"picked":"Sentinel","floor":48},{"not_picked":["Perfected Strike"],"picked":"Metallicize+1","floor":48}],"player_experience":804426,"relics_obtained":[{"floor":7,"key":"Anchor"},{"floor":9,"key":"Vajra"},{"floor":10,"key":"Question Card"},{"floor":12,"key":"Dead Branch"},{"floor":23,"key":"Darkstone Periapt"},{"floor":26,"key":"Boot"},{"floor":30,"key":"Bag of Preparation"},{"floor":36,"key":"Shovel"},{"floor":40,"key":"Ornamental Fan"},{"floor":41,"key":"Happy Flower"},{"floor":42,"key":"Strawberry"},{"floor":43,"key":"Self Forming Clay"},{"floor":44,"key":"Prayer Wheel"},{"floor":45,"key":"Red Skull"},{"floor":46,"key":"War Paint"}],"event_choices":[{"cards_removed":["Strike_R"],"damage_healed":0,"gold_gain":0,"player_choice":"Offered Basic","damage_taken":0,"max_hp_gain":0,"max_hp_loss":0,"event_name":"Bonfire Elementals","floor":3,"gold_loss":0},{"damage_healed":0,"gold_gain":0,"player_choice":"Upgraded","damage_taken":0,"max_hp_gain":0,"max_hp_loss":0,"event_name":"Upgrade Shrine","floor":5,"gold_loss":0,"cards_upgraded":["True Grit"]},{"damage_healed":0,"gold_gain":0,"player_choice":"0 cards matched","damage_taken":0,"max_hp_gain":0,"max_hp_loss":0,"event_name":"Match and Keep!","floor":19,"gold_loss":0,"cards_obtained":[]},{"damage_healed":0,"gold_gain":0,"player_choice":"Opened","damage_taken":0,"relics_obtained":["Singing Bowl"],"max_hp_gain":0,"max_hp_loss":0,"event_name":"The Mausoleum","floor":21,"gold_loss":0,"cards_obtained":["Writhe"]},{"damage_healed":16,"gold_gain":0,"player_choice":"Heal","damage_taken":0,"max_hp_gain":0,"max_hp_loss":0,"event_name":"The Library","floor":27,"gold_loss":0},{"damage_healed":0,"gold_gain":0,"player_choice":"Fight","damage_taken":0,"max_hp_gain":0,"max_hp_loss":0,"event_name":"Mysterious Sphere","floor":36,"gold_loss":0},{"damage_healed":0,"gold_gain":0,"player_choice":"Ignored","damage_taken":0,"max_hp_gain":0,"max_hp_loss":0,"event_name":"Tomb of Lord Red Mask","floor":38,"gold_loss":0}],"is_beta":false,"boss_relics":[{"not_picked":["Velvet Choker","Cursed Key"],"picked":"Fusion Hammer"},{"not_picked":["Snecko Eye","Black Blood"],"picked":"Busted Crown"}],"items_purged_floors":[11,39],"is_endless":false,"potions_floor_spawned":[1,7,13,16,20,23,28,33,37,42,44,48],"ascension_level":20}