{"gold_per_floor":[116,131,131,147,167,194,194,222,222,234,234,91,101,116,116,116],"floor_reached":16,"playtime":860,"items_purged":[],"score":125,"play_id":"0c2215ad-0382-4452-b048-2573cd69ec14","local_time":"20190115181509","is_ascension_mode":true,"campfire_choices":[{"floor":7,"key":"REST"},{"floor":11,"key":"REST"},{"floor":15,"key":"REST"}],"neow_cost":"NONE","seed_source_timestamp":519597408348944,"circlet_count":0,"master_deck":["Strike_R","Strike_R","Strike_R","Strike_R","Strike_R","Defend_R","Defend_R","Defend_R","Defend_R","Bash+1","Body Slam","Armaments","Flex","Exhume+1","Flex+1","Havoc+1","Warcry+1","Flex+1"],"relics":["Burning Blood","Charon\u0027s Ashes","Toxic Egg 2","Dream Catcher","Bottled Lightning","Blood Vial"],"potions_floor_usage":[8,16,16],"damage_taken":[{"damage":6,"enemies":"Cultist","floor":1,"turns":4},{"damage":11,"enemies":"Jaw Worm","floor":2,"turns":4},{"damage":5,"enemies":"2 Louse","floor":4,"turns":2},{"damage":20,"enemies":"2 Fungi Beasts","floor":5,"turns":4},{"damage":30,"enemies":"3 Sentries","floor":6,"turns":9},{"damage":26,"enemies":"Lagavulin","floor":8,"turns":5},{"damage":11,"enemies":"Looter","floor":10,"turns":4},{"damage":37,"enemies":"Gremlin Gang","floor":13,"turns":4},{"damage":13,"enemies":"Large Slime","floor":14,"turns":5},{"damage":44,"enemies":"Hexaghost","floor":16,"turns":9}],"seed_played":"128231595789440089","potions_obtained":[{"floor":2,"key":"Dexterity Potion"},{"floor":6,"key":"PowerPotion"},{"floor":10,"key":"Fire Potion"},{"floor":14,"key":"GamblersBrew"}],"is_trial":false,"path_per_floor":["M","M","?","M","M","E","R","E","T","M","R","$","M","M","R","B"],"character_chosen":"IRONCLAD","items_purchased":["Blood Vial"],"campfire_rested":3,"item_purchase_floors":[12],"current_hp_per_floor":[80,75,63,64,50,26,50,30,30,25,49,49,20,15,39,0],"gold":116,"neow_bonus":"UPGRADE_CARD","is_prod":false,"is_daily":false,"chose_seed":false,"campfire_upgraded":0,"win_rate":0,"timestamp":1547594109,"path_taken":["M","M","?","M","M","E","R","E","T","M","R","$","M","M","R","BOSS"],"build_version":"2019-01-10","purchased_purges":0,"victory":false,"max_hp_per_floor":[80,80,80,80,80,80,80,80,80,80,80,80,80,80,80,80],"card_choices":[{"not_picked":["Rampage","Iron Wave"],"picked":"Body Slam","floor":1},{"not_picked":["Iron Wave","Havoc","Sever Soul"],"picked":"SKIP","floor":2},{"not_picked":["Battle Trance","Havoc"],"picked":"Armaments","floor":4},{"not_picked":["Shrug It Off","Rupture"],"picked":"Flex","floor":5},{"not_picked":["Body Slam","Searing Blow","Carnage"],"picked":"SKIP","floor":6},{"not_picked":["Rupture","Feel No Pain"],"picked":"Exhume+1","floor":8},{"not_picked":["Rage+1","Flame Barrier+1"],"picked":"Flex+1","floor":10},{"not_picked":["Fire Breathing","Searing Blow"],"picked":"Havoc+1","floor":11},{"not_picked":["Wild Strike","Anger"],"picked":"Warcry+1","floor":13},{"not_picked":["Pommel Strike","Armaments+1"],"picked":"Flex+1","floor":14}],"player_experience":74436,"relics_obtained":[{"floor":6,"key":"Toxic Egg 2"},{"floor":8,"key":"Dream Catcher"},{"floor":9,"key":"Bottled Lightning"}],"event_choices":[{"damage_healed":0,"gold_gain":0,"player_choice":"Success","damage_taken":12,"relics_obtained":["Charon\u0027s Ashes"],"max_hp_gain":0,"max_hp_loss":0,"event_name":"Scrap Ooze","floor":3,"gold_loss":0}],"is_beta":false,"boss_relics":[],"items_purged_floors":[],"is_endless":false,"potions_floor_spawned":[2,6,10,14],"killed_by":"Hexaghost","ascension_level":2}