{"gold_per_floor":[115,115,131,141,141,141,174,188,213,230,230,230,7,19,19,116,116,135,146,158,183,282,282,309,309,334,334,334,33,43,55,55,55],"floor_reached":33,"playtime":1269,"items_purged":[],"score":292,"play_id":"8cd8afb4-955d-4d37-8674-a9263e9a2328","local_time":"20190523035041","is_ascension_mode":false,"campfire_choices":[{"data":"All Out Attack","floor":6,"key":"SMITH"},{"floor":11,"key":"REST"},{"data":"Choke","floor":15,"key":"SMITH"},{"floor":23,"key":"REST"},{"floor":27,"key":"REST"},{"floor":32,"key":"REST"}],"neow_cost":"NONE","seed_source_timestamp":557027446550400,"circlet_count":0,"master_deck":["Defend_G+1","Defend_G+1","Defend_G+1","Defend_G+1","Defend_G+1","Strike_G+1","Strike_G+1","Strike_G+1","Strike_G+1","Strike_G+1","Survivor","Neutralize","Accuracy+1","All Out Attack+1","Backstab+1","Choke+1","Caltrops","Cloak And Dagger","Blade Dance","Cloak And Dagger","Backstab","Distraction","Backstab","Finisher+1","Backstab","Accuracy"],"relics":["Ring of the Snake","NeowsBlessing","Ancient Tea Set","Pen Nib","Orichalcum","Orrery","Omamori","PreservedInsect","Paper Crane","Anchor"],"potions_floor_usage":[7,16,16,16,24,24,33,33,33],"damage_taken":[{"damage":0,"enemies":"Small Slimes","floor":1,"turns":1},{"damage":0,"enemies":"Cultist","floor":3,"turns":1},{"damage":0,"enemies":"2 Louse","floor":4,"turns":1},{"damage":45,"enemies":"Gremlin Nob","floor":7,"turns":6},{"damage":4,"enemies":"Red Slaver","floor":8,"turns":3},{"damage":0,"enemies":"2 Fungi Beasts","floor":10,"turns":3},{"damage":0,"enemies":"Large Slime","floor":14,"turns":2},{"damage":25,"enemies":"The Guardian","floor":16,"turns":13},{"damage":14,"enemies":"2 Thieves","floor":18,"turns":2},{"damage":2,"enemies":"Shell Parasite","floor":19,"turns":4},{"damage":23,"enemies":"Shelled Parasite and Fungi","floor":20,"turns":6},{"damage":47,"enemies":"Gremlin Leader","floor":24,"turns":7},{"damage":0,"enemies":"Snecko","floor":30,"turns":1},{"damage":11,"enemies":"Snake Plant","floor":31,"turns":3},{"damage":55,"enemies":"Automaton","floor":33,"turns":6}],"seed_played":"2183881598696391104","potions_obtained":[{"floor":1,"key":"SpeedPotion"},{"floor":3,"key":"SkillPotion"},{"floor":10,"key":"Swift Potion"},{"floor":14,"key":"SteroidPotion"},{"floor":19,"key":"EntropicBrew"},{"floor":31,"key":"Block Potion"}],"is_trial":false,"path_per_floor":["M","?","M","M","?","R","E","M","T","M","R","?","$","M","R","B",null,"M","M","M","T","?","R","E","?","T","R","T","$","M","M","R","B"],"character_chosen":"THE_SILENT","items_purchased":["Orichalcum","Blade Dance","Cloak And Dagger","Backstab","Anchor","Accuracy"],"campfire_rested":4,"item_purchase_floors":[13,13,13,29,29,29],"current_hp_per_floor":[70,70,70,70,70,70,25,21,21,21,42,42,42,42,42,17,70,56,54,31,31,31,52,5,5,5,26,26,26,26,15,36,0],"gold":55,"neow_bonus":"THREE_ENEMY_KILL","is_prod":false,"is_daily":false,"chose_seed":false,"campfire_upgraded":2,"win_rate":0,"timestamp":1558612241,"path_taken":["M","?","?","M","?","R","E","M","T","M","R","?","$","M","R","BOSS","M","M","M","?","?","R","E","?","T","R","?","$","?","M","R","BOSS"],"build_version":"2019-01-23","purchased_purges":0,"victory":false,"max_hp_per_floor":[70,70,70,70,70,70,70,70,70,70,70,70,70,70,70,70,70,70,70,70,70,70,70,70,70,70,70,70,70,70,70,70,70],"card_choices":[{"not_picked":["Prepared","Deadly Poison"],"picked":"Accuracy","floor":1},{"not_picked":["PiercingWail","Wraith Form v2"],"picked":"All Out Attack","floor":3},{"not_picked":["Flying Knee","Underhanded Strike"],"picked":"Backstab","floor":4},{"not_picked":["Footwork","Acrobatics"],"picked":"Choke","floor":7},{"not_picked":["Heel Hook","Dagger Spray"],"picked":"Caltrops","floor":8},{"not_picked":["Predator","Skewer"],"picked":"Cloak And Dagger","floor":10},{"not_picked":["Prepared","Riddle With Holes","Catalyst"],"picked":"SKIP","floor":14},{"not_picked":["Cloak And Dagger","Flying Knee"],"picked":"Backstab","floor":17},{"not_picked":["Deadly Poison","Dagger Throw"],"picked":"Distraction","floor":17},{"not_picked":["Slice","Sucker Punch","Escape Plan"],"picked":"SKIP","floor":18},{"not_picked":["Quick Slash+1","Outmaneuver","Sucker Punch"],"picked":"SKIP","floor":19},{"not_picked":["PiercingWail","Finisher"],"picked":"Backstab","floor":20},{"not_picked":["Flechettes","Riddle With Holes"],"picked":"Finisher+1","floor":24},{"not_picked":["Predator","A Thousand Cuts","Footwork"],"picked":"SKIP","floor":30},{"not_picked":["Poisoned Stab","Dagger Throw","Escape Plan"],"picked":"SKIP","floor":31}],"player_experience":411745,"relics_obtained":[{"floor":7,"key":"Ancient Tea Set"},{"floor":9,"key":"Pen Nib"},{"floor":24,"key":"Omamori"},{"floor":26,"key":"PreservedInsect"},{"floor":28,"key":"Paper Crane"}],"event_choices":[{"damage_healed":0,"gold_gain":0,"player_choice":"Forge","damage_taken":0,"max_hp_gain":0,"max_hp_loss":0,"event_name":"Accursed Blacksmith","floor":2,"gold_loss":0,"cards_upgraded":["Accuracy"]},{"damage_healed":0,"gold_gain":0,"player_choice":"Grow","damage_taken":0,"max_hp_gain":0,"max_hp_loss":0,"event_name":"Living Wall","floor":5,"gold_loss":0,"cards_upgraded":["Backstab"]},{"damage_healed":0,"gold_gain":0,"player_choice":"Bought 0 Potions","damage_taken":0,"max_hp_gain":0,"max_hp_loss":0,"event_name":"The Woman in Blue","floor":12,"gold_loss":0},{"damage_healed":0,"gold_gain":99,"player_choice":"Stole From Cult","damage_taken":0,"max_hp_gain":0,"max_hp_loss":0,"event_name":"Nest","floor":22,"gold_loss":0},{"damage_healed":0,"gold_gain":0,"player_choice":"Simplicity","damage_taken":0,"max_hp_gain":0,"max_hp_loss":0,"event_name":"Back to Basics","floor":25,"gold_loss":0,"cards_upgraded":["Defend_G","Defend_G","Defend_G","Defend_G","Defend_G","Strike_G","Strike_G","Strike_G","Strike_G","Strike_G"]}],"is_beta":false,"boss_relics":[{"not_picked":["Cursed Key","Velvet Choker"],"picked":"Orrery"}],"items_purged_floors":[],"is_endless":false,"potions_floor_spawned":[1,3,10,14,19,31],"killed_by":"Automaton","ascension_level":0}