{"path_per_floor":["M","M","$","M","M","E","R","M","T","M","M","$","E","M","R","B",null,"M","?","M","M","?"],"character_chosen":"IRONCLAD","items_purchased":["Inflame"],"gold_per_floor":[116,126,15,27,37,63,63,76,76,88,100,0,28,45,45,142,142,155,70,82,98,98,98],"floor_reached":23,"campfire_rested":0,"playtime":4404,"item_purchase_floors":[3],"current_hp_per_floor":[87,87,87,87,87,75,75,78,78,67,66,66,52,53,53,21,115,77,77,70,35,35,0],"items_purged":["Strike_R","Strike_R"],"gold":98,"score":257,"play_id":"12d0150e-99ce-4bb3-9d11-e0a458a0358a","local_time":"20180527220629","is_prod":false,"is_daily":false,"chose_seed":false,"is_ascension_mode":false,"campfire_upgraded":2,"win_rate":0,"timestamp":1527455189,"campfire_choices":[{"data":"Rampage","floor":7,"key":"SMITH"},{"data":"True Grit","floor":15,"key":"SMITH"}],"path_taken":["M","?","$","M","M","E","R","M","T","M","M","$","E","M","R","BOSS","M","?","M","M","?","E"],"build_version":"2018-05-24","seed_source_timestamp":445312997894424,"purchased_purges":2,"victory":false,"master_deck":["Strike_R","Strike_R","Strike_R","Defend_R","Defend_R","Defend_R","Defend_R","Bash","Shrug It Off","Inflame","Shrug It Off","Rampage+1","Inflame","True Grit+1","Pommel Strike","Cleave","Cleave","Feed","Headbutt+1","Armaments"],"max_hp_per_floor":[87,87,87,87,87,87,87,87,87,87,87,87,87,87,87,87,115,118,118,121,121,121,121],"relics":["Burning Blood","Strawberry","Juzu Bracelet","Question Card","Darkstone Periapt","Calling Bell","Dream Catcher","Pear","Prayer Wheel","Self Forming Clay"],"card_choices":[{"not_picked":["Wild Strike","Perfected Strike"],"picked":"Shrug It Off","floor":1},{"not_picked":["Anger","Corruption","Body Slam"],"picked":"SKIP","floor":2},{"not_picked":["Body Slam","Sever Soul"],"picked":"Shrug It Off","floor":4},{"not_picked":["Combust","Shrug It Off"],"picked":"Rampage","floor":5},{"not_picked":["Metallicize","Iron Wave"],"picked":"Inflame","floor":6},{"not_picked":["Double Tap","Whirlwind"],"picked":"True Grit","floor":8},{"not_picked":["Havoc","Shockwave","Metallicize","Clothesline"],"picked":"SKIP","floor":10},{"not_picked":["Flex","Clothesline","Body Slam"],"picked":"Pommel Strike","floor":11},{"not_picked":["Havoc","Impervious","Body Slam"],"picked":"Cleave","floor":13},{"not_picked":["Shrug It Off","Anger","Flame Barrier"],"picked":"Cleave","floor":14},{"not_picked":["Brutality","Exhume","Offering"],"picked":"Feed","floor":16},{"not_picked":["Sword Boomerang","Havoc","Dropkick"],"picked":"Headbutt+1","floor":18},{"not_picked":["Wild Strike+1","Shockwave","Thunderclap+1","Warcry+1"],"picked":"SKIP","floor":18},{"not_picked":["Sword Boomerang+1","Perfected Strike","Immolate","Dropkick"],"picked":"SKIP","floor":20},{"not_picked":["Cleave+1","Body Slam","Flex+1","Entrench+1"],"picked":"SKIP","floor":20},{"not_picked":["Flex","Pommel Strike","Warcry"],"picked":"Armaments","floor":21},{"not_picked":["Dual Wield+1","Uppercut+1","Entrench","Flex"],"picked":"SKIP","floor":21}],"player_experience":138240,"potions_floor_usage":[6,6,16,16,23],"damage_taken":[{"damage":1,"enemies":"Cultist","floor":1,"turns":3},{"damage":6,"enemies":"Small Slimes","floor":2,"turns":5},{"damage":5,"enemies":"2 Louse","floor":4,"turns":4},{"damage":2,"enemies":"Blue Slaver","floor":5,"turns":5},{"damage":18,"enemies":"Gremlin Nob","floor":6,"turns":4},{"damage":3,"enemies":"Red Slaver","floor":8,"turns":4},{"damage":17,"enemies":"Exordium Wildlife","floor":10,"turns":6},{"damage":7,"enemies":"2 Fungi Beasts","floor":11,"turns":5},{"damage":20,"enemies":"3 Sentries","floor":13,"turns":8},{"damage":5,"enemies":"Looter","floor":14,"turns":4},{"damage":46,"enemies":"Hexaghost","floor":16,"turns":14},{"damage":47,"enemies":"Shell Parasite","floor":18,"turns":12},{"damage":16,"enemies":"Chosen","floor":20,"turns":6},{"damage":41,"enemies":"Snake Plant","floor":21,"turns":5},{"damage":36,"enemies":"Book of Stabbing","floor":23,"turns":8}],"relics_obtained":[{"floor":6,"key":"Juzu Bracelet"},{"floor":9,"key":"Question Card"},{"floor":13,"key":"Darkstone Periapt"},{"floor":17,"key":"Dream Catcher"},{"floor":17,"key":"Pear"},{"floor":17,"key":"Prayer Wheel"}],"event_choices":[{"event_name":"Addict","player_choice":"Obtained Relic","floor":19,"damage_taken":0},{"event_name":"Fountain of Cleansing","player_choice":"Removed Curse","floor":22,"damage_taken":0}],"boss_relics":[{"not_picked":["Tiny House","Philosopher\u0027s Stone"],"picked":"Calling Bell"}],"items_purged_floors":[3,12],"potions_floor_spawned":[4,5,10,13,18],"seed_played":"-8187231666105945454","killed_by":"Book of Stabbing","ascension_level":0,"potions_obtained":[{"floor":4,"key":"Energy Potion"},{"floor":5,"key":"Energy Potion"},{"floor":10,"key":"SteroidPotion"},{"floor":13,"key":"BloodPotion"},{"floor":18,"key":"SpeedPotion"}],"is_trial":false}