{"gold_per_floor":[112,37,37,57,73,73,99,99,122,132,132,132,145,165,165,165],"floor_reached":16,"playtime":617,"items_purged":["Strike_G"],"score":179,"play_id":"30d0c80d-e45e-44c1-ae1f-2f7e36b81bba","local_time":"20180720213038","is_ascension_mode":true,"campfire_choices":[{"data":"Poisoned Stab","floor":6,"key":"SMITH"},{"floor":8,"key":"REST"},{"data":"Deadly Poison","floor":12,"key":"SMITH"},{"floor":15,"key":"REST"}],"neow_cost":"TEN_PERCENT_HP_LOSS","seed_source_timestamp":569511980089202,"circlet_count":0,"master_deck":["Defend_G","Defend_G","Defend_G","Defend_G","Strike_G","Strike_G","Strike_G","Survivor","Neutralize","AscendersBane","Leg Sweep","Regret","Backflip","Poisoned Stab+1","Deadly Poison+1","Acrobatics","Bouncing Flask","PiercingWail"],"relics":["Ring of the Snake","Centennial Puzzle","Orichalcum","Blue Candle"],"potions_floor_usage":[7,14,16],"damage_taken":[{"damage":2,"enemies":"Cultist","floor":1,"turns":5},{"damage":9,"enemies":"Jaw Worm","floor":4,"turns":8},{"damage":4,"enemies":"2 Louse","floor":5,"turns":4},{"damage":25,"enemies":"Gremlin Nob","floor":7,"turns":5},{"damage":2,"enemies":"Looter","floor":10,"turns":3},{"damage":1,"enemies":"3 Louse","floor":13,"turns":3},{"damage":23,"enemies":"Large Slime","floor":14,"turns":5},{"damage":23,"enemies":"Slime Boss","floor":16,"turns":8}],"seed_played":"1106294798207757345","potions_obtained":[{"floor":5,"key":"SpeedPotion"},{"floor":7,"key":"SkillPotion"},{"floor":13,"key":"FearPotion"}],"is_trial":false,"path_per_floor":["M","$","?","M","M","R","E","R","T","M","T","R","M","M","R"],"character_chosen":"THE_SILENT","items_purchased":[],"campfire_rested":2,"item_purchase_floors":[],"current_hp_per_floor":[57,57,57,48,44,44,19,37,37,35,35,35,34,11,29,6],"gold":165,"neow_bonus":"REMOVE_TWO","is_prod":false,"is_daily":false,"chose_seed":false,"campfire_upgraded":2,"win_rate":0,"timestamp":1532136638,"path_taken":["M","?","?","M","M","R","E","R","T","M","?","R","?","?","R","BOSS"],"build_version":"2018-07-19v2","purchased_purges":1,"victory":false,"max_hp_per_floor":[60,60,60,60,60,60,60,60,60,60,60,60,60,60,60,60],"card_choices":[{"not_picked":["Deadly Poison","Outmaneuver","Catalyst"],"picked":"SKIP","floor":1},{"not_picked":["Quick Slash","Leg Sweep"],"picked":"Poisoned Stab","floor":4},{"not_picked":["Well Laid Plans","PiercingWail"],"picked":"Deadly Poison","floor":5},{"not_picked":["Storm of Steel","Finisher"],"picked":"Acrobatics","floor":7},{"not_picked":["Eviscerate","Underhanded Strike","Setup"],"picked":"SKIP","floor":10},{"not_picked":["Dodge and Roll","PiercingWail"],"picked":"Bouncing Flask","floor":13},{"not_picked":["Reflex","Cloak And Dagger"],"picked":"PiercingWail","floor":14}],"player_experience":502404,"relics_obtained":[{"floor":7,"key":"Centennial Puzzle"},{"floor":9,"key":"Orichalcum"},{"floor":11,"key":"Blue Candle"}],"event_choices":[{"event_name":"Match and Keep!","player_choice":"3 cards matched","floor":3,"damage_taken":0}],"is_beta":false,"boss_relics":[],"items_purged_floors":[2],"is_endless":false,"potions_floor_spawned":[5,7,13],"killed_by":"Slime Boss","ascension_level":15}