{"gold_per_floor":[109,34,44,44,67,67,90,134,134,152,152,186,186,57,57,155,155,169,94,114,138,154,154,170,206,274,318,318,339,102,102,102,195,195,216,275,3,3,3,3,26,26,38,65,97,109,121,2,2,2],"floor_reached":51,"playtime":2804,"items_purged":["Defend_B","Clumsy","Regret"],"score":1285,"play_id":"403abcf7-696d-42e3-a0d2-ff70de683fe2","local_time":"20180721115756","is_ascension_mode":true,"campfire_choices":[{"data":"Streamline","floor":6,"key":"SMITH"},{"data":"Rip and Tear","floor":11,"key":"SMITH"},{"data":"Zap","floor":13,"key":"SMITH"},{"data":"Hologram","floor":15,"key":"SMITH"},{"data":"Defragment","floor":23,"key":"SMITH"},{"data":"Seek","floor":28,"key":"SMITH"},{"data":"Multi-Cast","floor":32,"key":"SMITH"},{"floor":40,"key":"DIG"},{"floor":42,"key":"DIG"},{"floor":47,"key":"DIG"},{"floor":49,"key":"REST"}],"neow_cost":"","seed_source_timestamp":619357810099602,"circlet_count":0,"master_deck":["Strike_B","Strike_B","Defend_B+1","Defend_B","Zap+1","Dualcast","AscendersBane","Streamline+1","Rip and Tear+1","Steam","Glacier","Ball Lightning","Seek+1","Hologram+1","Conserve Battery+1","Biased Cognition","Coolheaded","Chill+1","Defragment+1","Multi-Cast+1","Defragment+1","Coolheaded+1","Creative AI","Sweeping Beam+1","Dramatic Entrance+1","Jack Of All Trades","Panache","Doom and Gloom+1"],"relics":["FrozenCore","Golden Idol","Bird Faced Urn","Torii","Pear","Cursed Key","The Courier","Bottled Tornado","Anchor","Lee\u0027s Waffle","Shovel","War Paint","Juzu Bracelet","Oddly Smooth Stone","MawBank","Molten Egg 2","Omamori"],"potions_floor_usage":[8,18,20,25,25,33,33,50,50],"damage_taken":[{"damage":0,"enemies":"2 Louse","floor":1,"turns":2},{"damage":2,"enemies":"Jaw Worm","floor":3,"turns":3},{"damage":4,"enemies":"Small Slimes","floor":5,"turns":3},{"damage":0,"enemies":"2 Fungi Beasts","floor":7,"turns":3},{"damage":0,"enemies":"3 Sentries","floor":8,"turns":9},{"damage":1,"enemies":"3 Louse","floor":10,"turns":3},{"damage":28,"enemies":"Gremlin Nob","floor":12,"turns":4},{"damage":0,"enemies":"The Guardian","floor":16,"turns":11},{"damage":6,"enemies":"3 Byrds","floor":18,"turns":3},{"damage":0,"enemies":"Chosen","floor":20,"turns":3},{"damage":2,"enemies":"Snake Plant","floor":21,"turns":4},{"damage":1,"enemies":"Snecko","floor":22,"turns":5},{"damage":2,"enemies":"3 Cultists","floor":24,"turns":6},{"damage":15,"enemies":"Slavers","floor":25,"turns":8},{"damage":14,"enemies":"Book of Stabbing","floor":27,"turns":6},{"damage":0,"enemies":"Chosen and Byrds","floor":29,"turns":5},{"damage":1,"enemies":"Automaton","floor":33,"turns":11},{"damage":0,"enemies":"Flame Bruiser 1 Orb","floor":35,"turns":8},{"damage":33,"floor":36,"turns":6},{"damage":15,"enemies":"3 Darklings","floor":41,"turns":4},{"damage":4,"enemies":"Transient","floor":44,"turns":5},{"damage":11,"enemies":"Spire Growth","floor":45,"turns":6},{"damage":64,"enemies":"Awakened One","floor":50,"turns":20}],"seed_played":"-5685956637107038243","potions_obtained":[{"floor":1,"key":"SteroidPotion"},{"floor":3,"key":"GamblersBrew"},{"floor":8,"key":"LiquidBronze"},{"floor":18,"key":"Ancient Potion"},{"floor":24,"key":"FearPotion"},{"floor":27,"key":"FocusPotion"},{"floor":29,"key":"Ancient Potion"},{"floor":39,"key":"SmokeBomb"},{"floor":39,"key":"Explosive Potion"},{"floor":41,"key":"Dexterity Potion"}],"is_trial":false,"path_per_floor":["M","?","M","?","M","R","M","E","T","M","R","E","R","$","R","B",null,"M","?","M","M","M","R","M","E","T","E","R","M","$","?","R","B",null,"M","?","$","?","?","R","M","R","T","M","M","?","R","$","R","B"],"character_chosen":"DEFECT","items_purchased":["Conserve Battery","Lee\u0027s Waffle","War Paint","Juzu Bracelet","Doom and Gloom+1"],"campfire_rested":1,"item_purchase_floors":[14,30,37,37,48],"current_hp_per_floor":[64,64,62,62,58,58,58,58,58,57,57,39,39,39,39,39,65,59,59,61,59,60,60,62,49,49,37,37,43,81,81,81,80,81,81,62,62,62,62,62,57,57,57,59,64,54,54,54,78,45],"gold":2,"neow_bonus":"","is_prod":false,"is_daily":false,"chose_seed":false,"campfire_upgraded":7,"win_rate":0,"timestamp":1532188676,"path_taken":["M","?","M","?","?","R","M","E","T","M","R","E","R","$","R","BOSS","M","?","M","M","M","R","M","E","T","E","R","?","$","?","R","BOSS","M","?","$","?","?","R","M","R","T","M","M","?","R","?","R","BOSS"],"build_version":"2018-07-19v2","purchased_purges":3,"victory":true,"max_hp_per_floor":[71,71,71,64,64,64,64,64,64,64,64,74,74,74,74,74,74,74,74,74,74,74,74,74,74,74,74,74,74,81,81,81,81,81,81,81,81,81,81,81,81,81,81,81,81,81,81,81,81,81],"card_choices":[{"not_picked":["FTL","Reinforced Body"],"picked":"Streamline","floor":1},{"not_picked":["Lockon","Steam"],"picked":"Rip and Tear","floor":3},{"not_picked":["Stack","Static Discharge"],"picked":"Steam","floor":5},{"not_picked":["Steam","Streamline"],"picked":"Glacier","floor":7},{"not_picked":["Gash","Heatsinks"],"picked":"Ball Lightning","floor":8},{"not_picked":["BootSequence","Beam Cell"],"picked":"Seek","floor":10},{"not_picked":["Streamline","Hello World"],"picked":"Hologram","floor":12},{"not_picked":["Meteor Strike","Hyperbeam"],"picked":"Biased Cognition","floor":16},{"not_picked":["BootSequence+1","Rebound"],"picked":"Coolheaded","floor":18},{"not_picked":["Rebound","Ball Lightning","Conserve Battery"],"picked":"SKIP","floor":20},{"not_picked":["Go for the Eyes","Cold Snap"],"picked":"Chill+1","floor":21},{"not_picked":["Stack+1","Turbo"],"picked":"Defragment","floor":22},{"not_picked":["Chill","Melter"],"picked":"Multi-Cast","floor":24},{"not_picked":["Static Discharge","Ball Lightning","Compile Driver"],"picked":"SKIP","floor":25},{"not_picked":["Undo","Chaos"],"picked":"Defragment+1","floor":27},{"not_picked":["Steam","Compile Driver"],"picked":"Coolheaded+1","floor":29},{"not_picked":["All For One","Biased Cognition"],"picked":"Creative AI","floor":33},{"not_picked":["Heatsinks","Beam Cell+1","Chaos"],"picked":"SKIP","floor":35},{"not_picked":["Glacier","Redo","Gash"],"picked":"SKIP","floor":41},{"not_picked":["Coolheaded","Barrage+1"],"picked":"Sweeping Beam+1","floor":44},{"not_picked":["Cold Snap+1","Redo","Self Repair"],"picked":"SKIP","floor":45},{"not_picked":["Deep Breath","Sadistic Nature"],"picked":"Dramatic Entrance+1","floor":46},{"not_picked":["Master of Strategy","Good Instincts"],"picked":"Jack Of All Trades","floor":46},{"not_picked":["Secret Weapon","Finesse"],"picked":"Panache","floor":46}],"player_experience":508074,"relics_obtained":[{"floor":8,"key":"Bird Faced Urn"},{"floor":9,"key":"Torii"},{"floor":12,"key":"Pear"},{"floor":25,"key":"The Courier"},{"floor":26,"key":"Bottled Tornado"},{"floor":27,"key":"Anchor"},{"floor":36,"key":"Shovel"},{"floor":40,"key":"Oddly Smooth Stone"},{"floor":42,"key":"MawBank"},{"floor":43,"key":"Molten Egg 2"},{"floor":47,"key":"Omamori"}],"event_choices":[{"event_name":"The Cleric","player_choice":"Card Removal","floor":2,"damage_taken":0},{"event_name":"Golden Idol","player_choice":"Lose Max HP","floor":4,"damage_taken":0},{"event_name":"Beggar","player_choice":"Gave Gold","floor":19,"damage_taken":0},{"event_name":"Drug Dealer","player_choice":"Ignored","floor":31,"damage_taken":0},{"event_name":"Mysterious Sphere","player_choice":"Fight","floor":36,"damage_taken":0},{"event_name":"Falling","player_choice":"Removed Skill","floor":38,"damage_taken":0},{"event_name":"The Lab","player_choice":"Got Potions","floor":39,"damage_taken":0},{"event_name":"SensoryStone","player_choice":"Memory 3","floor":46,"damage_taken":0}],"is_beta":false,"boss_relics":[{"not_picked":["Busted Crown","Black Star"],"picked":"Cursed Key"},{"not_picked":["Lizard Tail","Empty Cage"],"picked":"FrozenCore"}],"items_purged_floors":[14,30,48],"is_endless":false,"potions_floor_spawned":[1,3,8,12,18,24,27,29,41,44],"ascension_level":15}