{"path_per_floor":["M","M","$","?","?","M","M","M","T","?","M","M","?","E","R"],"character_chosen":"THE_SILENT","items_purchased":["Deadly Poison","Poisoned Stab"],"gold_per_floor":[118,131,59,59,59,69,79,96,96,61,78,92,92,119,119],"floor_reached":16,"campfire_rested":1,"playtime":2327,"current_hp_per_floor":[64,61,61,61,61,61,61,57,57,70,70,47,40,29,50],"items_purged":[],"gold":119,"score":104,"play_id":"fdf799a6-921c-469e-86fe-0bbd6afe7f12","is_prod":false,"is_daily":false,"is_ascension_mode":false,"campfire_upgraded":0,"path_taken":["M","M","?","?","?","M","M","?","T","?","M","M","?","E","R","BOSS"],"build_version":"2018-02-15-PROD1","purchased_purges":0,"victory":false,"master_deck":["Defend_G","Defend_G","Defend_G","Defend_G","Strike_G","Strike_G","Strike_G","Strike_G","Strike_G","Survivor","Neutralize","Footwork+1","Dash","Deadly Poison","Poisoned Stab","Outmaneuver","Deflect","Underhanded Strike","Caltrops","Dagger Spray+1","Outmaneuver"],"max_hp_per_floor":[70,70,70,70,70,70,70,70,70,70,70,70,70,70,70],"relics":["Ring of the Snake","Molten Egg 2","Prayer Wheel","Bag of Preparation"],"card_choices":[{"not_picked":["Outmaneuver","Catalyst"],"picked":"Footwork"},{"not_picked":["Catalyst","Dagger Spray"],"picked":"Dash"},{"not_picked":["Choke","Eviscerate"],"picked":"Outmaneuver"},{"not_picked":["Prepared","Dash"],"picked":"Deflect"},{"not_picked":["Skewer","Acrobatics"],"picked":"Underhanded Strike"},{"not_picked":["Deflect","Masterful Stab"],"picked":"Caltrops"},{"not_picked":["Dash","Masterful Stab"],"picked":"Dagger Spray"},{"not_picked":["Night Terror","Deflect"],"picked":"Outmaneuver"}],"player_experience":99903,"potions_floor_usage":[14,14,14],"damage_taken":[{"damage":6,"enemies":"Cultist","floor":1,"turns":6},{"damage":3,"enemies":"Small Slimes","floor":2,"turns":3},{"damage":0,"enemies":"2 Louse","floor":6,"turns":4},{"damage":0,"enemies":"Looter","floor":7,"turns":4},{"damage":4,"enemies":"Exordium Thugs","floor":8,"turns":6},{"damage":0,"enemies":"Blue Slaver","floor":11,"turns":5},{"damage":23,"enemies":"Gremlin Gang","floor":12,"turns":4},{"damage":14,"enemies":"Gremlin Nob","floor":14,"turns":4},{"damage":50,"enemies":"Hexaghost","floor":16,"turns":11}],"event_choices":[{"event_name":"Living Wall","player_choice":"Grow","floor":4,"damage_taken":0},{"event_name":"Bonfire Elementals","player_choice":"BASIC","floor":5,"damage_taken":0},{"event_name":"The Cleric","player_choice":"Healed","floor":10,"damage_taken":0},{"event_name":"Scrap Ooze","player_choice":"success","floor":13,"damage_taken":7}],"boss_relics":[],"potions_floor_spawned":[6,7,8,11],"seed_played":"-7059354676214851348","killed_by":"Hexaghost","ascension_level":0,"is_trial":false}