{"gold_per_floor":[119,119,28,28,42,72,72,91,91,91,153,167,192,192,192,266,266,278,134,134,147,160,160,160,171,196,196],"floor_reached":27,"playtime":947,"items_purged":["Strike_R"],"score":456,"play_id":"7525b5b7-a719-46cd-a719-b7fc93c79bad","local_time":"20181130205520","is_ascension_mode":true,"campfire_choices":[{"data":"Combust","floor":7,"key":"SMITH"},{"data":"Havoc","floor":10,"key":"SMITH"},{"data":"Flame Barrier","floor":15,"key":"SMITH"},{"data":"Warcry","floor":23,"key":"SMITH"}],"neow_cost":"NONE","seed_source_timestamp":860475954245515,"circlet_count":0,"master_deck":["AscendersBane","Strike_R","Strike_R","Strike_R","Strike_R","Defend_R","Defend_R","Defend_R","Defend_R","Bash","Combust+1","Panacea+1","Flame Barrier+1","Havoc+1","Pommel Strike","Battle Trance","Rupture","Barricade","Armaments+1","Rupture","Warcry+1","Flame Barrier","Carnage"],"relics":["Burning Blood","NeowsBlessing","Pear","Art of War","Sundial","Mercury Hourglass","White Beast Statue"],"potions_floor_usage":[11,13,21,22,22,27,27],"damage_taken":[{"damage":0,"enemies":"Small Slimes","floor":1,"turns":1},{"damage":1,"enemies":"2 Louse","floor":5,"turns":1},{"damage":0,"enemies":"3 Sentries","floor":6,"turns":2},{"damage":6,"enemies":"Jaw Worm","floor":8,"turns":4},{"damage":21,"enemies":"Lagavulin Event","floor":11,"turns":5},{"damage":11,"enemies":"3 Louse","floor":12,"turns":3},{"damage":18,"enemies":"Gremlin Nob","floor":13,"turns":3},{"damage":38,"enemies":"The Guardian","floor":16,"turns":10},{"damage":0,"enemies":"3 Byrds","floor":18,"turns":1},{"damage":9,"enemies":"Spheric Guardian","floor":21,"turns":6},{"damage":26,"enemies":"3 Cultists","floor":22,"turns":5},{"damage":29,"enemies":"Snecko","floor":25,"turns":7},{"damage":26,"enemies":"Gremlin Leader","floor":27,"turns":4}],"seed_played":"-8867828596909742762","potions_obtained":[{"floor":1,"key":"AttackPotion"},{"floor":5,"key":"Fire Potion"},{"floor":12,"key":"GamblersBrew"},{"floor":18,"key":"AttackPotion"},{"floor":21,"key":"FearPotion"},{"floor":22,"key":"GamblersBrew"},{"floor":25,"key":"Fire Potion"}],"is_trial":false,"path_per_floor":["M","?","$","?","M","E","R","M","T","R","?","M","E","?","R","B",null,"M","$","?","M","M","R","?","M","T","E"],"character_chosen":"IRONCLAD","items_purchased":["Panacea","Rupture"],"campfire_rested":0,"item_purchase_floors":[3,19],"current_hp_per_floor":[74,79,79,79,80,90,90,90,90,90,75,70,58,58,58,26,74,80,80,53,50,30,30,49,26,26,0],"gold":196,"neow_bonus":"THREE_ENEMY_KILL","is_prod":false,"is_daily":false,"chose_seed":false,"campfire_upgraded":4,"win_rate":0,"timestamp":1543629320,"path_taken":["M","?","$","?","M","E","R","M","T","R","?","M","E","?","R","BOSS","M","$","?","M","M","R","?","M","T","E"],"build_version":"2018-11-15","purchased_purges":1,"victory":false,"max_hp_per_floor":[75,80,80,80,80,90,90,90,90,90,90,90,90,90,90,90,90,90,90,95,95,95,95,95,95,95,95],"card_choices":[{"not_picked":["Wild Strike","Seeing Red"],"picked":"Combust","floor":1},{"not_picked":["Entrench","Body Slam","Perfected Strike"],"picked":"SKIP","floor":5},{"not_picked":["Heavy Blade","True Grit"],"picked":"Flame Barrier","floor":6},{"not_picked":["Anger","Sentinel"],"picked":"Havoc","floor":8},{"not_picked":["Entrench","Clash"],"picked":"Pommel Strike","floor":11},{"not_picked":["Body Slam","Perfected Strike"],"picked":"Battle Trance","floor":12},{"not_picked":["True Grit","Shrug It Off"],"picked":"Rupture","floor":13},{"not_picked":["Bludgeon","Juggernaut"],"picked":"Barricade","floor":16},{"not_picked":["Clash","Sword Boomerang+1"],"picked":"Armaments+1","floor":18},{"not_picked":["Sentinel","Spot Weakness"],"picked":"Warcry","floor":21},{"not_picked":["Heavy Blade","Body Slam"],"picked":"Flame Barrier","floor":22},{"not_picked":["Anger","Twin Strike"],"picked":"Carnage","floor":25}],"player_experience":950123,"relics_obtained":[{"floor":6,"key":"Pear"},{"floor":9,"key":"Art of War"},{"floor":11,"key":"Sundial"},{"floor":13,"key":"Mercury Hourglass"}],"event_choices":[{"damage_healed":0,"gold_gain":0,"player_choice":"Donut","damage_taken":0,"max_hp_gain":5,"max_hp_loss":0,"event_name":"Big Fish","floor":2,"gold_loss":0},{"damage_healed":0,"gold_gain":0,"player_choice":"Ignored","damage_taken":0,"max_hp_gain":0,"max_hp_loss":0,"event_name":"Liars Game","floor":4,"gold_loss":0},{"damage_healed":0,"gold_gain":30,"player_choice":"Searched \u00273\u0027 times","damage_taken":0,"max_hp_gain":0,"max_hp_loss":0,"event_name":"Dead Adventurer","floor":11,"gold_loss":0},{"damage_healed":0,"gold_gain":0,"player_choice":"Forge","damage_taken":0,"max_hp_gain":0,"max_hp_loss":0,"event_name":"Accursed Blacksmith","floor":14,"gold_loss":0,"cards_upgraded":["Panacea"]},{"damage_healed":0,"gold_gain":0,"player_choice":"Shed Blood","damage_taken":32,"max_hp_gain":5,"max_hp_loss":0,"event_name":"Forgotten Altar","floor":20,"gold_loss":0},{"damage_healed":19,"gold_gain":0,"player_choice":"Heal","damage_taken":0,"max_hp_gain":0,"max_hp_loss":0,"event_name":"The Library","floor":24,"gold_loss":0}],"is_beta":false,"boss_relics":[{"not_picked":["Busted Crown","Velvet Choker"],"picked":"White Beast Statue"}],"items_purged_floors":[19],"is_endless":false,"potions_floor_spawned":[1,5,12,18,21,22,25],"killed_by":"Gremlin Leader","ascension_level":15}