{"gold_per_floor":[113,124,124,104,104,104,134,59,83,83,103,122,142,154,154,228,228,209,222,222],"floor_reached":20,"playtime":934,"items_purged":["Defend_B"],"score":290,"play_id":"adb3ddf4-1c25-4c08-8006-a6e533c5d3b1","local_time":"20180715141720","is_ascension_mode":true,"campfire_choices":[{"data":"Consume","floor":6,"key":"SMITH"},{"floor":10,"key":"REST"},{"data":"Hologram","floor":15,"key":"SMITH"}],"neow_cost":"NONE","seed_source_timestamp":111176184974049,"circlet_count":0,"master_deck":["Strike_B","Strike_B","Strike_B","Defend_B","Defend_B","Defend_B","Zap","Dualcast","AscendersBane","Coolheaded","Consume+1","Chill","Leap","Leap","Ball Lightning","Compile Driver","Hologram+1","Fission","Barrage+1"],"relics":["Cracked Core","Matryoshka","Boot","Oddly Smooth Stone","Dream Catcher","Nuclear Battery"],"potions_floor_usage":[7,7,16,19],"damage_taken":[{"damage":4,"enemies":"Small Slimes","floor":1,"turns":4},{"damage":2,"enemies":"2 Louse","floor":2,"turns":3},{"damage":13,"enemies":"Lagavulin","floor":7,"turns":8},{"damage":0,"enemies":"Jaw Worm","floor":11,"turns":4},{"damage":0,"enemies":"2 Fungi Beasts","floor":12,"turns":5},{"damage":0,"enemies":"Exordium Thugs","floor":13,"turns":4},{"damage":0,"enemies":"Large Slime","floor":14,"turns":4},{"damage":19,"enemies":"The Guardian","floor":16,"turns":11},{"damage":15,"enemies":"2 Thieves","floor":18,"turns":4},{"damage":9,"enemies":"Shell Parasite","floor":19,"turns":8},{"damage":43,"enemies":"3 Cultists","floor":20,"turns":6}],"seed_played":"7646776508656139928","potions_obtained":[{"floor":2,"key":"Weak Potion"},{"floor":4,"key":"Dexterity Potion"},{"floor":7,"key":"Dexterity Potion"},{"floor":16,"key":"Energy Potion"}],"is_trial":false,"path_per_floor":["M","M","?","?","?","R","E","$","T","R","M","M","M","M","R","B",null,"M","M"],"character_chosen":"DEFECT","items_purchased":[],"campfire_rested":1,"item_purchase_floors":[],"current_hp_per_floor":[64,62,55,55,52,52,39,39,39,61,61,61,61,61,61,42,67,52,43,0],"gold":222,"neow_bonus":"THREE_CARDS","is_prod":false,"is_daily":false,"chose_seed":false,"campfire_upgraded":2,"win_rate":0,"timestamp":1531678640,"path_taken":["M","M","?","?","?","R","E","$","T","R","?","M","M","M","R","BOSS","M","M","M"],"build_version":"2018-07-12","purchased_purges":1,"victory":false,"max_hp_per_floor":[75,75,75,75,75,75,75,75,75,75,75,75,75,75,75,75,75,75,75,75],"card_choices":[{"not_picked":["Double Energy","Turbo"],"picked":"Coolheaded","floor":0},{"not_picked":["Compile Driver","Scrape"],"picked":"Consume","floor":1},{"not_picked":["Coolheaded","Turbo","Barrage"],"picked":"SKIP","floor":2},{"not_picked":["Conserve Battery","Compile Driver"],"picked":"Chill","floor":7},{"not_picked":["Conserve Battery","Coolheaded"],"picked":"Leap","floor":10},{"not_picked":["Steam","Rebound"],"picked":"Leap","floor":11},{"not_picked":["All For One","Storm"],"picked":"Ball Lightning","floor":12},{"not_picked":["Leap","Gash"],"picked":"Compile Driver","floor":13},{"not_picked":["Hello World","Ball Lightning"],"picked":"Hologram","floor":14},{"not_picked":["Echo Form","Machine Learning"],"picked":"Fission","floor":16},{"not_picked":["Steam Power","Rebound","Stack"],"picked":"SKIP","floor":18},{"not_picked":["Static Discharge","Compile Driver"],"picked":"Barrage+1","floor":19}],"player_experience":463450,"relics_obtained":[{"floor":7,"key":"Boot"},{"floor":9,"key":"Oddly Smooth Stone"},{"floor":9,"key":"Dream Catcher"}],"event_choices":[{"event_name":"Golden Wing","player_choice":"Card Removal","floor":3,"damage_taken":0},{"event_name":"The Woman in Blue","player_choice":"Bought 1 Potion","floor":4,"damage_taken":0},{"event_name":"Scrap Ooze","player_choice":"success","floor":5,"damage_taken":3}],"boss_relics":[{"not_picked":["Empty Cage","Pandora\u0027s Box"],"picked":"Nuclear Battery"}],"items_purged_floors":[8],"is_endless":false,"potions_floor_spawned":[2,7,16],"killed_by":"3 Cultists","ascension_level":13}