{"gold_per_floor":[214,214,242,274,303,349,361,390,402,414,391,437,479,505,517,634,646,674,703,715,727,752,764],"floor_reached":23,"playtime":1289,"items_purged":[],"score":274,"play_id":"563dca00-7c3f-4379-85a7-d17669e56654","local_time":"20190117142629","is_ascension_mode":true,"campfire_choices":[{"data":"Infernal Blade","floor":7,"key":"SMITH"},{"floor":10,"key":"DIG"},{"floor":15,"key":"DIG"}],"neow_cost":"NONE","seed_source_timestamp":678251343316337,"circlet_count":0,"master_deck":["Strike_R","Strike_R","Strike_R","Strike_R","Strike_R","Defend_R","Defend_R","Defend_R","Defend_R","Bash","Ghostly Armor","Cleave","Infernal Blade+1","Headbutt","Flex","Flex","Twin Strike","Shrug It Off","Clash","Berserk","Anger","Rampage","Clash","Cleave"],"relics":["Burning Blood","MawBank","Shovel","Champion Belt","Bottled Flame","WingedGreaves","Blood Vial","Juzu Bracelet","Velvet Choker"],"potions_floor_usage":[6,12,13,14,23,23],"damage_taken":[{"damage":3,"enemies":"Jaw Worm","floor":1,"turns":5},{"damage":0,"enemies":"Small Slimes","floor":3,"turns":3},{"damage":1,"enemies":"2 Louse","floor":4,"turns":2},{"damage":10,"enemies":"Large Slime","floor":5,"turns":6},{"damage":25,"enemies":"3 Sentries","floor":6,"turns":7},{"damage":6,"enemies":"Blue Slaver","floor":8,"turns":3},{"damage":0,"enemies":"Gremlin Nob","floor":12,"turns":2},{"damage":27,"enemies":"3 Sentries","floor":13,"turns":4},{"damage":10,"enemies":"2 Fungi Beasts","floor":14,"turns":3},{"damage":31,"enemies":"The Guardian","floor":16,"turns":10},{"damage":6,"enemies":"Chosen","floor":18,"turns":4},{"damage":11,"enemies":"Spheric Guardian","floor":19,"turns":4},{"damage":48,"enemies":"Cultist and Chosen","floor":22,"turns":7},{"damage":31,"enemies":"Book of Stabbing","floor":23,"turns":4}],"seed_played":"-5524766680284569580","potions_obtained":[{"floor":3,"key":"SpeedPotion"},{"floor":4,"key":"Weak Potion"},{"floor":8,"key":"AttackPotion"},{"floor":13,"key":"BloodPotion"},{"floor":16,"key":"Weak Potion"},{"floor":18,"key":"BloodPotion"}],"is_trial":false,"path_per_floor":["M","?","M","M","M","E","R","M","T","R","?","E","E","M","R","B",null,"M","M","?","?","M","E"],"character_chosen":"IRONCLAD","items_purchased":[],"campfire_rested":0,"item_purchase_floors":[],"current_hp_per_floor":[80,73,79,80,76,57,57,57,57,57,77,80,59,65,65,42,80,80,75,60,60,20,0],"gold":764,"neow_bonus":"HUNDRED_GOLD","is_prod":false,"is_daily":false,"chose_seed":false,"campfire_upgraded":1,"win_rate":0,"timestamp":1547753189,"path_taken":["M","?","M","M","M","E","R","M","T","R","?","E","E","M","R","BOSS","M","M","?","?","M","E"],"build_version":"2019-01-10","purchased_purges":0,"victory":false,"max_hp_per_floor":[80,80,80,80,80,80,80,80,80,80,80,80,80,80,80,80,80,80,80,85,85,85,85],"card_choices":[{"not_picked":["Thunderclap","Twin Strike"],"picked":"Ghostly Armor","floor":1},{"not_picked":["Dropkick","Rampage"],"picked":"Cleave","floor":3},{"not_picked":["Shrug It Off","Rupture"],"picked":"Infernal Blade","floor":4},{"not_picked":["Heavy Blade","Armaments"],"picked":"Headbutt","floor":5},{"not_picked":["Ghostly Armor","Corruption"],"picked":"Flex","floor":6},{"not_picked":["Havoc","Thunderclap"],"picked":"Flex","floor":8},{"not_picked":["Havoc","Entrench"],"picked":"Twin Strike","floor":12},{"not_picked":["Rupture","Rampage"],"picked":"Shrug It Off","floor":13},{"not_picked":["Body Slam","True Grit"],"picked":"Clash","floor":14},{"not_picked":["Immolate","Bludgeon"],"picked":"Berserk","floor":16},{"not_picked":["Iron Wave","Clothesline"],"picked":"Anger","floor":18},{"not_picked":["Ghostly Armor","Whirlwind"],"picked":"Rampage","floor":19},{"not_picked":["Ghostly Armor+1","Burning Pact"],"picked":"Cleave","floor":22}],"player_experience":129500,"relics_obtained":[{"floor":6,"key":"Shovel"},{"floor":9,"key":"Champion Belt"},{"floor":10,"key":"Bottled Flame"},{"floor":12,"key":"WingedGreaves"},{"floor":13,"key":"Blood Vial"},{"floor":15,"key":"Juzu Bracelet"}],"event_choices":[{"damage_healed":0,"gold_gain":0,"player_choice":"Success","damage_taken":7,"relics_obtained":["MawBank"],"max_hp_gain":0,"max_hp_loss":0,"event_name":"Scrap Ooze","floor":2,"gold_loss":0},{"damage_healed":20,"gold_gain":0,"player_choice":"Healed","damage_taken":0,"max_hp_gain":0,"max_hp_loss":0,"event_name":"The Cleric","floor":11,"gold_loss":35},{"damage_healed":0,"gold_gain":0,"player_choice":"Shed Blood","damage_taken":20,"max_hp_gain":5,"max_hp_loss":0,"event_name":"Forgotten Altar","floor":20,"gold_loss":0},{"damage_healed":0,"gold_gain":0,"player_choice":"Read","damage_taken":0,"max_hp_gain":0,"max_hp_loss":0,"event_name":"The Library","floor":21,"gold_loss":0,"cards_obtained":["Clash"]}],"is_beta":false,"boss_relics":[{"not_picked":["Black Star","Mark of Pain"],"picked":"Velvet Choker"}],"items_purged_floors":[],"is_endless":false,"potions_floor_spawned":[3,4,8,13,16,18],"killed_by":"Book of Stabbing","ascension_level":3}