{"gold_per_floor":[115,128,144,161,174,204,216,216,239,239,264,280,280,28,28,133,133,147,164,164,89,109,144,144,1,54,54,88,37,37,64,64,165,165,179,179,197,214,214,248,248,280,280,297,297,315,350,365,365,365],"floor_reached":50,"playtime":3829,"items_purged":["Defend_G"],"score":607,"play_id":"89b28597-afb8-4a2d-8e18-f116004b0f1b","local_time":"20190114185328","is_ascension_mode":false,"campfire_choices":[{"floor":8,"key":"REST"},{"floor":13,"key":"REST"},{"data":"Neutralize","floor":15,"key":"SMITH"},{"data":"Poisoned Stab","floor":24,"key":"SMITH"},{"data":"Dagger Spray","floor":30,"key":"SMITH"},{"floor":32,"key":"REST"},{"floor":45,"key":"REST"},{"floor":49,"key":"REST"}],"neow_cost":"NONE","seed_source_timestamp":432507528014297,"circlet_count":0,"master_deck":["Defend_G+1","Defend_G+1","Strike_G+1","Strike_G+1","Strike_G","Strike_G","Neutralize+1","Deadly Poison","Dagger Spray+1","Heel Hook","Slice","Masterful Stab","Backflip","Backstab","Bane","Poisoned Stab+1","Malaise","Poisoned Stab+1","Skewer+1","Bane+1","Die Die Die+1","Mind Blast+1","Sucker Punch+1","PiercingWail+1","Dagger Throw+1","Unload+1","Violence","Deflect+1","Slice+1","Slice+1","Tactician+1","Bane+1","Envenom+1"],"relics":["Ring of the Snake","Lantern","Ninja Scroll","Pen Nib","Pocketwatch","Molten Egg 2","WristBlade","Whetstone","Boot","PreservedInsect","War Paint","Empty Cage","Sundial","Pear","Omamori","Mercury Hourglass","Frozen Egg 2"],"potions_floor_usage":[16,33,42,47,50,50],"damage_taken":[{"damage":1,"enemies":"Cultist","floor":1,"turns":4},{"damage":0,"enemies":"Small Slimes","floor":2,"turns":2},{"damage":0,"enemies":"2 Louse","floor":3,"turns":2},{"damage":4,"enemies":"Looter","floor":4,"turns":3},{"damage":26,"enemies":"Large Slime","floor":5,"turns":6},{"damage":8,"enemies":"Gremlin Nob","floor":6,"turns":4},{"damage":2,"enemies":"Exordium Thugs","floor":7,"turns":4},{"damage":8,"enemies":"3 Sentries","floor":11,"turns":5},{"damage":0,"enemies":"Looter","floor":12,"turns":1},{"damage":42,"enemies":"The Guardian","floor":16,"turns":8},{"damage":4,"enemies":"Shell Parasite","floor":18,"turns":2},{"damage":1,"enemies":"3 Byrds","floor":19,"turns":4},{"damage":9,"enemies":"3 Cultists","floor":22,"turns":4},{"damage":0,"enemies":"Gremlin Leader","floor":23,"turns":4},{"damage":9,"enemies":"Slavers","floor":28,"turns":3},{"damage":40,"enemies":"Automaton","floor":33,"turns":8},{"damage":0,"enemies":"3 Darklings","floor":35,"turns":2},{"damage":13,"enemies":"3 Shapes","floor":37,"turns":2},{"damage":0,"enemies":"Sphere and 2 Shapes","floor":38,"turns":3},{"damage":6,"enemies":"Nemesis","floor":40,"turns":4},{"damage":28,"enemies":"Reptomancer","floor":42,"turns":3},{"damage":0,"enemies":"Jaw Worm Horde","floor":44,"turns":2},{"damage":13,"enemies":"Maw","floor":46,"turns":5},{"damage":33,"enemies":"Nemesis","floor":47,"turns":3},{"damage":9,"enemies":"Transient","floor":48,"turns":5},{"damage":33,"enemies":"Time Eater","floor":50,"turns":8}],"seed_played":"-1011815933679965642","potions_obtained":[{"floor":2,"key":"Explosive Potion"},{"floor":5,"key":"SkillPotion"},{"floor":7,"key":"PowerPotion"},{"floor":12,"key":"FearPotion"},{"floor":18,"key":"FearPotion"},{"floor":23,"key":"SteroidPotion"},{"floor":37,"key":"AttackPotion"},{"floor":38,"key":"GamblersBrew"},{"floor":48,"key":"LiquidBronze"}],"is_trial":false,"path_per_floor":["M","M","M","M","M","E","M","R","T","?","E","M","R","$","R","B",null,"M","M","?","$","M","E","R","$","T","?","E","$","R","T","R","B",null,"M","?","M","M","T","E","?","E","T","M","R","M","E","M","R","B"],"character_chosen":"THE_SILENT","items_purchased":["Molten Egg 2","Mind Blast+1","Sucker Punch+1","Dagger Throw+1"],"campfire_rested":5,"item_purchase_floors":[14,25,25,29],"current_hp_per_floor":[69,69,69,65,39,31,29,50,50,50,42,42,63,63,63,21,70,66,65,65,65,56,56,56,56,56,56,47,47,47,47,68,28,70,70,70,57,57,57,61,61,33,33,33,57,44,11,2,26,0],"gold":365,"neow_bonus":"RANDOM_COMMON_RELIC","is_prod":false,"is_daily":false,"chose_seed":false,"campfire_upgraded":3,"win_rate":0.0,"timestamp":1547510008,"path_taken":["M","M","M","M","M","E","M","R","T","?","E","M","R","$","R","BOSS","M","M","?","$","M","E","R","?","T","?","E","$","R","?","R","BOSS","M","?","M","M","?","E","?","E","T","?","R","M","E","M","R","BOSS"],"build_version":"2019-01-10","purchased_purges":1,"victory":false,"max_hp_per_floor":[70,70,70,70,70,70,70,70,70,70,70,70,70,70,70,70,70,70,70,70,70,70,70,70,70,70,70,70,70,70,70,70,70,70,70,70,70,70,70,80,80,80,80,80,80,80,80,80,80,80],"card_choices":[{"not_picked":["Calculated Gamble","Acrobatics"],"picked":"Deadly Poison","floor":1},{"not_picked":["Blade Dance","Outmaneuver"],"picked":"Dagger Spray","floor":2},{"not_picked":["Dagger Spray","Blur"],"picked":"Heel Hook","floor":3},{"not_picked":["Blade Dance","Phantasmal Killer"],"picked":"Slice","floor":4},{"not_picked":["Deadly Poison","Flying Knee"],"picked":"Masterful Stab","floor":5},{"not_picked":["Noxious Fumes","Dodge and Roll"],"picked":"Backflip","floor":6},{"not_picked":["Deflect","Terror"],"picked":"Backstab","floor":7},{"not_picked":["Catalyst","Dodge and Roll"],"picked":"Bane","floor":11},{"not_picked":["Infinite Blades","Slice"],"picked":"Poisoned Stab","floor":12},{"not_picked":["After Image","Venomology"],"picked":"Malaise","floor":16},{"not_picked":["Infinite Blades","Dagger Throw+1"],"picked":"Poisoned Stab+1","floor":18},{"not_picked":["Quick Slash+1","Slice+1"],"picked":"Skewer+1","floor":19},{"not_picked":["Acrobatics","Sucker Punch+1"],"picked":"Bane+1","floor":22},{"not_picked":["Riddle With Holes+1","Escape Plan"],"picked":"Die Die Die+1","floor":23},{"not_picked":["Deflect","Dagger Throw+1"],"picked":"PiercingWail+1","floor":28},{"not_picked":["Glass Knife+1","Bullet Time"],"picked":"Unload+1","floor":33},{"not_picked":["Outmaneuver+1","Footwork","Acrobatics"],"picked":"SKIP","floor":35},{"not_picked":["Dramatic Entrance+1","PanicButton"],"picked":"Violence","floor":36},{"not_picked":["Blur+1","Expertise"],"picked":"Deflect+1","floor":37},{"not_picked":["Outmaneuver+1","Well Laid Plans"],"picked":"Slice+1","floor":38},{"not_picked":["Masterful Stab+1","Quick Slash+1"],"picked":"Slice+1","floor":40},{"not_picked":["Outmaneuver","Dagger Throw+1","Reflex"],"picked":"SKIP","floor":42},{"not_picked":["Escape Plan+1","Backflip"],"picked":"Tactician+1","floor":44},{"not_picked":["Flying Knee+1","Sucker Punch+1"],"picked":"Bane+1","floor":46},{"not_picked":["Deadly Poison+1","PiercingWail+1"],"picked":"Envenom","floor":47},{"not_picked":["Poisoned Stab+1","Prepared+1","Caltrops+1"],"picked":"SKIP","floor":48}],"player_experience":16264,"relics_obtained":[{"floor":6,"key":"Ninja Scroll"},{"floor":9,"key":"Pen Nib"},{"floor":11,"key":"Pocketwatch"},{"floor":23,"key":"Whetstone"},{"floor":26,"key":"Boot"},{"floor":28,"key":"PreservedInsect"},{"floor":31,"key":"War Paint"},{"floor":39,"key":"Sundial"},{"floor":40,"key":"Pear"},{"floor":42,"key":"Omamori"},{"floor":43,"key":"Mercury Hourglass"},{"floor":47,"key":"Frozen Egg 2"}],"event_choices":[{"damage_healed":0,"gold_gain":0,"player_choice":"Ignored","damage_taken":0,"max_hp_gain":0,"max_hp_loss":0,"event_name":"Liars Game","floor":10,"gold_loss":0},{"damage_healed":0,"gold_gain":0,"player_choice":"Bought 0 Potions","damage_taken":0,"max_hp_gain":0,"max_hp_loss":0,"event_name":"The Woman in Blue","floor":20,"gold_loss":0},{"cards_removed":["Defend_G"],"damage_healed":0,"gold_gain":0,"player_choice":"Elegance","damage_taken":0,"max_hp_gain":0,"max_hp_loss":0,"event_name":"Back to Basics","floor":27,"gold_loss":0},{"damage_healed":0,"gold_gain":0,"player_choice":"Memory 1","damage_taken":0,"max_hp_gain":0,"max_hp_loss":0,"event_name":"SensoryStone","floor":36,"gold_loss":0},{"cards_removed":["Strike_G"],"damage_healed":0,"gold_gain":0,"player_choice":"Card Removal","damage_taken":0,"max_hp_gain":0,"max_hp_loss":0,"event_name":"Wheel of Change","floor":41,"gold_loss":0}],"is_beta":false,"boss_relics":[{"not_picked":["Black Star","Eternal Feather"],"picked":"WristBlade"},{"not_picked":["Runic Dome","Coffee Dripper"],"picked":"Empty Cage"}],"items_purged_floors":[21],"is_endless":false,"potions_floor_spawned":[2,5,7,12,18,23,28,37,38,48],"killed_by":"Time Eater","ascension_level":0}