{"gold_per_floor":[114,114,114,129,129,129,144,119,119,449,449,449,468,487,487,612,612,631,237,211,211,230,268,268,287,312,331,331,350,350,369,369,494,494,513,532,152,183,214,264,276,313,375,387,418,468,480,492,504,516],"floor_reached":51,"playtime":2990,"items_purged":[],"score":1004,"play_id":"6b1b54bd-2791-479b-93c9-3d4fc0008347","local_time":"20180726220144","daily_mods":["Specialized","Night Terrors","Hoarder"],"is_ascension_mode":false,"campfire_choices":[{"data":"Juggernaut","floor":6,"key":"SMITH"},{"data":"Corruption","floor":11,"key":"SMITH"},{"data":"Corruption","floor":15,"key":"SMITH"},{"floor":24,"key":"REST"},{"data":"Corruption","floor":32,"key":"SMITH"},{"data":"Barricade","floor":49,"key":"SMITH"}],"neow_cost":"","seed_source_timestamp":0,"circlet_count":0,"master_deck":["Strike_R","Strike_R","Strike_R","Strike_R","Strike_R","Defend_R","Defend_R","Defend_R","Defend_R","Bash+1","Exhume","Exhume","Exhume","Exhume","Exhume","Exhume","Exhume","Exhume","Exhume","Exhume","Exhume","Exhume","Exhume","Exhume","Twin Strike","Twin Strike","Twin Strike","Juggernaut+1","Juggernaut+1","Juggernaut","Corruption+1","Corruption+1","Pommel Strike","Pommel Strike","Pommel Strike","Shrug It Off","Shrug It Off","Shrug It Off","Barricade+1","Barricade","Barricade","Seeing Red","Seeing Red","Seeing Red","Apotheosis","Apotheosis","Apotheosis","Sentinel","Sentinel","Sentinel","Decay","Decay","Decay","Shockwave","Shockwave","Shockwave","Entrench","Entrench","Entrench","Feel No Pain","Feel No Pain","Feel No Pain","Ghostly","Ghostly","Ghostly","Ghostly","Ghostly","Ghostly","Ghostly","Ghostly","Ghostly","Ghostly","Ghostly","Ghostly","Ghostly","Ghostly","Ghostly","Pommel Strike","Pommel Strike","Pommel Strike","Body Slam","Body Slam","Body Slam","Thinking Ahead","Thinking Ahead","Thinking Ahead","Havoc+1","Havoc+1","Havoc+1","Dark Embrace","Dark Embrace","Dark Embrace","Madness","Madness","Madness","Madness","Madness","Madness"],"special_seed":17739,"relics":["Burning Blood","Shuriken","Old Coin","Golden Idol","Sozu","Blood Vial","Dodecahedron","Happy Flower","Ginger","Runic Dome","MawBank","Strawberry","Turnip","Charon\u0027s Ashes","Lantern","Torii"],"potions_floor_usage":[10,14,16,23],"damage_taken":[{"damage":17,"enemies":"2 Louse","floor":1,"turns":5},{"damage":26,"enemies":"Jaw Worm","floor":4,"turns":5},{"damage":5,"enemies":"Small Slimes","floor":7,"turns":4},{"damage":8,"enemies":"Gremlin Nob","floor":10,"turns":3},{"damage":2,"enemies":"Looter","floor":13,"turns":3},{"damage":4,"enemies":"Gremlin Gang","floor":14,"turns":5},{"damage":0,"enemies":"The Guardian","floor":16,"turns":8},{"damage":12,"enemies":"Spheric Guardian","floor":18,"turns":5},{"damage":27,"enemies":"2 Thieves","floor":20,"turns":5},{"damage":5,"enemies":"Centurion and Healer","floor":22,"turns":6},{"damage":44,"enemies":"Book of Stabbing","floor":23,"turns":5},{"damage":11,"enemies":"Cultist and Chosen","floor":25,"turns":7},{"damage":22,"enemies":"Snake Plant","floor":27,"turns":6},{"damage":0,"enemies":"Centurion and Healer","floor":29,"turns":4},{"damage":0,"enemies":"Snecko","floor":31,"turns":5},{"damage":10,"enemies":"Champ","floor":33,"turns":7},{"damage":2,"enemies":"Orb Walker","floor":35,"turns":8},{"damage":2,"enemies":"3 Shapes","floor":36,"turns":5},{"damage":2,"enemies":"Spire Growth","floor":38,"turns":5},{"damage":0,"enemies":"Flame Bruiser 2 Orb","floor":39,"turns":6},{"damage":6,"enemies":"Nemesis","floor":40,"turns":7},{"damage":0,"floor":41,"turns":8},{"damage":5,"floor":42,"turns":5},{"damage":2,"enemies":"Transient","floor":45,"turns":5},{"damage":1,"enemies":"Giant Head","floor":46,"turns":9},{"damage":17,"enemies":"Awakened One","floor":50,"turns":6}],"seed_played":"-8062012140041976232","potions_obtained":[{"floor":7,"key":"Poison Potion"},{"floor":10,"key":"SteroidPotion"},{"floor":13,"key":"AttackPotion"},{"floor":14,"key":"PowerPotion"}],"is_trial":false,"path_per_floor":["M","?","?","M","?","R","M","$","T","E","R","?","M","M","R","B",null,"M","$","M","?","M","E","R","M","T","M","?","M","T","M","R","B",null,"M","M","$","M","M","E","?","?","T","$","M","E","?","?","R","B"],"character_chosen":"IRONCLAD","items_purchased":["Shrug It Off","Seeing Red","Apotheosis","Blood Vial","Body Slam","Thinking Ahead","MawBank"],"campfire_rested":1,"item_purchase_floors":[8,19,19,19,37,37,37],"current_hp_per_floor":[69,69,69,49,49,49,50,50,50,48,48,48,52,54,54,60,74,68,68,49,49,52,16,69,64,64,50,34,34,34,34,34,30,34,34,34,34,34,34,41,41,41,41,41,41,41,41,36,36,27],"gold":528,"neow_bonus":"","is_prod":false,"is_daily":true,"chose_seed":false,"campfire_upgraded":5,"win_rate":0,"timestamp":1532656904,"path_taken":["M","?","?","M","?","R","M","$","T","E","R","?","M","M","R","BOSS","M","$","M","?","M","E","R","M","T","M","?","?","?","?","R","BOSS","M","M","$","M","?","E","?","?","T","$","?","E","?","?","R","BOSS"],"build_version":"2018-07-26","purchased_purges":0,"victory":true,"max_hp_per_floor":[80,80,80,80,80,80,80,80,80,80,80,74,74,74,74,74,74,74,74,74,74,74,74,69,69,69,69,34,34,34,34,34,34,34,34,34,34,34,34,41,41,41,41,41,41,41,41,41,41,41],"card_choices":[{"not_picked":["Headbutt","Perfected Strike"],"picked":"Twin Strike","floor":1},{"not_picked":["Second Wind","Havoc"],"picked":"Corruption","floor":4},{"not_picked":["Wild Strike","Clash"],"picked":"Pommel Strike","floor":7},{"not_picked":["Anger","Inflame","Fire Breathing"],"picked":"SKIP","floor":10},{"not_picked":["Headbutt","Warcry","Perfected Strike"],"picked":"SKIP","floor":13},{"not_picked":["Spot Weakness","Thunderclap","Headbutt"],"picked":"SKIP","floor":14},{"not_picked":["Exhume","Demon Form"],"picked":"Barricade","floor":16},{"not_picked":["Anger","Pommel Strike","Heavy Blade"],"picked":"SKIP","floor":18},{"not_picked":["Intimidate+1","Pommel Strike"],"picked":"Sentinel","floor":20},{"not_picked":["Dual Wield","Cleave+1"],"picked":"Shockwave","floor":22},{"not_picked":["Armaments","Uppercut+1"],"picked":"Entrench","floor":23},{"not_picked":["Flex","Warcry+1"],"picked":"Feel No Pain","floor":25},{"not_picked":["Twin Strike","Iron Wave","Thunderclap"],"picked":"SKIP","floor":27},{"not_picked":["Rampage","Headbutt","Searing Blow"],"picked":"SKIP","floor":29},{"not_picked":["Wild Strike+1","Sentinel","Headbutt"],"picked":"SKIP","floor":31},{"not_picked":["Ghostly Armor","Headbutt+1"],"picked":"Pommel Strike","floor":35},{"not_picked":["Evolve","Dropkick+1","Clothesline"],"picked":"SKIP","floor":36},{"not_picked":["Cleave+1","Bloodletting","Perfected Strike"],"picked":"SKIP","floor":38},{"not_picked":["Pummel+1","Uppercut","Armaments"],"picked":"SKIP","floor":39},{"not_picked":["Armaments+1","Sword Boomerang","Fiend Fire"],"picked":"SKIP","floor":40},{"not_picked":["Sword Boomerang+1","Combust"],"picked":"Havoc+1","floor":42},{"not_picked":["Immolate","Spot Weakness+1","Flex+1"],"picked":"SKIP","floor":45},{"not_picked":["Pummel","Flex+1"],"picked":"Dark Embrace","floor":46}],"player_experience":527764,"relics_obtained":[{"floor":9,"key":"Shuriken"},{"floor":10,"key":"Old Coin"},{"floor":23,"key":"Dodecahedron"},{"floor":26,"key":"Happy Flower"},{"floor":30,"key":"Ginger"},{"floor":40,"key":"Strawberry"},{"floor":41,"key":"Turnip"},{"floor":42,"key":"Charon\u0027s Ashes"},{"floor":43,"key":"Lantern"},{"floor":46,"key":"Torii"}],"event_choices":[{"event_name":"Living Wall","player_choice":"Change","floor":2,"damage_taken":0},{"event_name":"Accursed Blacksmith","player_choice":"Forge","floor":3,"damage_taken":0},{"event_name":"Upgrade Shrine","player_choice":"Upgraded","floor":5,"damage_taken":0},{"event_name":"Golden Idol","player_choice":"Lose Max HP","floor":12,"damage_taken":0},{"event_name":"Wheel of Change","player_choice":"Curse","floor":21,"damage_taken":0},{"event_name":"Ghosts","player_choice":"Became a Ghost","floor":28,"damage_taken":0},{"event_name":"MindBloom","player_choice":"Fight","floor":41,"damage_taken":0},{"event_name":"Mysterious Sphere","player_choice":"Fight","floor":42,"damage_taken":0},{"event_name":"Falling","player_choice":"Removed Power","floor":47,"damage_taken":0},{"event_name":"Winding Halls","player_choice":"Embrace Madness","floor":48,"damage_taken":0}],"is_beta":false,"boss_relics":[{"not_picked":["Cursed Key","Coffee Dripper"],"picked":"Sozu"},{"not_picked":["Velvet Choker","Black Blood"],"picked":"Runic Dome"}],"items_purged_floors":[],"is_endless":false,"potions_floor_spawned":[7,10,13,14,22,23,25,29,33,38,39,45],"ascension_level":0}