{"gold_per_floor":[118,118,118,129,5,5,16,16,16,47,10,10,10,29,29,108,108,123,123,134,150,163,163,163],"floor_reached":24,"playtime":927,"items_purged":["Strike_G"],"score":343,"play_id":"c0aee0b5-98a1-47ac-bc18-56e5df80637e","local_time":"20180826122440","is_ascension_mode":true,"campfire_choices":[{"data":"Dash","floor":6,"key":"SMITH"},{"floor":13,"key":"REST"},{"data":"Noxious Fumes","floor":15,"key":"SMITH"},{"floor":23,"key":"REST"}],"neow_cost":"PERCENT_DAMAGE","seed_source_timestamp":138375626876290,"circlet_count":0,"master_deck":["Defend_G","Defend_G","Defend_G","Defend_G","Strike_G","Strike_G","Strike_G","Strike_G","Survivor","Neutralize","AscendersBane","Accuracy","Finisher","Neutralize","Dash+1","Dagger Spray","Well Laid Plans","Noxious Fumes+1","Deflect","A Thousand Cuts","Footwork","Deflect"],"relics":["Ring of the Snake","Unceasing Top","Ornamental Fan","Centennial Puzzle","Sozu","MutagenicStrength"],"potions_floor_usage":[10,18,21],"damage_taken":[{"damage":8,"enemies":"Jaw Worm","floor":1,"turns":6},{"damage":1,"enemies":"2 Louse","floor":4,"turns":4},{"damage":0,"enemies":"Cultist","floor":7,"turns":4},{"damage":18,"enemies":"Lagavulin","floor":10,"turns":8},{"damage":0,"enemies":"Exordium Wildlife","floor":14,"turns":4},{"damage":17,"enemies":"The Guardian","floor":16,"turns":10},{"damage":12,"enemies":"2 Thieves","floor":18,"turns":4},{"damage":13,"enemies":"Spheric Guardian","floor":20,"turns":4},{"damage":18,"enemies":"Snake Plant","floor":21,"turns":5},{"damage":2,"enemies":"Centurion and Healer","floor":22,"turns":6},{"damage":27,"enemies":"Cultist and Chosen","floor":24,"turns":4}],"seed_played":"5968115803803397390","potions_obtained":[{"floor":1,"key":"Energy Potion"},{"floor":7,"key":"GamblersBrew"},{"floor":16,"key":"PowerPotion"}],"is_trial":false,"path_per_floor":["M","?","?","M","$","R","M","?","T","E","$","?","R","M","R","B",null,"M","?","M","M","M","R"],"character_chosen":"THE_SILENT","items_purchased":["Dagger Spray","Noxious Fumes"],"campfire_rested":2,"item_purchase_floors":[5,11],"current_hp_per_floor":[36,36,36,35,35,35,35,35,35,17,17,10,29,29,29,12,53,41,41,28,10,8,27,0],"gold":163,"neow_bonus":"ONE_RARE_RELIC","is_prod":false,"is_daily":false,"chose_seed":false,"campfire_upgraded":2,"win_rate":0,"timestamp":1535300680,"path_taken":["M","?","?","M","$","R","M","?","T","E","$","?","R","M","R","BOSS","M","?","M","?","M","R","?"],"build_version":"2018-08-23v2","purchased_purges":1,"victory":false,"max_hp_per_floor":[66,66,66,66,66,66,66,66,66,66,66,66,66,66,66,66,66,66,66,66,66,66,66,66],"card_choices":[{"not_picked":["Dodge and Roll","Deadly Poison"],"picked":"Accuracy","floor":1},{"not_picked":["Underhanded Strike","Deadly Poison"],"picked":"Dash","floor":4},{"not_picked":["Dodge and Roll","Sucker Punch"],"picked":"Well Laid Plans","floor":7},{"not_picked":["Well Laid Plans","Eviscerate","Reflex"],"picked":"SKIP","floor":10},{"not_picked":["Finisher","Catalyst"],"picked":"Deflect","floor":14},{"not_picked":["Tools of the Trade","Storm of Steel"],"picked":"A Thousand Cuts","floor":16},{"not_picked":["Underhanded Strike","Catalyst"],"picked":"Footwork","floor":18},{"not_picked":["Flechettes","Eviscerate","Dagger Throw"],"picked":"SKIP","floor":20},{"not_picked":["Terror","Dagger Throw+1","Prepared"],"picked":"SKIP","floor":21},{"not_picked":["Flying Knee","Calculated Gamble"],"picked":"Deflect","floor":22}],"player_experience":615382,"relics_obtained":[{"floor":9,"key":"Ornamental Fan"},{"floor":10,"key":"Centennial Puzzle"}],"event_choices":[{"event_name":"Scrap Ooze","player_choice":"unsuccessful","floor":2,"damage_taken":0},{"event_name":"Match and Keep!","player_choice":"2 cards matched","floor":3,"damage_taken":0},{"event_name":"Golden Idol","player_choice":"Ignored","floor":8,"damage_taken":0},{"event_name":"Golden Wing","player_choice":"Card Removal","floor":12,"damage_taken":0},{"event_name":"Drug Dealer","player_choice":"Inject Mutagens","floor":19,"damage_taken":0}],"is_beta":false,"boss_relics":[{"not_picked":["Astrolabe","WristBlade"],"picked":"Sozu"}],"items_purged_floors":[5],"is_endless":false,"potions_floor_spawned":[1,7,16,22],"killed_by":"Cultist and Chosen","ascension_level":15}