{"gold_per_floor":[215,227,227,31,31,31,59,59,83,94,126,126,126,1,1,76,76,96,11,11,11,11,11,22,22,22,36,36,36],"floor_reached":29,"playtime":776,"items_purged":[],"score":397,"play_id":"235adfd9-c448-483a-9cf8-d368b43c6e1d","local_time":"20180821191800","is_ascension_mode":true,"campfire_choices":[{"data":"Iron Wave","floor":6,"key":"SMITH"},{"data":"Cleave","floor":8,"key":"SMITH"},{"data":"Forethought","floor":15,"key":"SMITH"},{"data":"Juggernaut","floor":23,"key":"SMITH"},{"data":"True Grit","floor":25,"key":"SMITH"}],"neow_cost":"NONE","seed_source_timestamp":6463487865202,"circlet_count":0,"master_deck":["Strike_R","Strike_R","Strike_R","Strike_R","Defend_R","Defend_R","Defend_R","Defend_R","Bash+1","AscendersBane","Iron Wave+1","Cleave+1","Ghostly Armor","Uppercut","Forethought+1","Flex","Juggernaut+1","Body Slam","Iron Wave+1","True Grit+1"],"relics":["Burning Blood","Medical Kit","Juzu Bracelet","Orichalcum","Thread and Needle","Eternal Feather","Bag of Marbles","Question Card"],"potions_floor_usage":[11,16,29,29],"damage_taken":[{"damage":11,"enemies":"Jaw Worm","floor":1,"turns":4},{"damage":6,"enemies":"Cultist","floor":2,"turns":4},{"damage":29,"enemies":"Gremlin Nob","floor":7,"turns":5},{"damage":0,"enemies":"2 Louse","floor":10,"turns":2},{"damage":37,"enemies":"Lagavulin","floor":11,"turns":6},{"damage":8,"enemies":"Hexaghost","floor":16,"turns":9},{"damage":28,"enemies":"2 Thieves","floor":18,"turns":4},{"damage":13,"enemies":"Spheric Guardian","floor":24,"turns":4},{"damage":19,"enemies":"Snake Plant","floor":27,"turns":4},{"damage":33,"enemies":"Gremlin Leader","floor":29,"turns":4}],"seed_played":"-3847268144551280848","potions_obtained":[{"floor":1,"key":"LiquidBronze"},{"floor":10,"key":"LiquidBronze"},{"floor":16,"key":"Regen Potion"},{"floor":18,"key":"Swift Potion"},{"floor":27,"key":"Energy Potion"}],"is_trial":false,"path_per_floor":["M","M","?","$","?","R","E","R","T","M","E","?","?","$","R","B",null,"M","?","$","?","?","R","M","R","T","M","?"],"character_chosen":"IRONCLAD","items_purchased":["Medical Kit","Forethought","Flex"],"campfire_rested":0,"item_purchase_floors":[4,14,14],"current_hp_per_floor":[63,63,63,63,63,63,40,40,40,46,15,15,15,15,15,13,60,38,38,38,38,38,47,40,52,52,39,18,0],"gold":36,"neow_bonus":"HUNDRED_GOLD","is_prod":false,"is_daily":false,"chose_seed":false,"campfire_upgraded":5,"win_rate":0,"timestamp":1534893480,"path_taken":["M","M","?","$","?","R","E","R","T","M","E","?","?","$","R","BOSS","M","?","?","?","?","R","M","R","T","M","?","E"],"build_version":"2018-08-16","purchased_purges":0,"victory":false,"max_hp_per_floor":[75,75,75,75,75,75,75,75,75,75,75,75,75,75,75,75,75,75,75,75,75,75,75,75,75,75,75,80,80],"card_choices":[{"not_picked":["Warcry","Wild Strike"],"picked":"Iron Wave","floor":1},{"not_picked":["Anger","Combust"],"picked":"Cleave","floor":2},{"not_picked":["Fire Breathing","Rampage"],"picked":"Ghostly Armor","floor":7},{"not_picked":["Rage","Clash","Burning Pact"],"picked":"SKIP","floor":10},{"not_picked":["Clash","Heavy Blade"],"picked":"Uppercut","floor":11},{"not_picked":["Brutality","Barricade"],"picked":"Juggernaut","floor":16},{"not_picked":["Perfected Strike","Thunderclap"],"picked":"Body Slam","floor":18},{"not_picked":["Iron Wave","Shockwave"],"picked":"True Grit","floor":24},{"not_picked":["Clothesline","Entrench","Searing Blow","Carnage"],"picked":"SKIP","floor":27}],"player_experience":592417,"relics_obtained":[{"floor":7,"key":"Juzu Bracelet"},{"floor":9,"key":"Orichalcum"},{"floor":11,"key":"Thread and Needle"},{"floor":26,"key":"Question Card"}],"event_choices":[{"event_name":"Bonfire Elementals","player_choice":"BASIC","floor":3,"damage_taken":0},{"event_name":"Accursed Blacksmith","player_choice":"Forge","floor":5,"damage_taken":0},{"event_name":"Shining Light","player_choice":"Ignored","floor":12,"damage_taken":0},{"event_name":"Dead Adventurer","player_choice":"Searched \u00270\u0027 times","floor":13,"damage_taken":0},{"event_name":"Addict","player_choice":"Obtained Relic","floor":19,"damage_taken":0},{"event_name":"Duplicator","player_choice":"One dupe","floor":21,"damage_taken":0},{"event_name":"Beggar","player_choice":"Ignored","floor":22,"damage_taken":0},{"event_name":"Forgotten Altar","player_choice":"Shed Blood","floor":28,"damage_taken":0}],"is_beta":false,"boss_relics":[{"not_picked":["Lizard Tail","Pandora\u0027s Box"],"picked":"Eternal Feather"}],"items_purged_floors":[],"is_endless":false,"potions_floor_spawned":[1,10,16,18,27],"killed_by":"Gremlin Leader","ascension_level":15}