{"path_per_floor":["M","?","$","M","$","E","R","E","T","M","R","$","M","E","R","B",null,"M","?","M","M","$","R","E","$","T","?","M","R","?","$","R"],"character_chosen":"IRONCLAD","items_purchased":["Flame Barrier","Evolve","Whirlwind","Bloodletting","Metallicize"],"gold_per_floor":[112,112,42,54,18,49,49,81,107,125,125,46,61,96,96,192,192,204,204,214,227,153,153,181,38,38,38,56,56,56,56,56],"floor_reached":33,"campfire_rested":0,"playtime":1479,"current_hp_per_floor":[80,73,73,79,79,80,80,51,51,53,53,53,55,49,49,12,87,87,87,81,80,80,80,53,53,53,37,45,45,45,45,45],"items_purged":["Strike_R"],"gold":56,"score":367,"play_id":"acff360b-3c02-4659-b3c7-98d18fc82f9b","is_prod":false,"is_daily":false,"is_ascension_mode":true,"campfire_upgraded":6,"path_taken":["M","?","$","M","?","E","R","E","T","M","R","$","?","E","R","BOSS","M","?","M","M","$","R","E","$","T","?","?","R","?","?","R","BOSS"],"build_version":"2018-02-12-PROD1","purchased_purges":1,"victory":false,"master_deck":["Strike_R","Strike_R","Defend_R","Defend_R","Defend_R","Defend_R","Bash","Iron Wave","Flame Barrier+1","Evolve","Offering","Body Slam+1","Shrug It Off+1","Whirlwind+1","Pommel Strike","Double Tap","Iron Wave","Bloodletting","Metallicize+1","Ghostly Armor+1"],"max_hp_per_floor":[80,80,80,80,80,80,80,87,87,87,87,87,87,87,87,87,87,87,87,87,87,87,87,87,87,87,87,87,87,87,87,87],"relics":["Burning Blood","NeowsBlessing","Letter Opener","Strawberry","Vajra","Blood Vial","Sozu","Ornamental Fan","Bottled Flame","Nilry\u0027s Codex"],"card_choices":[{"not_picked":["Power Through","Rupture"],"picked":"Iron Wave"},{"not_picked":["Second Wind","Clash"],"picked":"Offering"},{"not_picked":["Hemokinesis","Clash"],"picked":"Body Slam"},{"not_picked":["Inflame","Wild Strike"],"picked":"Shrug It Off"},{"not_picked":["Searing Blow","Flex"],"picked":"Pommel Strike"},{"not_picked":["Fiend Fire","Limit Break"],"picked":"Double Tap"},{"not_picked":["Dropkick","Evolve"],"picked":"Ghostly Armor"}],"player_experience":151463,"potions_floor_usage":[],"damage_taken":[{"damage":0.0,"enemies":"Jaw Worm","floor":1.0,"turns":1.0},{"damage":0.0,"enemies":"2 Louse","floor":4.0,"turns":1.0},{"damage":0.0,"enemies":"Gremlin Nob","floor":6.0,"turns":1.0},{"damage":42.0,"enemies":"Lagavulin","floor":8.0,"turns":10.0},{"damage":4.0,"enemies":"Cultist","floor":10.0,"turns":2.0},{"damage":4.0,"enemies":"Lots of Slimes","floor":13.0,"turns":2.0},{"damage":12.0,"enemies":"Gremlin Nob","floor":14.0,"turns":4.0},{"damage":45.0,"enemies":"Slime Boss","floor":16.0,"turns":10.0},{"damage":4.0,"enemies":"Spheric Guardian","floor":18.0,"turns":2.0},{"damage":12.0,"enemies":"2 Thieves","floor":20.0,"turns":4.0},{"damage":9.0,"enemies":"Snecko","floor":21.0,"turns":4.0},{"damage":35.0,"enemies":"Book of Stabbing","floor":24.0,"turns":4.0},{"damage":0.0,"enemies":"Chosen and Byrds","floor":28.0,"turns":5.0},{"damage":44,"enemies":"Collector","floor":33,"turns":10}],"event_choices":[{"event_name":"Golden Wing","player_choice":"Card Removal","floor":2.0,"damage_taken":0.0},{"event_name":"Transmorgrifier","player_choice":"Transform","floor":19.0,"damage_taken":0.0},{"event_name":"Cursed Tome","player_choice":"Obtained Book","floor":27.0,"damage_taken":0.0},{"event_name":"Addict","player_choice":"Ignored","floor":30.0,"damage_taken":0.0}],"boss_relics":[],"potions_floor_spawned":[1,13,16,20,21],"seed_played":"8000491536976072066","killed_by":"Collector","ascension_level":4,"is_trial":false}