{"gold_per_floor":[113,130,145,145,157,157,173,198,198,211,211,227,227,258,258,363,363,376,38,51,51,66,93,93,113,138,187,287,122,122,122,122,223,223,243,243,255,255,0,26,26,26,26,26,42,42,70,83,83,83],"floor_reached":51,"playtime":1932,"items_purged":["Strike_B","Strike_B","Defend_B"],"score":835,"play_id":"31b60648-e005-4ffa-bf50-80c90acd57b4","local_time":"20181117111452","is_ascension_mode":false,"campfire_choices":[{"data":"Ball Lightning","floor":6.0,"key":"SMITH"},{"data":"Cold Snap","floor":11.0,"key":"SMITH"},{"data":"Rip and Tear","floor":13.0,"key":"SMITH"},{"data":"Conserve Battery","floor":15.0,"key":"SMITH"},{"data":"Dualcast","floor":24.0,"key":"SMITH"},{"data":"Hologram","floor":30.0,"key":"SMITH"},{"data":"All For One","floor":32.0,"key":"SMITH"},{"data":"Reinforced Body","floor":42,"key":"SMITH"},{"data":"Turbo","floor":46,"key":"SMITH"},{"floor":49,"key":"REST"}],"neow_cost":"NONE","seed_source_timestamp":235681120463271,"circlet_count":0,"master_deck":["Strike_B","Strike_B","Defend_B","Defend_B","Zap+1","Dualcast+1","Sweeping Beam+1","Rip and Tear+1","Ball Lightning+1","Self Repair","Conserve Battery+1","Cold Snap+1","Auto Shields","All For One+1","Go for the Eyes+1","Gash+1","Conserve Battery","Turbo+1","Reinforced Body+1","Hologram+1","Ball Lightning+1","Seek+1","Impatience+1","Seek+1","Metamorphosis+1","White Noise+1","Static Discharge+1","Defragment+1","Parasite","Chill+1"],"special_seed":0,"relics":["Cracked Core","Strawberry","Bag of Marbles","Kunai","Bronze Scales","Black Star","Membership Card","Tiny Chest","Bottled Tornado","Meat on the Bone","Pear","Juzu Bracelet","Lantern","Torii","Toxic Egg 2","Ornamental Fan","Lizard Tail","Oddly Smooth Stone","Vajra","Whetstone","Blue Candle","Ice Cream","Du-Vu Doll","DataDisk","Centennial Puzzle"],"potions_floor_usage":[47,50],"damage_taken":[{"damage":0.0,"enemies":"2 Louse","floor":1.0,"turns":3.0},{"damage":1.0,"enemies":"Cultist","floor":2.0,"turns":3.0},{"damage":6.0,"enemies":"Jaw Worm","floor":3.0,"turns":3.0},{"damage":0.0,"enemies":"2 Fungi Beasts","floor":5.0,"turns":2.0},{"damage":4.0,"enemies":"Large Slime","floor":7.0,"turns":5.0},{"damage":14.0,"enemies":"Lagavulin","floor":8.0,"turns":7.0},{"damage":5.0,"enemies":"Blue Slaver","floor":10.0,"turns":3.0},{"damage":3.0,"enemies":"Lots of Slimes","floor":12.0,"turns":2.0},{"damage":6.0,"enemies":"Gremlin Nob","floor":14.0,"turns":3.0},{"damage":22.0,"enemies":"Hexaghost","floor":16.0,"turns":7.0},{"damage":0.0,"enemies":"Chosen","floor":18.0,"turns":3.0},{"damage":13.0,"enemies":"Shell Parasite","floor":20.0,"turns":3.0},{"damage":14.0,"enemies":"Snake Plant","floor":22.0,"turns":3.0},{"damage":43.0,"enemies":"Slavers","floor":23.0,"turns":4.0},{"damage":2.0,"enemies":"Cultist and Chosen","floor":25.0,"turns":6.0},{"damage":13.0,"enemies":"Colosseum Slavers","floor":28.0,"turns":5.0},{"damage":29.0,"enemies":"Colosseum Nobs","floor":28.0,"turns":4.0},{"damage":25,"enemies":"Automaton","floor":33,"turns":9},{"damage":0,"enemies":"Orb Walker","floor":35,"turns":3},{"damage":2,"enemies":"3 Darklings","floor":37,"turns":5},{"damage":32,"enemies":"Nemesis","floor":40,"turns":7},{"damage":0,"enemies":"Jaw Worm Horde","floor":45,"turns":2},{"damage":26,"enemies":"Giant Head","floor":47,"turns":9},{"damage":7,"enemies":"Writhing Mass","floor":48,"turns":4},{"damage":23,"enemies":"Donu and Deca","floor":50,"turns":8}],"seed_played":"5889371054994424791","potions_obtained":[{"floor":1.0,"key":"Fruit Juice"},{"floor":5.0,"key":"Ancient Potion"},{"floor":7.0,"key":"PowerPotion"},{"floor":8.0,"key":"GamblersBrew"},{"floor":18.0,"key":"SpeedPotion"},{"floor":20.0,"key":"PowerPotion"},{"floor":23.0,"key":"SkillPotion"},{"floor":36,"key":"Weak Potion"},{"floor":36,"key":"FearPotion"},{"floor":45,"key":"Energy Potion"},{"floor":47,"key":"SkillPotion"}],"is_trial":false,"path_per_floor":["M","M","M","?","M","R","M","E","T","M","R","M","R","E","R","B",null,"M","$","M","T","M","E","R","M","T","T","?","$","R","T","R","B",null,"M","?","M","?","$","E","T","R","T","T","M","R","E","M","R","B",null],"character_chosen":"DEFECT","items_purchased":["Gash","Membership Card","Tiny Chest","Seek+1","Impatience+1","Metamorphosis+1","Oddly Smooth Stone","White Noise+1"],"campfire_rested":1,"item_purchase_floors":[19,19,19,29,29,39,39,39],"current_hp_per_floor":[82,86,80,80,80,80,83,76,76,78,78,75,75,76,76,61,87,87,87,81,81,74,48,48,65,65,65,49,49,49,49,49,43,97,97,97,97,97,97,72,72,72,72,72,79,79,60,60,89,73],"gold":83,"neow_bonus":"RANDOM_COMMON_RELIC","is_prod":false,"is_daily":false,"chose_seed":false,"campfire_upgraded":9,"win_rate":0,"timestamp":1542471292,"path_taken":["M","M","M","?","M","R","?","E","T","M","R","?","R","E","R","BOSS","M","$","M","?","M","E","R","M","T","?","?","$","R","?","R","BOSS","M","?","M","?","?","E","?","R","T","?","M","R","E","M","R","BOSS"],"build_version":"2018-11-15","purchased_purges":3,"victory":true,"max_hp_per_floor":[82,87,87,87,87,87,87,87,87,87,87,87,87,87,87,87,87,87,87,87,87,87,97,97,97,97,97,97,97,97,97,97,97,97,97,97,97,97,97,97,97,97,97,97,97,97,97,97,97,97],"card_choices":[{"not_picked":["Lockon","Genetic Algorithm"],"picked":"Sweeping Beam","floor":1.0},{"not_picked":["Glacier","Undo"],"picked":"Rip and Tear","floor":2.0},{"not_picked":["Steam","Rebound"],"picked":"Ball Lightning","floor":3.0},{"not_picked":["Gash","Redo"],"picked":"Self Repair","floor":5.0},{"not_picked":["Chaos","Ball Lightning"],"picked":"Conserve Battery","floor":7.0},{"not_picked":["BootSequence","Leap"],"picked":"Cold Snap","floor":8.0},{"not_picked":["Scrape","Doom and Gloom","Undo"],"picked":"SKIP","floor":10.0},{"not_picked":["Rebound","Darkness","Turbo"],"picked":"SKIP","floor":12.0},{"not_picked":["Rip and Tear","Scrape"],"picked":"Auto Shields","floor":14.0},{"not_picked":["Buffer","Thunder Strike"],"picked":"All For One","floor":16.0},{"not_picked":["FTL","Reinforced Body"],"picked":"Go for the Eyes+1","floor":18.0},{"not_picked":["Leap","Redo"],"picked":"Conserve Battery","floor":20.0},{"not_picked":["Fusion+1","Barrage"],"picked":"Turbo","floor":22.0},{"not_picked":["Stack","Compile Driver"],"picked":"Reinforced Body","floor":23.0},{"not_picked":["White Noise","Turbo"],"picked":"Hologram","floor":25.0},{"not_picked":["Steam","Go for the Eyes"],"picked":"Ball Lightning+1","floor":28.0},{"not_picked":["Thunder Strike","Rainbow+1"],"picked":"Seek+1","floor":33},{"not_picked":["Undo+1","Ball Lightning","Leap+1"],"picked":"SKIP","floor":35},{"not_picked":["Sweeping Beam","Storm","Streamline"],"picked":"SKIP","floor":37},{"not_picked":["Genetic Algorithm+1","Redo+1"],"picked":"Static Discharge+1","floor":40},{"not_picked":["Compile Driver","Cold Snap+1"],"picked":"Defragment+1","floor":45},{"not_picked":["Rebound","Redo+1","Turbo+1"],"picked":"SKIP","floor":47},{"not_picked":["Stack+1","Steam+1"],"picked":"Chill+1","floor":48}],"player_experience":901724,"relics_obtained":[{"floor":8.0,"key":"Bag of Marbles"},{"floor":9.0,"key":"Kunai"},{"floor":14.0,"key":"Bronze Scales"},{"floor":21.0,"key":"Bottled Tornado"},{"floor":23.0,"key":"Meat on the Bone"},{"floor":23.0,"key":"Pear"},{"floor":26.0,"key":"Juzu Bracelet"},{"floor":27.0,"key":"Lantern"},{"floor":28.0,"key":"Torii"},{"floor":28.0,"key":"Toxic Egg 2"},{"floor":31.0,"key":"Ornamental Fan"},{"floor":40,"key":"Vajra"},{"floor":40,"key":"Whetstone"},{"floor":41,"key":"Blue Candle"},{"floor":43,"key":"Ice Cream"},{"floor":44,"key":"Du-Vu Doll"},{"floor":47,"key":"DataDisk"},{"floor":47,"key":"Centennial Puzzle"}],"event_choices":[{"damage_healed":0.0,"max_hp_gain":0.0,"max_hp_loss":0.0,"gold_gain":0.0,"event_name":"Accursed Blacksmith","player_choice":"Forge","floor":4.0,"gold_loss":0.0,"damage_taken":0.0,"cards_upgraded":["Zap"]},{"damage_healed":0.0,"max_hp_gain":0.0,"max_hp_loss":0.0,"gold_gain":0.0,"event_name":"Colosseum","player_choice":"Fight","floor":28.0,"gold_loss":0.0,"damage_taken":0.0},{"damage_healed":0.0,"max_hp_gain":0.0,"max_hp_loss":0.0,"gold_gain":0.0,"event_name":"Colosseum","player_choice":"Fought Nobs","floor":28.0,"gold_loss":0.0,"damage_taken":0.0},{"damage_healed":0,"gold_gain":0,"player_choice":"Got Potions","damage_taken":0,"max_hp_gain":0,"max_hp_loss":0,"event_name":"Lab","floor":36,"gold_loss":0},{"cards_removed":["Defend_B"],"damage_healed":0,"gold_gain":0,"player_choice":"Purged","damage_taken":0,"max_hp_gain":0,"max_hp_loss":0,"event_name":"Purifier","floor":38,"gold_loss":0}],"is_beta":false,"boss_relics":[{"not_picked":["Busted Crown","Philosopher\u0027s Stone"],"picked":"Black Star"},{"not_picked":["Calling Bell","Snecko Eye"],"picked":"Lizard Tail"}],"items_purged_floors":[19,29,39],"is_endless":false,"potions_floor_spawned":[1,5,7,8,14,18,20,23,37,45,47],"ascension_level":0}