{"gold_per_floor":[214,226,16,16,16,16,33,50,50,50,79,79,97,164,164,164],"floor_reached":16,"playtime":659,"items_purged":[],"score":185,"play_id":"7e14547a-756e-40f2-8f37-683284aeccf0","local_time":"20180921211716","is_ascension_mode":true,"campfire_choices":[{"floor":6.0,"key":"REST"},{"data":"Metamorphosis","floor":10.0,"key":"SMITH"},{"data":"Dualcast","floor":12.0,"key":"SMITH"},{"floor":15.0,"key":"REST"}],"neow_cost":"NONE","seed_source_timestamp":537622244380339,"circlet_count":0,"master_deck":["Strike_B+1","Strike_B","Strike_B","Defend_B","Defend_B","Defend_B","Defend_B","Zap","Dualcast+1","AscendersBane","Sweeping Beam+1","Cold Snap","Metamorphosis+1","Glacier","Scrape","Core Surge"],"special_seed":0,"relics":["Cracked Core","Blue Candle","Sundial"],"potions_floor_usage":[16],"damage_taken":[{"damage":8.0,"enemies":"Small Slimes","floor":1.0,"turns":3.0},{"damage":1.0,"enemies":"Cultist","floor":2.0,"turns":3.0},{"damage":2.0,"enemies":"Jaw Worm","floor":7.0,"turns":3.0},{"damage":2.0,"enemies":"Blue Slaver","floor":8.0,"turns":4.0},{"damage":23.0,"enemies":"Gremlin Nob","floor":11.0,"turns":5.0},{"damage":26.0,"enemies":"Exordium Thugs","floor":13.0,"turns":4.0},{"damage":0,"enemies":"The Guardian","floor":16,"turns":2}],"seed_played":"-2796214859185241714","potions_obtained":[{"floor":8.0,"key":"PowerPotion"},{"floor":13.0,"key":"Dexterity Potion"}],"is_trial":false,"path_per_floor":["M","M","$","?","?","R","M","M","T","R","E","R","M","?","R"],"character_chosen":"DEFECT","items_purchased":["Metamorphosis"],"campfire_rested":2,"item_purchase_floors":[3],"current_hp_per_floor":[56,55,55,55,34,55,53,51,51,51,28,28,2,2,23,23],"gold":164,"neow_bonus":"HUNDRED_GOLD","is_prod":false,"is_daily":false,"chose_seed":false,"campfire_upgraded":2,"win_rate":0,"timestamp":1537579036,"path_taken":["M","M","$","?","?","R","M","?","T","R","E","R","M","?","R","BOSS"],"build_version":"2018-09-20","purchased_purges":0,"victory":false,"max_hp_per_floor":[71,71,71,71,71,71,71,71,71,71,71,71,71,71,71,71],"card_choices":[{"not_picked":["Steam","Conserve Battery"],"picked":"Sweeping Beam","floor":1.0},{"not_picked":["Hello World","Barrage"],"picked":"Cold Snap","floor":2.0},{"not_picked":["Chaos","Rebound"],"picked":"Glacier","floor":7.0},{"not_picked":["Coolheaded","Loop"],"picked":"Scrape","floor":8.0},{"not_picked":["Coolheaded","Steam Power"],"picked":"Core Surge","floor":11.0},{"not_picked":["Hologram","Melter","Redo"],"picked":"SKIP","floor":13.0}],"player_experience":681310,"relics_obtained":[{"floor":9.0,"key":"Blue Candle"},{"floor":11.0,"key":"Sundial"}],"event_choices":[{"event_name":"Bonfire Elementals","player_choice":"BASIC","floor":4.0,"damage_taken":0.0},{"event_name":"Shining Light","player_choice":"Entered Light","floor":5.0,"damage_taken":0.0},{"event_name":"Golden Wing","player_choice":"Gained Gold","floor":14.0,"damage_taken":0.0}],"is_beta":false,"boss_relics":[],"items_purged_floors":[],"is_endless":false,"potions_floor_spawned":[8,13],"killed_by":"The Guardian","ascension_level":17}