{"gold_per_floor":[109,126,146,71,86,114,114,124,124,142,142,173,173,186,186,287,287,304,304,36,55,70,70,70,102,129,39,51,51,51,151,151,253,253,265,265,284,4,4],"floor_reached":39,"playtime":4011,"items_purged":["Defend_R","Strike_R","Fire Breathing"],"score":480,"play_id":"f19e70fd-5d6c-4b89-8005-3341db81c89a","local_time":"20190523214210","is_ascension_mode":true,"campfire_choices":[{"data":"Flame Barrier","floor":7.0,"key":"SMITH"},{"data":"Inflame","floor":11.0,"key":"SMITH"},{"data":"Disarm","floor":15.0,"key":"SMITH"},{"floor":23.0,"key":"REST"},{"floor":29.0,"key":"REST"},{"floor":32,"key":"REST"}],"neow_cost":"NONE","seed_source_timestamp":0,"circlet_count":0,"master_deck":["Defend_R","Defend_R","Bash","Inflame+1","Metallicize","Flame Barrier+1","Heavy Blade","Disarm+1","Barricade","Anger+1","Rampage+1","Disarm+1","Inflame","Good Instincts","Disarm+1","Spot Weakness+1","Ghostly Armor+1","Limit Break","Shockwave+1","Impervious"],"special_seed":0,"relics":["Burning Blood","Pocketwatch","Question Card","Gremlin Horn","Paper Frog","Astrolabe","Regal Pillow","Centennial Puzzle","Girya","Darkstone Periapt","Velvet Choker"],"potions_floor_usage":[31],"damage_taken":[{"damage":3.0,"enemies":"Small Slimes","floor":1.0,"turns":4.0},{"damage":6.0,"enemies":"Cultist","floor":2.0,"turns":3.0},{"damage":11.0,"enemies":"2 Louse","floor":3.0,"turns":3.0},{"damage":0.0,"enemies":"Large Slime","floor":5.0,"turns":5.0},{"damage":10.0,"enemies":"Lagavulin","floor":6.0,"turns":12.0},{"damage":6.0,"enemies":"Gremlin Gang","floor":8.0,"turns":6.0},{"damage":8.0,"enemies":"Blue Slaver","floor":10.0,"turns":4.0},{"damage":6.0,"enemies":"3 Sentries","floor":12.0,"turns":8.0},{"damage":0.0,"enemies":"2 Fungi Beasts","floor":14.0,"turns":5.0},{"damage":22.0,"enemies":"The Guardian","floor":16.0,"turns":13.0},{"damage":15.0,"enemies":"3 Byrds","floor":18.0,"turns":5.0},{"damage":30.0,"enemies":"Spheric Guardian","floor":21.0,"turns":5.0},{"damage":10.0,"enemies":"Centurion and Healer","floor":22.0,"turns":8.0},{"damage":11.0,"enemies":"Gremlin Leader","floor":25.0,"turns":6.0},{"damage":45.0,"enemies":"3 Cultists","floor":28.0,"turns":6.0},{"damage":29,"enemies":"Colosseum Slavers","floor":31,"turns":4},{"damage":22,"enemies":"Colosseum Nobs","floor":31,"turns":5},{"damage":30,"enemies":"Champ","floor":33,"turns":12},{"damage":27,"enemies":"3 Darklings","floor":35,"turns":7},{"damage":23,"enemies":"3 Shapes","floor":37,"turns":9},{"damage":42,"enemies":"2 Orb Walkers","floor":39,"turns":4}],"seed_played":"-6395068982832209478","potions_obtained":[{"floor":2.0,"key":"Weak Potion"},{"floor":5.0,"key":"Dexterity Potion"},{"floor":6.0,"key":"Block Potion"},{"floor":12.0,"key":"Strength Potion"},{"floor":21.0,"key":"SpeedPotion"},{"floor":22.0,"key":"Weak Potion"},{"floor":28.0,"key":"SteroidPotion"},{"floor":37,"key":"FearPotion"}],"is_trial":false,"path_per_floor":["M","M","M","$","M","E","R","M","T","M","R","E","?","M","R","B",null,"M","?","$","M","M","R","?","E","T","?","M","R","$","?","R","B",null,"M","?","M","$","?"],"character_chosen":"IRONCLAD","items_purchased":["Inflame","Good Instincts","Impervious"],"campfire_rested":3,"item_purchase_floors":[20,20,38],"current_hp_per_floor":[80,80,75,75,80,76,76,76,76,74,74,74,74,80,80,64,80,71,71,71,47,43,67,67,62,62,62,23,62,62,23,62,38,80,59,59,42,42,0],"gold":4,"neow_bonus":"REMOVE_CARD","is_prod":false,"is_daily":false,"chose_seed":false,"campfire_upgraded":3,"win_rate":0,"timestamp":1558644130,"path_taken":["M","M","M","$","M","E","R","M","T","M","R","E","?","M","R","BOSS","M","?","$","M","?","R","?","E","T","?","?","R","$","?","R","BOSS","M","?","?","$","?"],"build_version":"2019-01-23","purchased_purges":3,"victory":false,"max_hp_per_floor":[80,80,80,80,80,80,80,80,80,80,80,80,80,80,80,80,80,80,80,80,80,80,80,80,80,80,80,80,80,80,80,80,80,80,80,80,80,80,80],"card_choices":[{"not_picked":["Body Slam","Bloodletting","Perfected Strike"],"picked":"SKIP","floor":1.0},{"not_picked":["Clash","Seeing Red"],"picked":"Inflame","floor":2.0},{"not_picked":["Perfected Strike","Warcry"],"picked":"Metallicize","floor":3.0},{"not_picked":["Heavy Blade","True Grit"],"picked":"Flame Barrier","floor":5.0},{"not_picked":["Anger","Combust","Flex"],"picked":"SKIP","floor":6.0},{"not_picked":["Carnage","Cleave"],"picked":"Heavy Blade","floor":8.0},{"not_picked":["Warcry","Thunderclap","Twin Strike","Headbutt"],"picked":"SKIP","floor":10.0},{"not_picked":["Flex","Havoc","Burning Pact","Entrench"],"picked":"SKIP","floor":12.0},{"not_picked":["Havoc","Flame Barrier","Rampage"],"picked":"Disarm","floor":14.0},{"not_picked":["Dark Embrace","Juggernaut","Fiend Fire"],"picked":"Barricade","floor":16.0},{"not_picked":["Perfected Strike","Bloodletting","Clash+1","Thunderclap"],"picked":"SKIP","floor":18.0},{"not_picked":["Whirlwind","Blood for Blood+1","Armaments","Sword Boomerang"],"picked":"SKIP","floor":21.0},{"not_picked":["Iron Wave","Metallicize","Entrench+1"],"picked":"Disarm","floor":22.0},{"not_picked":["Berserk","Disarm","Thunderclap"],"picked":"Spot Weakness+1","floor":25.0},{"not_picked":["Thunderclap","Warcry+1","Flex","Wild Strike"],"picked":"SKIP","floor":28.0},{"not_picked":["Double Tap","Armaments","Havoc"],"picked":"Ghostly Armor+1","floor":31},{"not_picked":["Offering","Bludgeon","Reaper"],"picked":"Limit Break","floor":33},{"not_picked":["Headbutt+1","Havoc","Intimidate","Metallicize+1"],"picked":"SKIP","floor":35},{"not_picked":["Inflame","Heavy Blade+1","Pummel"],"picked":"Shockwave+1","floor":37}],"player_experience":541543,"relics_obtained":[{"floor":6.0,"key":"Pocketwatch"},{"floor":9.0,"key":"Question Card"},{"floor":12.0,"key":"Gremlin Horn"},{"floor":25.0,"key":"Regal Pillow"},{"floor":26.0,"key":"Centennial Puzzle"},{"floor":31,"key":"Girya"},{"floor":31,"key":"Darkstone Periapt"}],"event_choices":[{"damage_healed":0.0,"max_hp_gain":0.0,"max_hp_loss":0.0,"gold_gain":0.0,"event_name":"WeMeetAgain","player_choice":"Gave Potion","floor":13.0,"gold_loss":0.0,"damage_taken":0.0,"relics_obtained":["Paper Frog"]},{"damage_healed":0.0,"max_hp_gain":0.0,"max_hp_loss":0.0,"gold_gain":0.0,"event_name":"Duplicator","player_choice":"Copied","floor":19.0,"gold_loss":0.0,"damage_taken":0.0,"cards_obtained":["Disarm"]},{"cards_removed":["Strike_R"],"damage_healed":0.0,"max_hp_gain":0.0,"max_hp_loss":0.0,"gold_gain":0.0,"event_name":"Designer","player_choice":"Upgrade and Remove","floor":27.0,"gold_loss":90.0,"damage_taken":0.0,"cards_upgraded":["Disarm"]},{"damage_healed":0,"gold_gain":0,"player_choice":"Fight","damage_taken":0,"max_hp_gain":0,"max_hp_loss":0,"event_name":"Colosseum","floor":31,"gold_loss":0},{"damage_healed":0,"gold_gain":0,"player_choice":"Fought Nobs","damage_taken":0,"max_hp_gain":0,"max_hp_loss":0,"event_name":"Colosseum","floor":31,"gold_loss":0},{"damage_healed":0,"gold_gain":0,"cards_transformed":["Sever Soul"],"player_choice":"Transformed","damage_taken":0,"max_hp_gain":0,"max_hp_loss":0,"event_name":"Transmorgrifier","floor":36,"gold_loss":0,"cards_obtained":["Fire Breathing"]},{"damage_healed":0,"gold_gain":0,"player_choice":"Fight","damage_taken":0,"max_hp_gain":0,"max_hp_loss":0,"event_name":"Mysterious Sphere","floor":39,"gold_loss":0}],"is_beta":false,"boss_relics":[{"not_picked":["Empty Cage","Black Star"],"picked":"Astrolabe"},{"not_picked":["Runic Pyramid","Fusion Hammer"],"picked":"Velvet Choker"}],"items_purged_floors":[4,20,38],"is_endless":false,"potions_floor_spawned":[2,5,6,12,21,22,28,31,37],"killed_by":"2 Orb Walkers","ascension_level":2}