{"gold_per_floor":[113,113,113,123,123,150,150,180,204,218,548,548,580,598,598,598],"floor_reached":16,"playtime":598,"items_purged":[],"score":172,"play_id":"03e3ec47-6374-4df1-a5d5-9089caf577ee","local_time":"20190121145905","is_ascension_mode":true,"campfire_choices":[{"data":"Pummel","floor":7,"key":"SMITH"},{"data":"Flex","floor":15,"key":"SMITH"}],"neow_cost":"NONE","seed_source_timestamp":337015970247069,"circlet_count":0,"master_deck":["Strike_R","Strike_R","Strike_R","Strike_R+1","Defend_R","Defend_R","Defend_R","Defend_R+1","Bash","Rage","Cleave","Pummel+1","Reaper","Warcry","Flex+1","Fiend Fire","Sentinel"],"relics":["Burning Blood","NeowsBlessing","Pen Nib","Odd Mushroom","Bag of Marbles","Old Coin","Question Card","Ornamental Fan"],"potions_floor_usage":[8,11,16],"damage_taken":[{"damage":0,"enemies":"2 Louse","floor":1,"turns":1},{"damage":0,"enemies":"Jaw Worm","floor":4,"turns":1},{"damage":0,"enemies":"3 Sentries","floor":6,"turns":2},{"damage":11,"enemies":"The Mushroom Lair","floor":8,"turns":4},{"damage":0,"enemies":"Small Slimes","floor":10,"turns":1},{"damage":7,"enemies":"Gremlin Nob","floor":11,"turns":3},{"damage":26,"enemies":"Lagavulin","floor":13,"turns":4},{"damage":13,"enemies":"Blue Slaver","floor":14,"turns":3},{"damage":84,"enemies":"Hexaghost","floor":16,"turns":10}],"seed_played":"-2819655663920669749","potions_obtained":[{"floor":4,"key":"SkillPotion"},{"floor":6,"key":"Strength Potion"},{"floor":11,"key":"Fire Potion"},{"floor":13,"key":"SpeedPotion"},{"floor":14,"key":"Ancient Potion"}],"is_trial":false,"path_per_floor":["M","?","?","M","?","E","R","?","T","M","E","T","E","M","R","B"],"character_chosen":"IRONCLAD","items_purchased":[],"campfire_rested":0,"item_purchase_floors":[],"current_hp_per_floor":[80,85,68,74,74,80,80,83,83,85,84,84,77,76,76,0],"gold":598,"neow_bonus":"THREE_ENEMY_KILL","is_prod":false,"is_daily":false,"chose_seed":false,"campfire_upgraded":2,"win_rate":0,"timestamp":1548100745,"path_taken":["M","?","?","M","?","E","R","?","T","?","E","?","E","M","R","BOSS"],"build_version":"2019-01-17v2","purchased_purges":0,"victory":false,"max_hp_per_floor":[80,85,85,85,85,85,85,85,85,85,85,85,85,85,85,85],"card_choices":[{"not_picked":["Flex","Entrench"],"picked":"Rage","floor":1},{"not_picked":["Reckless Charge","Burning Pact"],"picked":"Cleave","floor":4},{"not_picked":["Havoc","Cleave"],"picked":"Reaper","floor":6},{"not_picked":["Searing Blow","Sword Boomerang"],"picked":"Warcry","floor":8},{"not_picked":["Disarm","Cleave"],"picked":"Flex","floor":10},{"not_picked":["Shrug It Off","Wild Strike"],"picked":"Fiend Fire","floor":11},{"not_picked":["Twin Strike","True Grit","Rampage","Battle Trance"],"picked":"SKIP","floor":13},{"not_picked":["Combust","Wild Strike","Metallicize"],"picked":"Sentinel","floor":14}],"player_experience":210872,"relics_obtained":[{"floor":6,"key":"Pen Nib"},{"floor":8,"key":"Odd Mushroom"},{"floor":9,"key":"Bag of Marbles"},{"floor":11,"key":"Old Coin"},{"floor":12,"key":"Question Card"},{"floor":13,"key":"Ornamental Fan"}],"event_choices":[{"damage_healed":0,"gold_gain":0,"player_choice":"Donut","damage_taken":0,"max_hp_gain":5,"max_hp_loss":0,"event_name":"Big Fish","floor":2,"gold_loss":0},{"damage_healed":0,"gold_gain":0,"player_choice":"Entered Light","damage_taken":17,"max_hp_gain":0,"max_hp_loss":0,"event_name":"Shining Light","floor":3,"gold_loss":0,"cards_upgraded":["Defend_R","Strike_R"]},{"damage_healed":0,"gold_gain":0,"cards_transformed":["Strike_R"],"player_choice":"Change","damage_taken":0,"max_hp_gain":0,"max_hp_loss":0,"event_name":"Living Wall","floor":5,"gold_loss":0,"cards_obtained":["Pummel"]},{"damage_healed":0,"gold_gain":0,"player_choice":"Fought Mushrooms","damage_taken":0,"max_hp_gain":0,"max_hp_loss":0,"event_name":"Mushrooms","floor":8,"gold_loss":0}],"is_beta":false,"boss_relics":[],"items_purged_floors":[],"is_endless":false,"potions_floor_spawned":[4,6,11,13,14],"killed_by":"Hexaghost","ascension_level":4}