{"gold_per_floor":[110,22,22,22,22,50,50,83,110,168,168,187,210,275,275,365,365,378,378,378,398,398,423,423],"floor_reached":24,"playtime":851,"items_purged":[],"score":459,"play_id":"4a9eb15a-edf8-49b5-868f-da4581a1500f","local_time":"20181205144400","is_ascension_mode":true,"campfire_choices":[{"data":"Armaments","floor":7,"key":"SMITH"},{"data":"Panacea","floor":15,"key":"SMITH"}],"neow_cost":"NONE","seed_source_timestamp":16891376681349,"circlet_count":0,"master_deck":["AscendersBane","Strike_R+1","Strike_R+1","Strike_R+1","Defend_R+1","Defend_R+1","Defend_R+1","Defend_R+1","Bash","Spot Weakness","Panacea+1","Armaments+1","Carnage","Sword Boomerang","Headbutt","Flex","Twin Strike","Cleave","Shrug It Off","Heavy Blade"],"relics":["Burning Blood","NeowsBlessing","Magic Flower","Juzu Bracelet","Anchor","Tiny Chest","Golden Idol","Matryoshka","Empty Cage"],"potions_floor_usage":[16,16,24,24],"damage_taken":[{"damage":0,"enemies":"Jaw Worm","floor":1,"turns":1},{"damage":0,"enemies":"Lagavulin","floor":6,"turns":1},{"damage":0,"enemies":"3 Sentries","floor":8,"turns":1},{"damage":35,"enemies":"Lagavulin","floor":10,"turns":7},{"damage":0,"enemies":"Small Slimes","floor":12,"turns":3},{"damage":6,"enemies":"Cultist","floor":13,"turns":3},{"damage":32,"enemies":"Lagavulin Event","floor":14,"turns":5},{"damage":8,"enemies":"Slime Boss","floor":16,"turns":6},{"damage":20,"enemies":"3 Byrds","floor":18,"turns":6},{"damage":11,"enemies":"Shell Parasite","floor":21,"turns":4},{"damage":29,"enemies":"Snecko","floor":23,"turns":7},{"damage":16,"enemies":"Gremlin Leader","floor":24,"turns":4}],"seed_played":"3494517187524708229","potions_obtained":[{"floor":1,"key":"Explosive Potion"},{"floor":10,"key":"AttackPotion"},{"floor":14,"key":"Ancient Potion"},{"floor":21,"key":"Weak Potion"}],"is_trial":false,"path_per_floor":["M","$","?","T","$","E","R","E","T","E","?","M","M","?","R","B",null,"M","?","?","M","?","M","E"],"character_chosen":"IRONCLAD","items_purchased":["Panacea"],"campfire_rested":0,"item_purchase_floors":[2],"current_hp_per_floor":[74,74,79,79,79,80,80,80,80,54,54,63,66,43,43,44,65,54,40,40,38,38,18,2],"gold":423,"neow_bonus":"THREE_ENEMY_KILL","is_prod":false,"is_daily":false,"chose_seed":false,"campfire_upgraded":2,"win_rate":0,"timestamp":1544039040,"path_taken":["M","$","?","?","?","E","R","E","T","E","?","M","M","?","R","BOSS","M","?","?","M","?","M","E"],"build_version":"2018-11-15","purchased_purges":0,"victory":false,"max_hp_per_floor":[75,75,80,80,80,80,80,80,80,80,72,72,72,72,72,72,72,72,72,72,72,72,72,72],"card_choices":[{"not_picked":["Hemokinesis","Headbutt"],"picked":"Spot Weakness","floor":1},{"not_picked":["Thunderclap","Reckless Charge"],"picked":"Armaments","floor":6},{"not_picked":["Dual Wield","Evolve"],"picked":"Carnage","floor":8},{"not_picked":["Body Slam","Sentinel"],"picked":"Sword Boomerang","floor":10},{"not_picked":["Impervious","Inflame"],"picked":"Headbutt","floor":12},{"not_picked":["Clash","Sword Boomerang"],"picked":"Flex","floor":13},{"not_picked":["Clash","Armaments"],"picked":"Twin Strike","floor":14},{"not_picked":["Havoc","Sentinel"],"picked":"Cleave","floor":18},{"not_picked":["Sever Soul","Twin Strike","Bloodletting"],"picked":"SKIP","floor":21},{"not_picked":["Power Through","True Grit"],"picked":"Heavy Blade","floor":23}],"player_experience":956186,"relics_obtained":[{"floor":4,"key":"Magic Flower"},{"floor":6,"key":"Juzu Bracelet"},{"floor":8,"key":"Anchor"},{"floor":10,"key":"Tiny Chest"},{"floor":14,"key":"Matryoshka"}],"event_choices":[{"damage_healed":0,"gold_gain":0,"player_choice":"Donut","damage_taken":0,"max_hp_gain":5,"max_hp_loss":0,"event_name":"Big Fish","floor":3,"gold_loss":0},{"damage_healed":0,"gold_gain":0,"player_choice":"Lose Max HP","damage_taken":0,"relics_obtained":["Golden Idol"],"max_hp_gain":0,"max_hp_loss":8,"event_name":"Golden Idol","floor":11,"gold_loss":0},{"damage_healed":0,"gold_gain":30,"player_choice":"Searched \u00273\u0027 times","damage_taken":0,"max_hp_gain":0,"max_hp_loss":0,"event_name":"Dead Adventurer","floor":14,"gold_loss":0},{"damage_healed":0,"gold_gain":0,"player_choice":"POTION ","damage_taken":14,"max_hp_gain":0,"max_hp_loss":0,"event_name":"Knowing Skull","floor":19,"potions_obtained":["Block Potion"],"gold_loss":0,"cards_obtained":[]},{"damage_healed":0,"gold_gain":0,"player_choice":"Read","damage_taken":0,"max_hp_gain":0,"max_hp_loss":0,"event_name":"The Library","floor":20,"gold_loss":0,"cards_obtained":["Shrug It Off"]},{"damage_healed":0,"gold_gain":0,"player_choice":"Simplicity","damage_taken":0,"max_hp_gain":0,"max_hp_loss":0,"event_name":"Back to Basics","floor":22,"gold_loss":0,"cards_upgraded":["Strike_R","Strike_R","Strike_R","Defend_R","Defend_R","Defend_R","Defend_R"]}],"is_beta":false,"boss_relics":[{"not_picked":["Tiny House","White Beast Statue"],"picked":"Empty Cage"}],"items_purged_floors":[],"is_endless":false,"potions_floor_spawned":[1,10,14,21],"killed_by":"Gremlin Leader","ascension_level":15}