{"gold_per_floor":[117,117,133,144,157,157,186,198,198,56,67,80,80,96,96,168,168,186,204,220,235,253,253,278,278,304,337,337,337,370,381,381,455,455,465,516,79,98,98,128,128,157,157,183,183,183,183,183,183,183],"floor_reached":51,"playtime":2933,"items_purged":["Strike_B"],"score":1464,"play_id":"5cf2d717-81cf-4238-88a6-7b8cb02cdd9e","local_time":"20180728193545","is_ascension_mode":true,"campfire_choices":[{"floor":6,"key":"REST"},{"data":"Defragment","floor":13,"key":"SMITH"},{"data":"Streamline","floor":15,"key":"SMITH"},{"data":"Echo Form","floor":23,"key":"SMITH"},{"data":"Hyperbeam","floor":25,"key":"SMITH"},{"data":"Loop","floor":29,"key":"SMITH"},{"data":"Fission","floor":32,"key":"SMITH"},{"floor":45,"key":"DIG"},{"floor":47,"key":"DIG"},{"floor":49,"key":"DIG"}],"neow_cost":"CURSE","seed_source_timestamp":1251517325177566,"circlet_count":0,"master_deck":["Strike_B+1","Strike_B","Strike_B","Defend_B","Defend_B","Defend_B","Defend_B","Zap","Dualcast+1","AscendersBane","Doubt","Defragment+1","Sweeping Beam","Ball Lightning","Glacier","Echo Form+1","Self Repair","Core Surge","Glacier","Streamline+1","Hyperbeam+1","Compile Driver+1","Loop+1","Barrage+1","Fission+1","Electrodynamics","Barrage+1","Force Field+1","Coolheaded+1","Madness","Chill+1","Amplify"],"relics":["Cracked Core","Du-Vu Doll","Anchor","Blood Vial","Snecko Eye","Oddly Smooth Stone","Bag of Preparation","Mummified Hand","Ornamental Fan","Nuclear Battery","Calipers","Shovel","Gremlin Horn","Happy Flower","Mercury Hourglass","Potion Belt","Boot","Molten Egg 2","Juzu Bracelet","Gambling Chip","Dead Branch"],"potions_floor_usage":[8,11,16,16,16,16,22,22,33,33,50],"damage_taken":[{"damage":1,"enemies":"Cultist","floor":1,"turns":3},{"damage":3,"enemies":"2 Louse","floor":3,"turns":2},{"damage":7,"enemies":"Jaw Worm","floor":4,"turns":3},{"damage":12,"enemies":"Looter","floor":5,"turns":3},{"damage":21,"enemies":"Gremlin Nob","floor":7,"turns":4},{"damage":0,"enemies":"3 Louse","floor":8,"turns":2},{"damage":11,"enemies":"Exordium Wildlife","floor":11,"turns":4},{"damage":0,"enemies":"Blue Slaver","floor":12,"turns":4},{"damage":3,"enemies":"Exordium Thugs","floor":14,"turns":5},{"damage":20,"enemies":"The Guardian","floor":16,"turns":9},{"damage":0,"enemies":"Chosen","floor":18,"turns":5},{"damage":0,"enemies":"Spheric Guardian","floor":19,"turns":3},{"damage":0,"enemies":"Centurion and Healer","floor":20,"turns":5},{"damage":0,"enemies":"Snake Plant","floor":21,"turns":3},{"damage":0,"enemies":"Chosen and Byrds","floor":22,"turns":4},{"damage":11,"enemies":"Book of Stabbing","floor":24,"turns":7},{"damage":6,"enemies":"Gremlin Leader","floor":27,"turns":8},{"damage":0,"enemies":"Slavers","floor":30,"turns":2},{"damage":0,"enemies":"Sentry and Sphere","floor":31,"turns":3},{"damage":16,"enemies":"Automaton","floor":33,"turns":12},{"damage":0,"enemies":"3 Shapes","floor":35,"turns":1},{"damage":6,"floor":36,"turns":2},{"damage":0,"enemies":"Flame Bruiser 1 Orb","floor":38,"turns":4},{"damage":27,"enemies":"Nemesis","floor":40,"turns":5},{"damage":0,"enemies":"Giant Head","floor":42,"turns":7},{"damage":0,"enemies":"2 Orb Walkers","floor":44,"turns":3},{"damage":0,"floor":48,"turns":4},{"damage":14,"enemies":"Donu and Deca","floor":50,"turns":6}],"seed_played":"-3372274831262851724","potions_obtained":[{"floor":5,"key":"Explosive Potion"},{"floor":7,"key":"Weak Potion"},{"floor":11,"key":"Fire Potion"},{"floor":14,"key":"EntropicBrew"},{"floor":19,"key":"PowerPotion"},{"floor":20,"key":"Fire Potion"},{"floor":30,"key":"FocusPotion"},{"floor":31,"key":"Ancient Potion"},{"floor":36,"key":"Poison Potion"},{"floor":44,"key":"Block Potion"}],"is_trial":false,"path_per_floor":["M","?","M","M","M","R","E","M","T","$","M","M","R","M","R","B",null,"M","M","M","M","M","R","E","R","T","E","?","R","E","M","R","B",null,"M","?","$","M","?","E","?","E","T","E","R","T","R","?","R","B"],"character_chosen":"DEFECT","items_purchased":["Core Surge","Shovel","Loop"],"campfire_rested":1,"item_purchase_floors":[10,37,37],"current_hp_per_floor":[63,42,39,32,20,41,20,20,20,20,18,27,27,33,33,22,59,68,70,71,71,71,71,67,67,67,71,71,71,71,71,71,69,71,71,71,71,71,71,51,51,60,60,69,69,69,69,71,71,64],"gold":183,"neow_bonus":"ONE_RARE_RELIC","is_prod":false,"is_daily":false,"chose_seed":false,"campfire_upgraded":6,"win_rate":0,"timestamp":1532820945,"path_taken":["M","?","M","M","M","R","E","M","T","$","M","M","R","M","R","BOSS","M","M","M","?","M","R","E","R","T","E","?","R","E","M","R","BOSS","M","?","$","M","?","E","?","E","T","E","R","?","R","?","R","BOSS"],"build_version":"2018-07-26","purchased_purges":1,"victory":true,"max_hp_per_floor":[71,71,71,71,71,71,71,71,71,71,71,71,71,71,71,71,71,71,71,71,71,71,71,71,71,71,71,71,71,71,71,71,71,71,71,71,71,71,71,71,71,71,71,71,71,71,71,71,71,71],"card_choices":[{"not_picked":["Stack","Compile Driver"],"picked":"Defragment","floor":1},{"not_picked":["Double Energy","Storm"],"picked":"Sweeping Beam","floor":3},{"not_picked":["Coolheaded","Stack"],"picked":"Ball Lightning","floor":4},{"not_picked":["Rebound","Coolheaded"],"picked":"Glacier","floor":5},{"not_picked":["Ball Lightning","Rebound"],"picked":"Echo Form","floor":7},{"not_picked":["Rebound","Storm"],"picked":"Self Repair","floor":8},{"not_picked":["Stack","Auto Shields"],"picked":"Glacier","floor":11},{"not_picked":["Gash","Reinforced Body"],"picked":"Streamline","floor":12},{"not_picked":["Beam Cell","Lockon","Barrage"],"picked":"SKIP","floor":14},{"not_picked":["Rainbow","Fission"],"picked":"Hyperbeam","floor":16},{"not_picked":["Gash","Ball Lightning","Sweeping Beam"],"picked":"SKIP","floor":18},{"not_picked":["Reboot","Barrage"],"picked":"Compile Driver+1","floor":19},{"not_picked":["Chill","Rip and Tear","Steam"],"picked":"SKIP","floor":20},{"not_picked":["Conserve Battery","Leap","Steam"],"picked":"SKIP","floor":21},{"not_picked":["Redo+1","Conserve Battery"],"picked":"Loop","floor":22},{"not_picked":["Leap","Aggregate"],"picked":"Barrage+1","floor":24},{"not_picked":["Cold Snap","Leap","Hologram"],"picked":"SKIP","floor":27},{"not_picked":["Reprogram","Leap"],"picked":"Fission","floor":30},{"not_picked":["Redo","Ball Lightning","Streamline+1"],"picked":"SKIP","floor":31},{"not_picked":["Machine Learning","Meteor Strike"],"picked":"Electrodynamics","floor":33},{"not_picked":["Gash","Conserve Battery"],"picked":"Barrage+1","floor":35},{"not_picked":["Undo","Leap"],"picked":"Force Field+1","floor":38},{"not_picked":["Sweeping Beam","Sunder"],"picked":"Coolheaded+1","floor":40},{"not_picked":["Mind Blast","Deep Breath"],"picked":"Madness","floor":41},{"not_picked":["Sweeping Beam+1","Conserve Battery","Go for the Eyes"],"picked":"SKIP","floor":42},{"not_picked":["Conserve Battery","Go for the Eyes"],"picked":"Chill+1","floor":44},{"not_picked":["Go for the Eyes+1","Heatsinks"],"picked":"Amplify","floor":48}],"player_experience":537387,"relics_obtained":[{"floor":7,"key":"Anchor"},{"floor":9,"key":"Blood Vial"},{"floor":24,"key":"Oddly Smooth Stone"},{"floor":26,"key":"Bag of Preparation"},{"floor":27,"key":"Mummified Hand"},{"floor":30,"key":"Ornamental Fan"},{"floor":36,"key":"Calipers"},{"floor":40,"key":"Gremlin Horn"},{"floor":42,"key":"Happy Flower"},{"floor":43,"key":"Mercury Hourglass"},{"floor":44,"key":"Potion Belt"},{"floor":45,"key":"Boot"},{"floor":46,"key":"Molten Egg 2"},{"floor":47,"key":"Juzu Bracelet"},{"floor":48,"key":"Gambling Chip"},{"floor":49,"key":"Dead Branch"}],"event_choices":[{"event_name":"Shining Light","player_choice":"Entered Light","floor":2,"damage_taken":0},{"event_name":"Drug Dealer","player_choice":"Ignored","floor":28,"damage_taken":0},{"event_name":"Mysterious Sphere","player_choice":"Fight","floor":36,"damage_taken":0},{"event_name":"Falling","player_choice":"Removed Power","floor":39,"damage_taken":0},{"event_name":"SensoryStone","player_choice":"Memory 1","floor":41,"damage_taken":0},{"event_name":"MindBloom","player_choice":"Fight","floor":48,"damage_taken":0}],"is_beta":false,"boss_relics":[{"not_picked":["Coffee Dripper","Runic Pyramid"],"picked":"Snecko Eye"},{"not_picked":["Velvet Choker","Runic Dome"],"picked":"Nuclear Battery"}],"items_purged_floors":[37],"is_endless":false,"potions_floor_spawned":[5,7,11,14,19,20,30,31,36,44],"ascension_level":15}