{"gold_per_floor":[110,60,76,1,176,205,205,221,297,297,297,315,335,347,347,448,448,468,468,468,393,409,409,35,35,60,60,86,99,99,31,31,136,136,151,151,26,37,53,53,69,20,20,20],"floor_reached":44,"playtime":1818,"items_purged":["Strike_G","Strike_G","Flechettes"],"score":538,"play_id":"7fcf6e49-6b13-4cbc-93f6-ff2b24a17a7d","local_time":"20190523123742","is_ascension_mode":true,"campfire_choices":[{"data":"Caltrops","floor":7.0,"key":"SMITH"},{"data":"Neutralize","floor":10.0,"key":"SMITH"},{"floor":15.0,"key":"REST"},{"data":"Noxious Fumes","floor":23.0,"key":"SMITH"},{"floor":27.0,"key":"REST"},{"floor":30.0,"key":"RECALL"},{"data":"Calculated Gamble","floor":32.0,"key":"SMITH"},{"floor":40.0,"key":"REST"}],"neow_cost":"NONE","seed_source_timestamp":0,"circlet_count":0,"master_deck":["Defend_G","Defend_G","Defend_G","Defend_G","Defend_G","Survivor","Neutralize+1","Caltrops+1","Backflip","Poisoned Stab","Venomology","Noxious Fumes+1","Corpse Explosion","Leg Sweep","Bane","Calculated Gamble+1","Deadly Poison","Blur","After Image","PiercingWail+1","Footwork+1"],"special_seed":0,"relics":["Ring of the Snake","NeowsBlessing","Bag of Marbles","Mummified Hand","Odd Mushroom","Velvet Choker","MutagenicStrength","TwistedFunnel","Spirit Poop","Tough Bandages","WristBlade","Gambling Chip"],"potions_floor_usage":[44,44],"damage_taken":[{"damage":0.0,"enemies":"Jaw Worm","floor":1.0,"turns":1.0},{"damage":0.0,"enemies":"2 Louse","floor":3.0,"turns":1.0},{"damage":0.0,"enemies":"Lagavulin","floor":6.0,"turns":1.0},{"damage":1.0,"enemies":"Small Slimes","floor":8.0,"turns":4.0},{"damage":3.0,"enemies":"Looter","floor":12.0,"turns":3.0},{"damage":15.0,"enemies":"The Mushroom Lair","floor":13.0,"turns":5.0},{"damage":5.0,"enemies":"3 Louse","floor":14.0,"turns":4.0},{"damage":2.0,"enemies":"The Guardian","floor":16.0,"turns":11.0},{"damage":11.0,"enemies":"2 Thieves","floor":18.0,"turns":4.0},{"damage":0.0,"enemies":"Chosen","floor":22.0,"turns":4.0},{"damage":4.0,"enemies":"Book of Stabbing","floor":28.0,"turns":4.0},{"damage":5.0,"enemies":"Sentry and Sphere","floor":29.0,"turns":4.0},{"damage":22.0,"enemies":"Automaton","floor":33.0,"turns":9.0},{"damage":0.0,"enemies":"3 Darklings","floor":35.0,"turns":2.0},{"damage":1.0,"enemies":"3 Shapes","floor":38.0,"turns":3.0},{"damage":15.0,"enemies":"Jaw Worm Horde","floor":39.0,"turns":4.0},{"damage":23.0,"enemies":"Writhing Mass","floor":41.0,"turns":5.0},{"damage":52,"enemies":"Giant Head","floor":44,"turns":11}],"seed_played":"-3445391412500085201","potions_obtained":[{"floor":1.0,"key":"SteroidPotion"},{"floor":6.0,"key":"Dexterity Potion"},{"floor":13.0,"key":"Block Potion"},{"floor":14.0,"key":"SteroidPotion"},{"floor":28.0,"key":"Weak Potion"},{"floor":29.0,"key":"Swift Potion"},{"floor":33.0,"key":"PowerPotion"},{"floor":38.0,"key":"Explosive Potion"},{"floor":39.0,"key":"FearPotion"}],"is_trial":false,"path_per_floor":["M","?","M","$","?","E","R","M","T","R","?","M","?","M","R","B",null,"M","?","?","?","M","R","$","?","T","R","E","M","R","$","R","B",null,"M","?","$","M","M","R","M","$","T","E"],"character_chosen":"THE_SILENT","items_purchased":["TwistedFunnel","Regen Potion","Blur","PowerPotion"],"campfire_rested":3,"item_purchase_floors":[24,24,31,42],"current_hp_per_floor":[70,70,70,70,70,70,70,69,69,69,62,59,44,39,60,58,70,59,46,46,46,46,46,46,46,46,68,64,72,72,72,72,50,75,75,75,75,74,59,75,52,52,52,0],"gold":20,"neow_bonus":"THREE_ENEMY_KILL","is_prod":false,"is_daily":false,"chose_seed":false,"campfire_upgraded":4,"win_rate":0,"timestamp":1558607862,"path_taken":["M","?","M","$","?","E","R","M","T","R","?","M","?","M","R","BOSS","M","?","?","?","M","R","$","?","T","R","E","M","R","$","R","BOSS","M","?","$","M","?","R","M","$","T","E"],"build_version":"2019-05-07","purchased_purges":3,"victory":false,"max_hp_per_floor":[70,70,70,70,70,70,70,70,70,70,70,70,70,70,70,70,70,70,75,75,75,75,75,75,75,75,75,75,75,75,75,75,75,75,75,75,75,75,75,75,75,75,75,75],"card_choices":[{"not_picked":["Accuracy","Underhanded Strike"],"picked":"Caltrops","floor":1.0},{"not_picked":["Heel Hook","Blade Dance"],"picked":"Backflip","floor":3.0},{"not_picked":["Masterful Stab","Distraction"],"picked":"Poisoned Stab","floor":6.0},{"not_picked":["Underhanded Strike","Quick Slash","Setup"],"picked":"SKIP","floor":8.0},{"not_picked":["Cloak And Dagger","Underhanded Strike"],"picked":"Venomology","floor":12.0},{"not_picked":["Choke","Dagger Spray"],"picked":"Noxious Fumes","floor":13.0},{"not_picked":["Infinite Blades","Cloak And Dagger"],"picked":"Flechettes","floor":14.0},{"not_picked":["Tools of the Trade","Storm of Steel"],"picked":"Corpse Explosion","floor":16.0},{"not_picked":["Endless Agony","Concentrate"],"picked":"Leg Sweep","floor":18.0},{"not_picked":["Slice","Quick Slash"],"picked":"Bane","floor":22.0},{"not_picked":["Backflip","Dodge and Roll"],"picked":"Calculated Gamble","floor":28.0},{"not_picked":["Outmaneuver","Deflect"],"picked":"Deadly Poison","floor":29.0},{"not_picked":["Grand Finale","Die Die Die"],"picked":"After Image","floor":33.0},{"not_picked":["Outmaneuver+1","Blur+1"],"picked":"PiercingWail+1","floor":35.0},{"not_picked":["Bane+1","Expertise+1","Terror"],"picked":"SKIP","floor":38.0},{"not_picked":["Poisoned Stab+1","Deadly Poison+1"],"picked":"Footwork+1","floor":39.0},{"not_picked":["Sucker Punch+1","Night Terror","Calculated Gamble"],"picked":"SKIP","floor":41.0}],"player_experience":332759,"relics_obtained":[{"floor":6.0,"key":"Bag of Marbles"},{"floor":9.0,"key":"Mummified Hand"},{"floor":13.0,"key":"Odd Mushroom"},{"floor":28.0,"key":"Tough Bandages"},{"floor":43.0,"key":"Gambling Chip"}],"event_choices":[{"cards_removed":["Strike_G"],"damage_healed":0.0,"max_hp_gain":0.0,"max_hp_loss":0.0,"gold_gain":0.0,"event_name":"The Cleric","player_choice":"Card Removal","floor":2.0,"gold_loss":50.0,"damage_taken":0.0},{"damage_healed":0.0,"max_hp_gain":0.0,"max_hp_loss":0.0,"gold_gain":175.0,"event_name":"Liars Game","player_choice":"AGREE","floor":5.0,"gold_loss":0.0,"damage_taken":0.0,"cards_obtained":["Doubt"]},{"cards_removed":["Strike_G"],"damage_healed":0.0,"max_hp_gain":0.0,"max_hp_loss":0.0,"gold_gain":0.0,"event_name":"Golden Wing","player_choice":"Card Removal","floor":11.0,"gold_loss":0.0,"damage_taken":7.0},{"damage_healed":0.0,"max_hp_gain":0.0,"max_hp_loss":0.0,"gold_gain":0.0,"event_name":"Mushrooms","player_choice":"Fought Mushrooms","floor":13.0,"gold_loss":0.0,"damage_taken":0.0},{"damage_healed":0.0,"max_hp_gain":5.0,"max_hp_loss":0.0,"gold_gain":0.0,"event_name":"Forgotten Altar","player_choice":"Shed Blood","floor":19.0,"gold_loss":0.0,"damage_taken":18.0},{"damage_healed":0.0,"max_hp_gain":0.0,"max_hp_loss":0.0,"gold_gain":0.0,"event_name":"Drug Dealer","player_choice":"Inject Mutagens","floor":20.0,"gold_loss":0.0,"damage_taken":0.0,"relics_obtained":["MutagenicStrength"]},{"cards_removed":["Strike_G"],"damage_healed":0.0,"max_hp_gain":0.0,"max_hp_loss":0.0,"gold_gain":0.0,"event_name":"Beggar","player_choice":"Gave Gold","floor":21.0,"gold_loss":75.0,"damage_taken":0.0},{"cards_removed":["Doubt"],"damage_healed":0.0,"max_hp_gain":0.0,"max_hp_loss":0.0,"gold_gain":0.0,"event_name":"Bonfire Elementals","player_choice":"Offered Curse","floor":25.0,"gold_loss":0.0,"damage_taken":0.0,"relics_obtained":["Spirit Poop"]},{"damage_healed":0.0,"max_hp_gain":0.0,"max_hp_loss":0.0,"gold_gain":0.0,"event_name":"SecretPortal","player_choice":"Ignored","floor":36.0,"gold_loss":0.0,"damage_taken":0.0}],"is_beta":true,"boss_relics":[{"not_picked":["Fusion Hammer","HoveringKite"],"picked":"Velvet Choker"},{"not_picked":["Coffee Dripper","Snecko Eye"],"picked":"WristBlade"}],"items_purged_floors":[4,24,37],"is_endless":false,"potions_floor_spawned":[1,6,13,14,28,29,33,38,39],"killed_by":"Giant Head","ascension_level":4}