{"gold_per_floor":[213,47,67,67,80,80,115,115,115,115,127,140,160,187,187,187],"floor_reached":16,"playtime":384,"items_purged":["Defend_B"],"score":224,"play_id":"5f05fe98-96af-4968-9d7b-9d8d65390a0c","local_time":"20190109171032","is_ascension_mode":true,"campfire_choices":[{"data":"Streamline","floor":6,"key":"SMITH"},{"data":"Trip","floor":8,"key":"SMITH"},{"data":"Genetic Algorithm","floor":10,"key":"SMITH"},{"floor":15,"key":"REST"}],"neow_cost":"NONE","seed_source_timestamp":2577703897540,"circlet_count":0,"master_deck":["AscendersBane","Strike_B+1","Strike_B","Strike_B","Defend_B","Defend_B","Defend_B","Zap","Dualcast","Streamline+1","Trip+1","Ball Lightning+1","Genetic Algorithm+1","Cold Snap","White Noise","Coolheaded","White Noise"],"relics":["Cracked Core","Letter Opener","Whetstone"],"potions_floor_usage":[7,13,16],"damage_taken":[{"damage":6,"enemies":"2 Louse","floor":1,"turns":3},{"damage":0,"enemies":"Cultist","floor":3,"turns":2},{"damage":7,"enemies":"Jaw Worm","floor":5,"turns":2},{"damage":19,"enemies":"3 Sentries","floor":7,"turns":6},{"damage":9,"enemies":"Exordium Wildlife","floor":11,"turns":2},{"damage":9,"enemies":"Red Slaver","floor":12,"turns":2},{"damage":6,"enemies":"Blue Slaver","floor":13,"turns":2},{"damage":22,"enemies":"Lagavulin","floor":14,"turns":5},{"damage":33,"enemies":"Slime Boss","floor":16,"turns":7}],"seed_played":"755403293917316562","potions_obtained":[{"floor":5,"key":"Regen Potion"},{"floor":7,"key":"Ancient Potion"},{"floor":12,"key":"Fire Potion"},{"floor":14,"key":"Block Potion"}],"is_trial":false,"path_per_floor":["M","$","M","?","M","R","E","R","T","R","M","M","M","E","R","B"],"character_chosen":"DEFECT","items_purchased":["Trip"],"campfire_rested":1,"item_purchase_floors":[2],"current_hp_per_floor":[58,58,58,58,51,51,47,47,47,47,38,29,23,1,22,0],"gold":187,"neow_bonus":"HUNDRED_GOLD","is_prod":false,"is_daily":false,"chose_seed":false,"campfire_upgraded":3,"win_rate":0,"timestamp":1547071832,"path_taken":["M","$","M","?","M","R","E","R","T","R","M","?","M","E","R","BOSS"],"build_version":"2019-01-03v4","purchased_purges":1,"victory":false,"max_hp_per_floor":[71,71,71,71,71,71,71,71,71,71,71,71,71,71,71,71],"card_choices":[{"not_picked":["Steam Power","Heatsinks"],"picked":"Streamline","floor":1},{"not_picked":["Scrape","Fusion"],"picked":"Ball Lightning","floor":3},{"not_picked":["Redo","Beam Cell"],"picked":"Genetic Algorithm","floor":5},{"not_picked":["Genetic Algorithm","Aggregate"],"picked":"Cold Snap","floor":7},{"not_picked":["Stack","Aggregate"],"picked":"White Noise","floor":11},{"not_picked":["Steam Power","Ball Lightning"],"picked":"Coolheaded","floor":12},{"not_picked":["Doom and Gloom","Darkness","Fission"],"picked":"SKIP","floor":13},{"not_picked":["Stack","Static Discharge"],"picked":"White Noise","floor":14}],"player_experience":1011698,"relics_obtained":[{"floor":7,"key":"Letter Opener"},{"floor":14,"key":"Whetstone"}],"event_choices":[{"cards_removed":["Strike_B"],"damage_healed":0,"gold_gain":0,"player_choice":"Purged","damage_taken":0,"max_hp_gain":0,"max_hp_loss":0,"event_name":"Purifier","floor":4,"gold_loss":0}],"is_beta":false,"boss_relics":[],"items_purged_floors":[2],"is_endless":false,"potions_floor_spawned":[5,7,12,14],"killed_by":"Slime Boss","ascension_level":20}