{"gold_per_floor":[116,134,146,146,166,166,200,210,234,234,234,265,265,278,278,352,352,372,372,296,296,15,41,41,41,41,41,41,71,82,108,108,108],"floor_reached":33,"playtime":1571,"items_purged":["Defend_G"],"score":569,"play_id":"168966cf-fc71-4789-9019-cdcef298cef1","local_time":"20180720220549","is_ascension_mode":true,"campfire_choices":[{"data":"Neutralize","floor":6,"key":"SMITH"},{"data":"Predator","floor":15,"key":"SMITH"},{"floor":24,"key":"REST"},{"data":"Noxious Fumes","floor":27,"key":"SMITH"},{"floor":32,"key":"REST"}],"neow_cost":"NONE","seed_source_timestamp":570668070788592,"circlet_count":0,"master_deck":["Defend_G","Defend_G","Strike_G+1","Survivor","Neutralize+1","AscendersBane","Concentrate","Dagger Spray+1","Predator+1","Backstab","Dagger Throw","Caltrops+1","Prepared","Infinite Blades","After Image","Backflip+1","Noxious Fumes+1","Bane","Burst","Tactician+1"],"relics":["Ring of the Snake","Whetstone","Orichalcum","Pear","Juzu Bracelet","Empty Cage","MawBank","Regal Pillow","Ornamental Fan","Strawberry","Paper Crane"],"potions_floor_usage":[7,8,23,29,29,30,31],"damage_taken":[{"damage":2,"enemies":"Jaw Worm","floor":1,"turns":6},{"damage":2,"enemies":"Cultist","floor":2,"turns":5},{"damage":0,"enemies":"2 Louse","floor":3,"turns":3},{"damage":0,"enemies":"2 Fungi Beasts","floor":5,"turns":3},{"damage":14,"enemies":"3 Sentries","floor":7,"turns":6},{"damage":8,"enemies":"Looter","floor":8,"turns":2},{"damage":12,"enemies":"Gremlin Nob","floor":12,"turns":4},{"damage":1,"enemies":"Exordium Wildlife","floor":14,"turns":3},{"damage":14,"enemies":"Hexaghost","floor":16,"turns":9},{"damage":23,"enemies":"Shell Parasite","floor":18,"turns":5},{"damage":48,"enemies":"Gremlin Leader","floor":23,"turns":9},{"damage":29,"enemies":"Slavers","floor":29,"turns":5},{"damage":9,"enemies":"3 Byrds","floor":30,"turns":4},{"damage":11,"enemies":"Book of Stabbing","floor":31,"turns":6},{"damage":60,"enemies":"Collector","floor":33,"turns":7}],"seed_played":"-6972860979771730555","potions_obtained":[{"floor":1,"key":"Ancient Potion"},{"floor":3,"key":"Regen Potion"},{"floor":7,"key":"Poison Potion"},{"floor":14,"key":"Fire Potion"},{"floor":23,"key":"Fire Potion"},{"floor":29,"key":"Swift Potion"},{"floor":30,"key":"GhostInAJar"}],"is_trial":false,"path_per_floor":["M","M","M","?","M","R","E","M","T","?","T","E","?","M","R","B",null,"M","?","$","?","$","E","R","?","T","R","?","E","M","E","R"],"character_chosen":"THE_SILENT","items_purchased":["Noxious Fumes","Bane","MawBank"],"campfire_rested":2,"item_purchase_floors":[20,22,22],"current_hp_per_floor":[57,55,55,55,55,55,56,48,48,53,63,51,51,50,50,36,70,47,47,47,63,63,15,54,54,54,54,54,32,23,12,53,0],"gold":108,"neow_bonus":"TRANSFORM_CARD","is_prod":false,"is_daily":false,"chose_seed":false,"campfire_upgraded":3,"win_rate":0,"timestamp":1532138749,"path_taken":["M","M","M","?","M","R","E","M","T","?","?","E","?","M","R","BOSS","M","?","$","?","$","E","R","?","T","R","?","E","M","E","R","BOSS"],"build_version":"2018-07-19v2","purchased_purges":1,"victory":false,"max_hp_per_floor":[66,66,66,66,66,66,66,66,66,71,81,81,81,81,81,81,81,81,81,81,81,81,81,81,81,81,81,81,88,88,88,88,88],"card_choices":[{"not_picked":["Finisher","Slice"],"picked":"Dagger Spray","floor":1},{"not_picked":["Backflip","Cloak And Dagger"],"picked":"Predator","floor":2},{"not_picked":["Deflect","Acrobatics"],"picked":"Backstab","floor":3},{"not_picked":["Dagger Throw","Concentrate"],"picked":"Caltrops","floor":5},{"not_picked":["Dagger Spray","Quick Slash","Predator"],"picked":"SKIP","floor":7},{"not_picked":["Underhanded Strike","Masterful Stab"],"picked":"Prepared","floor":8},{"not_picked":["Acrobatics","Deadly Poison","Poisoned Stab"],"picked":"SKIP","floor":12},{"not_picked":["Dagger Spray","Predator"],"picked":"Infinite Blades","floor":14},{"not_picked":["Night Terror","Wraith Form v2"],"picked":"After Image","floor":16},{"not_picked":["Outmaneuver+1","Blade Dance"],"picked":"Backflip+1","floor":18},{"not_picked":["Riddle With Holes","Bouncing Flask","Expertise"],"picked":"SKIP","floor":23},{"not_picked":["Deflect","Heel Hook"],"picked":"Burst","floor":29},{"not_picked":["Predator","Eviscerate","Setup"],"picked":"SKIP","floor":30},{"not_picked":["Underhanded Strike","Backflip"],"picked":"Tactician+1","floor":31}],"player_experience":503541,"relics_obtained":[{"floor":7,"key":"Whetstone"},{"floor":9,"key":"Orichalcum"},{"floor":11,"key":"Pear"},{"floor":12,"key":"Juzu Bracelet"},{"floor":23,"key":"Regal Pillow"},{"floor":26,"key":"Ornamental Fan"},{"floor":29,"key":"Strawberry"},{"floor":31,"key":"Paper Crane"}],"event_choices":[{"event_name":"Transmorgrifier","player_choice":"Transform","floor":4,"damage_taken":0},{"event_name":"Big Fish","player_choice":"Donut","floor":10,"damage_taken":0},{"event_name":"Upgrade Shrine","player_choice":"Upgraded","floor":13,"damage_taken":0},{"event_name":"Bonfire Elementals","player_choice":"BASIC","floor":19,"damage_taken":0},{"event_name":"The Library","player_choice":"Heal","floor":21,"damage_taken":0},{"event_name":"Back to Basics","player_choice":"Elegance","floor":25,"damage_taken":0},{"event_name":"Addict","player_choice":"Ignored","floor":28,"damage_taken":0}],"is_beta":false,"boss_relics":[{"not_picked":["Philosopher\u0027s Stone","Busted Crown"],"picked":"Empty Cage"}],"items_purged_floors":[22],"is_endless":false,"potions_floor_spawned":[1,3,7,14,23,29,30],"killed_by":"Collector","ascension_level":15}