{"gold_per_floor":[119,130,18,38,57,57,67,67,93,93,93,93,93,122,122,122],"floor_reached":16,"playtime":1357,"items_purged":["Defend_G"],"score":100,"play_id":"11535016-40c0-4730-a5c5-a2ca289e804d","local_time":"20180705182636","is_ascension_mode":false,"campfire_choices":[{"data":"Terror","floor":6,"key":"SMITH"},{"data":"Deflect","floor":8,"key":"SMITH"},{"data":"Backflip","floor":10,"key":"SMITH"},{"data":"Defend_G","floor":12,"key":"SMITH"},{"data":"Concentrate","floor":15,"key":"SMITH"}],"neow_cost":"NONE","seed_source_timestamp":55075220941318,"circlet_count":0,"master_deck":["Defend_G","Defend_G","Defend_G","Defend_G+1","Strike_G","Strike_G","Strike_G","Strike_G","Survivor+1","Neutralize+1","Backflip+1","Terror+1","Backflip+1","Deflect+1","Deflect+1","Concentrate+1","Well Laid Plans"],"relics":["Ring of the Snake","War Paint","Oddly Smooth Stone"],"potions_floor_usage":[5,16],"damage_taken":[{"damage":0,"enemies":"Jaw Worm","floor":1,"turns":6},{"damage":1,"enemies":"Cultist","floor":2,"turns":4},{"damage":0,"enemies":"2 Louse","floor":4,"turns":3},{"damage":6,"enemies":"Large Slime","floor":5,"turns":9},{"damage":0,"enemies":"2 Fungi Beasts","floor":7,"turns":4},{"damage":16,"enemies":"Gremlin Nob","floor":14,"turns":6},{"damage":51,"enemies":"Hexaghost","floor":16,"turns":16}],"seed_played":"81887582241721723","potions_obtained":[{"floor":1,"key":"AttackPotion"},{"floor":14,"key":"Explosive Potion"}],"is_trial":false,"path_per_floor":["M","M","$","M","M","R","M","R","T","R","?","R","?","E","R"],"character_chosen":"THE_SILENT","items_purchased":["Terror"],"campfire_rested":0,"item_purchase_floors":[3],"current_hp_per_floor":[70,69,69,69,63,63,63,63,63,63,63,63,63,47,47,0],"gold":122,"neow_bonus":"UPGRADE_CARD","is_prod":false,"is_daily":false,"chose_seed":false,"campfire_upgraded":5,"win_rate":0,"timestamp":1530811596,"path_taken":["M","M","$","M","M","R","M","R","T","R","?","R","?","E","R","BOSS"],"build_version":"2018-06-28","purchased_purges":1,"victory":false,"max_hp_per_floor":[70,70,70,70,70,70,70,70,70,70,70,70,70,70,70,70],"card_choices":[{"not_picked":["Crippling Poison","Setup","Bane"],"picked":"SKIP","floor":1},{"not_picked":["Sucker Punch","Dodge and Roll"],"picked":"Backflip","floor":2},{"not_picked":["Outmaneuver","Underhanded Strike"],"picked":"Backflip","floor":4},{"not_picked":["Blur","Acrobatics"],"picked":"Deflect","floor":5},{"not_picked":["Terror","Concentrate"],"picked":"Deflect","floor":7},{"not_picked":["Backstab","Acrobatics"],"picked":"Well Laid Plans","floor":14}],"player_experience":263852,"relics_obtained":[{"floor":9,"key":"War Paint"},{"floor":14,"key":"Oddly Smooth Stone"}],"event_choices":[{"event_name":"Accursed Blacksmith","player_choice":"Forge","floor":11,"damage_taken":0},{"event_name":"Living Wall","player_choice":"Change","floor":13,"damage_taken":0}],"boss_relics":[],"items_purged_floors":[3],"is_endless":false,"potions_floor_spawned":[1,14],"killed_by":"Hexaghost","ascension_level":0}