{"gold_per_floor":[366,380,396,40,40,40,72,82,130,130],"floor_reached":10,"playtime":349,"items_purged":["Pain"],"score":119,"play_id":"f5b95a14-b8c8-4cb6-84f5-1fa5e3795487","local_time":"20180823233813","is_ascension_mode":true,"campfire_choices":[{"data":"Clothesline","floor":6,"key":"SMITH"}],"neow_cost":"CURSE","seed_source_timestamp":195306511139888,"circlet_count":0,"master_deck":["Strike_R","Strike_R","Strike_R","Strike_R","Strike_R","Defend_R","Defend_R","Defend_R","Defend_R","Bash","AscendersBane","Clothesline+1","Anger","Shrug It Off","Mayhem+1","Rampage","Injury","Disarm"],"relics":["Burning Blood","Molten Egg 2","Art of War"],"potions_floor_usage":[7,10],"damage_taken":[{"damage":10,"enemies":"Jaw Worm","floor":1,"turns":3},{"damage":10,"enemies":"Cultist","floor":2,"turns":4},{"damage":3,"enemies":"Small Slimes","floor":3,"turns":3},{"damage":35,"enemies":"3 Sentries","floor":7,"turns":6},{"damage":21,"enemies":"3 Louse","floor":8,"turns":4},{"damage":15,"enemies":"Gremlin Gang","floor":10,"turns":3}],"seed_played":"7882998855327298909","potions_obtained":[{"floor":2,"key":"Explosive Potion"}],"is_trial":false,"path_per_floor":["M","M","M","$","?","R","E","M","T"],"character_chosen":"IRONCLAD","items_purchased":["Mayhem","Rampage","Energy Potion"],"campfire_rested":0,"item_purchase_floors":[4,4,4],"current_hp_per_floor":[64,60,63,63,63,63,34,19,19,4],"gold":130,"neow_bonus":"TWO_FIFTY_GOLD","is_prod":false,"is_daily":false,"chose_seed":false,"campfire_upgraded":1,"win_rate":0,"timestamp":1535081893,"path_taken":["M","M","M","$","?","R","E","M","T","M"],"build_version":"2018-08-23v2","purchased_purges":1,"victory":false,"max_hp_per_floor":[75,75,75,75,75,75,75,75,75,75],"card_choices":[{"not_picked":["Armaments","Feel No Pain"],"picked":"Clothesline","floor":1},{"not_picked":["Intimidate","Twin Strike"],"picked":"Anger","floor":2},{"not_picked":["Impervious","Pommel Strike"],"picked":"Shrug It Off","floor":3},{"not_picked":["Clothesline","Wild Strike"],"picked":"Disarm","floor":7},{"not_picked":["Wild Strike+1","Perfected Strike+1","Sword Boomerang+1"],"picked":"SKIP","floor":8}],"player_experience":600267,"relics_obtained":[{"floor":7,"key":"Molten Egg 2"},{"floor":9,"key":"Art of War"}],"event_choices":[{"event_name":"Accursed Blacksmith","player_choice":"Forge","floor":5,"damage_taken":0}],"is_beta":false,"boss_relics":[],"items_purged_floors":[4],"is_endless":false,"potions_floor_spawned":[2],"killed_by":"Gremlin Gang","ascension_level":15}