{"gold_per_floor":[119,17,33,33,33,68,68,87,87,87,87,12,43,61,61,61],"floor_reached":16,"playtime":957,"items_purged":["Decay"],"score":216,"play_id":"331e02b0-14e2-45ea-8624-e349d4bd762c","local_time":"20181026000238","is_ascension_mode":true,"campfire_choices":[{"data":"Footwork","floor":7,"key":"SMITH"},{"floor":10,"key":"REST"},{"data":"Deadly Poison","floor":15,"key":"SMITH"}],"neow_cost":"CURSE","seed_source_timestamp":1395522922213787,"circlet_count":0,"master_deck":["Defend_G","Defend_G","Defend_G","Defend_G","Defend_G","Strike_G","Strike_G","Strike_G","Survivor","Neutralize","AscendersBane","Bane","Cloak And Dagger","Blur","Deadly Poison+1","Well Laid Plans","Calculated Gamble","Footwork+1","Cloak And Dagger","Backstab","Bullet Time"],"relics":["Ring of the Snake","Golden Idol","Meat on the Bone","Regal Pillow","Snake Skull"],"potions_floor_usage":[6,16],"damage_taken":[{"damage":0,"enemies":"2 Louse","floor":1,"turns":3},{"damage":1,"enemies":"Cultist","floor":3,"turns":5},{"damage":44,"enemies":"Lagavulin","floor":6,"turns":9},{"damage":6,"enemies":"Jaw Worm","floor":8,"turns":4},{"damage":28,"enemies":"3 Sentries","floor":13,"turns":20},{"damage":2,"enemies":"3 Louse","floor":14,"turns":4},{"damage":38,"enemies":"Slime Boss","floor":16,"turns":11}],"seed_played":"-304836555825506839","potions_obtained":[{"floor":4,"key":"Energy Potion"},{"floor":4,"key":"SmokeBomb"},{"floor":8,"key":"Block Potion"}],"is_trial":false,"path_per_floor":["M","$","M","?","?","E","R","M","T","R","?","$","E","M","R"],"character_chosen":"THE_SILENT","items_purchased":["Deadly Poison","Well Laid Plans"],"campfire_rested":1,"item_purchase_floors":[2,2],"current_hp_per_floor":[59,59,58,58,58,14,14,20,20,53,58,58,42,40,40,2],"gold":61,"neow_bonus":"TRANSFORM_TWO_CARDS","is_prod":false,"is_daily":false,"chose_seed":false,"campfire_upgraded":2,"win_rate":0,"timestamp":1540526558,"path_taken":["M","$","M","?","?","E","R","M","T","R","?","?","E","M","R","BOSS"],"build_version":"2018-10-25","purchased_purges":1,"victory":false,"max_hp_per_floor":[66,66,66,66,60,60,60,60,60,60,65,65,65,65,65,65],"card_choices":[{"not_picked":["Reflex","Outmaneuver"],"picked":"Blur","floor":1},{"not_picked":["Deadly Poison","Acrobatics"],"picked":"Calculated Gamble","floor":3},{"not_picked":["Storm of Steel","Blade Dance"],"picked":"Footwork","floor":6},{"not_picked":["Riddle With Holes","Bane"],"picked":"Cloak And Dagger","floor":8},{"not_picked":["Calculated Gamble","PiercingWail"],"picked":"Backstab","floor":13},{"not_picked":["Distraction","Eviscerate"],"picked":"Bullet Time","floor":14}],"player_experience":824048,"relics_obtained":[{"floor":6,"key":"Meat on the Bone"},{"floor":9,"key":"Regal Pillow"},{"floor":13,"key":"Snake Skull"}],"event_choices":[{"damage_healed":0,"gold_gain":0,"player_choice":"Got Potions","damage_taken":0,"max_hp_gain":0,"max_hp_loss":0,"event_name":"The Lab","floor":4,"gold_loss":0},{"damage_healed":0,"gold_gain":0,"player_choice":"Lose Max HP","damage_taken":0,"relics_obtained":["Golden Idol"],"max_hp_gain":0,"max_hp_loss":6,"event_name":"Golden Idol","floor":5,"gold_loss":0},{"damage_healed":0,"gold_gain":0,"player_choice":"Donut","damage_taken":0,"max_hp_gain":5,"max_hp_loss":0,"event_name":"Big Fish","floor":11,"gold_loss":0}],"is_beta":false,"boss_relics":[],"items_purged_floors":[12],"is_endless":false,"potions_floor_spawned":[8],"killed_by":"Slime Boss","ascension_level":20}