{"gold_per_floor":[118,118,133,144,164,189,206,206,206,206,216,216],"floor_reached":12,"playtime":329,"items_purged":[],"score":156,"play_id":"9d33744c-a93d-4947-8713-f3cbf2118dd1","local_time":"20190505123323","is_ascension_mode":true,"campfire_choices":[{"data":"Skewer","floor":8,"key":"SMITH"},{"data":"Phantasmal Killer","floor":10,"key":"SMITH"}],"neow_cost":"NONE","seed_source_timestamp":1731842392419365,"circlet_count":0,"master_deck":["AscendersBane","Defend_G","Defend_G","Defend_G","Defend_G","Defend_G","Strike_G","Strike_G","Strike_G","Strike_G","Survivor","Neutralize","Phantasmal Killer+1","Deadly Poison","Skewer+1","Dagger Spray","Cloak And Dagger","Dagger Spray","PiercingWail"],"relics":["Ring of the Snake","NeowsBlessing","Regal Pillow","Art of War"],"potions_floor_usage":[6,6],"damage_taken":[{"damage":0,"enemies":"Small Slimes","floor":1,"turns":1},{"damage":0,"enemies":"2 Louse","floor":3,"turns":1},{"damage":0,"enemies":"Jaw Worm","floor":4,"turns":1},{"damage":1,"enemies":"Blue Slaver","floor":5,"turns":6},{"damage":15,"enemies":"3 Sentries","floor":6,"turns":8},{"damage":9,"enemies":"Red Slaver","floor":7,"turns":5},{"damage":23,"enemies":"Large Slime","floor":11,"turns":6},{"damage":11,"enemies":"Gremlin Nob","floor":12,"turns":2}],"seed_played":"2039190745652355133","potions_obtained":[{"floor":1,"key":"Block Potion"},{"floor":4,"key":"FearPotion"}],"is_trial":false,"path_per_floor":["M","?","M","M","M","E","M","R","T","R","M","E"],"character_chosen":"THE_SILENT","items_purchased":[],"campfire_rested":0,"item_purchase_floors":[],"current_hp_per_floor":[59,59,59,59,58,43,34,34,34,34,11,0],"gold":216,"neow_bonus":"THREE_ENEMY_KILL","is_prod":false,"is_daily":false,"chose_seed":false,"campfire_upgraded":2,"win_rate":0,"timestamp":1557074003,"path_taken":["M","?","M","M","M","E","M","R","T","R","M","E"],"build_version":"2019-01-23","purchased_purges":0,"victory":false,"max_hp_per_floor":[66,66,66,66,66,66,66,66,66,66,66,66],"card_choices":[{"not_picked":["Masterful Stab","Riddle With Holes","Underhanded Strike"],"picked":"SKIP","floor":1},{"not_picked":["Slice","Flechettes"],"picked":"Deadly Poison","floor":3},{"not_picked":["Caltrops","Terror"],"picked":"Skewer","floor":4},{"not_picked":["Dagger Throw","Predator"],"picked":"Dagger Spray","floor":5},{"not_picked":["Underhanded Strike","All Out Attack"],"picked":"Cloak And Dagger","floor":6},{"not_picked":["Slice","Distraction"],"picked":"Dagger Spray","floor":7},{"not_picked":["Eviscerate","Bane"],"picked":"PiercingWail","floor":11}],"player_experience":504851,"relics_obtained":[{"floor":6,"key":"Regal Pillow"},{"floor":9,"key":"Art of War"}],"event_choices":[{"damage_healed":0,"gold_gain":0,"cards_transformed":["Strike_G"],"player_choice":"Change","damage_taken":0,"max_hp_gain":0,"max_hp_loss":0,"event_name":"Living Wall","floor":2,"gold_loss":0,"cards_obtained":["Phantasmal Killer"]}],"is_beta":false,"boss_relics":[],"items_purged_floors":[],"is_endless":false,"potions_floor_spawned":[1,4],"killed_by":"Gremlin Nob","ascension_level":18}