{"gold_per_floor":[117,133,152,152,169,169,203,227,292,304,316,347,23,41,41,114,114,132,148,159,170,196,196,496,512,589,605,66,66,83,154,154,230,230,245,260,260,260,272,272,291,304,304,74,74],"floor_reached":45,"playtime":2939,"items_purged":["Strike_G","Regret"],"score":996,"play_id":"65b68383-7da8-430a-b3e5-cfe7fbf40270","local_time":"20181023171158","is_ascension_mode":true,"campfire_choices":[{"data":"Neutralize","floor":6,"key":"SMITH"},{"floor":15,"key":"REST"},{"floor":23,"key":"REST"},{"data":"Apotheosis","floor":29,"key":"SMITH"},{"floor":32,"key":"REST"},{"floor":40,"key":"REST"}],"neow_cost":"NONE","seed_source_timestamp":1196101363994093,"circlet_count":0,"master_deck":["Defend_G","Defend_G","Defend_G","Defend_G","Defend_G","Strike_G","Strike_G","Strike_G+1","Survivor","Neutralize+1","AscendersBane","Bouncing Flask","Sucker Punch+1","Dodge and Roll","Riddle With Holes","Crippling Poison","Poisoned Stab","Apotheosis+1","Well Laid Plans","After Image","Parasite","Dodge and Roll","Noxious Fumes+1","Backflip","Backstab","Setup","Footwork","Deflect+1","PiercingWail+1","Parasite","Calculated Gamble+1","All Out Attack+1","Bullet Time","Deadly Poison","Cloak And Dagger+1","Injury","Catalyst","Escape Plan"],"relics":["Ring of the Snake","Omamori","Thread and Needle","MawBank","Tiny Chest","Regal Pillow","Calling Bell","Pen Nib","Pantograph","Bird Faced Urn","Whetstone","Old Coin","Letter Opener","Lee\u0027s Waffle","Strawberry","Bottled Lightning","Cursed Key","Prayer Wheel","Bag of Preparation"],"potions_floor_usage":[7,8,16,16,20,20,21,30,33],"damage_taken":[{"damage":9,"enemies":"Jaw Worm","floor":1,"turns":4},{"damage":1,"enemies":"Small Slimes","floor":2,"turns":4},{"damage":0,"enemies":"Cultist","floor":3,"turns":3},{"damage":0,"enemies":"2 Fungi Beasts","floor":5,"turns":3},{"damage":37,"enemies":"Gremlin Nob","floor":7,"turns":5},{"damage":0,"enemies":"Lots of Slimes","floor":8,"turns":6},{"damage":10,"enemies":"Exordium Thugs","floor":12,"turns":5},{"damage":3,"enemies":"Exordium Wildlife","floor":14,"turns":3},{"damage":0,"enemies":"The Guardian","floor":16,"turns":9},{"damage":4,"enemies":"Shell Parasite","floor":18,"turns":8},{"damage":7,"enemies":"Spheric Guardian","floor":19,"turns":5},{"damage":37,"enemies":"3 Cultists","floor":20,"turns":6},{"damage":13,"enemies":"Snake Plant","floor":21,"turns":6},{"damage":34,"enemies":"Shelled Parasite and Fungi","floor":25,"turns":7},{"damage":26,"enemies":"Snecko","floor":27,"turns":7},{"damage":5,"enemies":"Snake Plant","floor":30,"turns":5},{"damage":66,"enemies":"Collector","floor":33,"turns":12},{"damage":8,"enemies":"Orb Walker","floor":35,"turns":4},{"damage":3,"enemies":"3 Shapes","floor":36,"turns":5},{"damage":2,"enemies":"Mind Bloom Boss Battle","floor":37,"turns":8},{"damage":13,"enemies":"Writhing Mass","floor":39,"turns":7},{"damage":4,"enemies":"Sphere and 2 Shapes","floor":41,"turns":6},{"damage":76,"enemies":"Maw","floor":42,"turns":10},{"damage":20,"enemies":"3 Darklings","floor":45,"turns":5}],"seed_played":"4992144024449027315","potions_obtained":[{"floor":3,"key":"Regen Potion"},{"floor":7,"key":"SkillPotion"},{"floor":12,"key":"FearPotion"},{"floor":16,"key":"SkillPotion"},{"floor":19,"key":"SpeedPotion"},{"floor":20,"key":"SpeedPotion"},{"floor":25,"key":"PowerPotion"},{"floor":27,"key":"SpeedPotion"},{"floor":33,"key":"EssenceOfSteel"},{"floor":35,"key":"LiquidBronze"}],"is_trial":false,"path_per_floor":["M","M","M","?","M","R","E","M","T","?","?","M","$","M","R","B",null,"M","M","M","M","T","R","T","M","T","M","$","R","M","T","R","B",null,"M","M","?","?","M","R","M","M","T","$"],"character_chosen":"THE_SILENT","items_purchased":["Apotheosis","EssenceOfSteel","Well Laid Plans","Lee\u0027s Waffle","Footwork","Strawberry","Catalyst","Escape Plan"],"campfire_rested":4,"item_purchase_floors":[13,13,13,28,28,28,44,44],"current_hp_per_floor":[50,49,49,44,44,44,21,21,21,21,14,4,4,1,35,35,58,58,55,24,17,17,51,51,23,23,1,80,80,77,77,80,14,64,62,67,80,80,72,80,78,8,8,8,0],"gold":74,"neow_bonus":"RANDOM_COMMON_RELIC","is_prod":false,"is_daily":false,"chose_seed":false,"campfire_upgraded":2,"win_rate":0,"timestamp":1540329118,"path_taken":["M","M","M","?","M","R","E","M","T","?","?","?","$","M","R","BOSS","M","M","M","M","?","R","?","?","T","M","$","R","M","?","R","BOSS","M","M","?","?","M","R","M","?","T","$","M"],"build_version":"2018-10-18","purchased_purges":2,"victory":false,"max_hp_per_floor":[66,66,66,66,66,66,66,66,66,66,66,66,66,66,66,66,66,66,66,66,66,66,66,66,66,66,66,80,80,80,80,80,80,80,80,80,80,80,80,80,80,80,80,80,80],"card_choices":[{"not_picked":["Slice","Footwork"],"picked":"Bouncing Flask","floor":1},{"not_picked":["Caltrops","Flying Knee"],"picked":"Sucker Punch","floor":2},{"not_picked":["Underhanded Strike","Slice","Dagger Throw"],"picked":"SKIP","floor":3},{"not_picked":["Endless Agony","Outmaneuver"],"picked":"Dodge and Roll","floor":5},{"not_picked":["Tactician","Setup"],"picked":"Riddle With Holes","floor":7},{"not_picked":["Bouncing Flask","Outmaneuver"],"picked":"Crippling Poison","floor":8},{"not_picked":["Bane","Expertise"],"picked":"Poisoned Stab","floor":12},{"not_picked":["Bouncing Flask","Finisher","Quick Slash"],"picked":"SKIP","floor":14},{"not_picked":["Night Terror","Phantasmal Killer"],"picked":"After Image","floor":16},{"not_picked":["Choke","Poisoned Stab"],"picked":"Dodge and Roll","floor":18},{"not_picked":["Reflex","Accuracy"],"picked":"Noxious Fumes+1","floor":19},{"not_picked":["Crippling Poison","Masterful Stab"],"picked":"Backflip","floor":20},{"not_picked":["Terror","Underhanded Strike","Crippling Poison"],"picked":"SKIP","floor":21},{"not_picked":["Cloak And Dagger","Setup"],"picked":"Backstab","floor":25},{"not_picked":["Blade Dance","Prepared"],"picked":"Setup","floor":27},{"not_picked":["Acrobatics","Choke","PiercingWail"],"picked":"SKIP","floor":30},{"not_picked":["Caltrops","Prepared+1"],"picked":"Deflect+1","floor":35},{"not_picked":["Predator","Dagger Spray","Leg Sweep"],"picked":"SKIP","floor":36},{"not_picked":["Quick Slash+1","Underhanded Strike"],"picked":"PiercingWail+1","floor":37},{"not_picked":["Setup","Well Laid Plans"],"picked":"Calculated Gamble+1","floor":39},{"not_picked":["Infinite Blades","Blade Dance"],"picked":"All Out Attack+1","floor":39},{"not_picked":["PiercingWail","All Out Attack"],"picked":"Bullet Time","floor":41},{"not_picked":["Deflect","Bouncing Flask","Flying Knee"],"picked":"SKIP","floor":41},{"not_picked":["Bane+1","Flying Knee+1"],"picked":"Deadly Poison","floor":42},{"not_picked":["Prepared","Dash"],"picked":"Cloak And Dagger+1","floor":42}],"player_experience":807320,"relics_obtained":[{"floor":7,"key":"MawBank"},{"floor":9,"key":"Tiny Chest"},{"floor":17,"key":"Pen Nib"},{"floor":17,"key":"Pantograph"},{"floor":17,"key":"Bird Faced Urn"},{"floor":22,"key":"Whetstone"},{"floor":24,"key":"Old Coin"},{"floor":26,"key":"Letter Opener"},{"floor":31,"key":"Bottled Lightning"},{"floor":37,"key":"Prayer Wheel"},{"floor":43,"key":"Bag of Preparation"}],"event_choices":[{"damage_healed":0,"gold_gain":0,"player_choice":"Success","damage_taken":5,"relics_obtained":["Thread and Needle"],"max_hp_gain":0,"max_hp_loss":0,"event_name":"Scrap Ooze","floor":4,"gold_loss":0},{"damage_healed":0,"gold_gain":0,"player_choice":"Box","damage_taken":0,"relics_obtained":["Regal Pillow"],"max_hp_gain":0,"max_hp_loss":0,"event_name":"Big Fish","floor":10,"gold_loss":0,"cards_obtained":["Regret"]},{"cards_removed":["Strike_G"],"damage_healed":0,"gold_gain":0,"player_choice":"Card Removal","damage_taken":7,"max_hp_gain":0,"max_hp_loss":0,"event_name":"Golden Wing","floor":11,"gold_loss":0},{"damage_healed":0,"gold_gain":0,"player_choice":"Fight","damage_taken":0,"max_hp_gain":0,"max_hp_loss":0,"event_name":"MindBloom","floor":37,"gold_loss":0},{"damage_healed":0,"gold_gain":0,"player_choice":"Ignored","damage_taken":0,"max_hp_gain":0,"max_hp_loss":0,"event_name":"Tomb of Lord Red Mask","floor":38,"gold_loss":0}],"is_beta":false,"boss_relics":[{"not_picked":["Lizard Tail","Runic Dome"],"picked":"Calling Bell"},{"not_picked":["WristBlade","Tiny House"],"picked":"Cursed Key"}],"items_purged_floors":[28,44],"is_endless":false,"potions_floor_spawned":[3,7,12,14,16,19,20,25,27,33,35,36,37],"killed_by":"3 Darklings","ascension_level":20}