{"gold_per_floor":[365,382,401,551,476,476,510,522,558,596,608],"floor_reached":11,"playtime":358,"items_purged":[],"score":150,"play_id":"30b4ddad-fb67-4986-b344-f10cde9c63c3","local_time":"20190522220329","is_ascension_mode":true,"campfire_choices":[{"data":"Caltrops","floor":6,"key":"SMITH"},{"floor":8,"key":"REST"}],"neow_cost":"CURSE","seed_source_timestamp":287144908612331,"circlet_count":0,"master_deck":["AscendersBane","Defend_G","Defend_G","Defend_G","Defend_G","Defend_G","Strike_G","Strike_G","Strike_G","Strike_G","Strike_G","Survivor","Neutralize","Clumsy","Caltrops+1","Caltrops","Flying Knee","Unload","Bouncing Flask"],"relics":["Ring of the Snake","MawBank","Strawberry","Anchor"],"potions_floor_usage":[7,10],"damage_taken":[{"damage":7,"enemies":"Cultist","floor":1,"turns":6},{"damage":4,"enemies":"Small Slimes","floor":2,"turns":4},{"damage":4,"enemies":"Jaw Worm","floor":3,"turns":5},{"damage":22,"enemies":"Lagavulin","floor":7,"turns":10},{"damage":45,"enemies":"Gremlin Nob","floor":10,"turns":5},{"damage":0,"enemies":"Exordium Wildlife","floor":11,"turns":2}],"seed_played":"8183799560640531539","potions_obtained":[{"floor":2,"key":"PowerPotion"},{"floor":3,"key":"SpeedPotion"}],"is_trial":false,"path_per_floor":["M","M","M","?","?","R","E","R","T","E","M"],"character_chosen":"THE_SILENT","items_purchased":[],"campfire_rested":1,"item_purchase_floors":[],"current_hp_per_floor":[52,48,44,44,44,44,22,41,48,3,3],"gold":608,"neow_bonus":"TWO_FIFTY_GOLD","is_prod":false,"is_daily":false,"chose_seed":false,"campfire_upgraded":1,"win_rate":0,"timestamp":1558587809,"path_taken":["M","M","M","?","?","R","E","R","T","E","M"],"build_version":"2019-01-23","purchased_purges":0,"victory":false,"max_hp_per_floor":[66,66,66,66,66,66,66,66,73,73,73],"card_choices":[{"not_picked":["Dodge and Roll","Poisoned Stab"],"picked":"Caltrops","floor":1},{"not_picked":["Quick Slash","Calculated Gamble"],"picked":"Caltrops","floor":2},{"not_picked":["Poisoned Stab","Accuracy"],"picked":"Flying Knee","floor":3},{"not_picked":["PiercingWail","Predator"],"picked":"Unload","floor":7},{"not_picked":["Deflect","Crippling Poison"],"picked":"Bouncing Flask","floor":10}],"player_experience":674172,"relics_obtained":[{"floor":7,"key":"MawBank"},{"floor":9,"key":"Strawberry"},{"floor":10,"key":"Anchor"}],"event_choices":[{"damage_healed":0,"gold_gain":150,"player_choice":"AGREE","damage_taken":0,"max_hp_gain":0,"max_hp_loss":0,"event_name":"Liars Game","floor":4,"gold_loss":0,"cards_obtained":["Doubt"]},{"cards_removed":["Doubt"],"damage_healed":0,"gold_gain":0,"player_choice":"Card Removal","damage_taken":0,"max_hp_gain":0,"max_hp_loss":0,"event_name":"The Cleric","floor":5,"gold_loss":75}],"is_beta":false,"boss_relics":[],"items_purged_floors":[],"is_endless":false,"potions_floor_spawned":[2,3],"killed_by":"Exordium Wildlife","ascension_level":17}