{"gold_per_floor":[116,133,133,111,111,138,149,165,165,165],"floor_reached":10,"playtime":700,"items_purged":[],"score":88,"play_id":"e39ab4b2-ecc9-44ab-840e-a48948ae50f6","local_time":"20190118120907","is_ascension_mode":true,"campfire_choices":[],"neow_cost":"NONE","seed_source_timestamp":67514146440134,"circlet_count":0,"master_deck":["Strike_B","Strike_B","Defend_B","Defend_B","Defend_B","Defend_B","Zap","Dualcast","Buffer","Hologram","Coolheaded","Stack","Turbo","Self Repair","White Noise"],"relics":["Cracked Core","Bottled Lightning","Matryoshka"],"potions_floor_usage":[6,8],"damage_taken":[{"damage":5,"enemies":"Small Slimes","floor":1,"turns":4},{"damage":3,"enemies":"2 Louse","floor":2,"turns":2},{"damage":7,"enemies":"Lagavulin","floor":6,"turns":7},{"damage":7,"enemies":"Jaw Worm","floor":7,"turns":4},{"damage":23,"enemies":"Lots of Slimes","floor":8,"turns":6},{"damage":0,"enemies":"3 Sentries","floor":10,"turns":1}],"seed_played":"-8514516501273101020","potions_obtained":[{"floor":2,"key":"FocusPotion"},{"floor":6,"key":"Swift Potion"}],"is_trial":false,"path_per_floor":["M","M","?","?","?","E","M","M","T","E"],"character_chosen":"DEFECT","items_purchased":[],"campfire_rested":0,"item_purchase_floors":[],"current_hp_per_floor":[63,60,60,60,53,46,39,23,23,23],"gold":165,"neow_bonus":"ONE_RANDOM_RARE_CARD","is_prod":false,"is_daily":false,"chose_seed":false,"campfire_upgraded":0,"win_rate":0,"timestamp":1547831347,"path_taken":["M","M","?","?","?","E","M","M","T","E"],"build_version":"2019-01-17v2","purchased_purges":0,"victory":false,"max_hp_per_floor":[75,75,75,75,75,75,75,75,75,75],"card_choices":[{"not_picked":["Go for the Eyes","Rip and Tear"],"picked":"Hologram","floor":1},{"not_picked":["Streamline","Hologram"],"picked":"Coolheaded","floor":2},{"not_picked":["Go for the Eyes","Compile Driver"],"picked":"Turbo","floor":6},{"not_picked":["Go for the Eyes","Beam Cell"],"picked":"Self Repair","floor":7},{"not_picked":["Steam","Chill"],"picked":"White Noise","floor":8}],"player_experience":154610,"relics_obtained":[{"floor":6,"key":"Bottled Lightning"},{"floor":9,"key":"Matryoshka"}],"event_choices":[{"damage_healed":0,"gold_gain":0,"cards_transformed":["Strike_B"],"player_choice":"Change","damage_taken":0,"max_hp_gain":0,"max_hp_loss":0,"event_name":"Living Wall","floor":3,"gold_loss":0,"cards_obtained":["Stack"]},{"damage_healed":0,"gold_gain":0,"player_choice":"Left Gold","damage_taken":0,"max_hp_gain":0,"max_hp_loss":0,"event_name":"World of Goop","floor":4,"gold_loss":22},{"cards_removed":["Strike_B"],"damage_healed":0,"gold_gain":0,"player_choice":"Card Removal","damage_taken":7,"max_hp_gain":0,"max_hp_loss":0,"event_name":"Golden Wing","floor":5,"gold_loss":0}],"is_beta":false,"boss_relics":[],"items_purged_floors":[],"is_endless":false,"potions_floor_spawned":[2,6],"killed_by":"3 Sentries","ascension_level":6}