{"gold_per_floor":[110,110,110,130,146,146,166,193,216,236,199,212,238,256,256,355,355,373,383,164,180,95,128,141,173,224,149,167,185,107,117,117,220,220,231,246,29,41,65,99,119,119,119,147,147,0,0,12,12,12],"floor_reached":51,"playtime":3219,"items_purged":["Strike_B"],"score":924,"play_id":"f3fda5c6-d0fd-40f9-a98e-ebb996a216bd","local_time":"20190116091843","is_ascension_mode":true,"campfire_choices":[{"data":"Zap","floor":6,"key":"SMITH"},{"data":"White Noise","floor":15,"key":"SMITH"},{"data":"Static Discharge","floor":32,"key":"SMITH"},{"floor":42,"key":"REST"},{"floor":45,"key":"REST"},{"floor":49,"key":"RECALL"}],"neow_cost":"NONE","seed_source_timestamp":571424725267051,"circlet_count":0,"master_deck":["Strike_B","Strike_B+1","Defend_B+1","Defend_B+1","Defend_B","Defend_B","Zap+1","Dualcast","Leap","Steam","Ball Lightning+1","Self Repair","BootSequence","Self Repair","Self Repair","White Noise+1","Hologram","Rebound","Creative AI","Defragment","Static Discharge+1","Leap","Go for the Eyes","Leap+1","Hologram","FTL","Self Repair","Rebound","Multi-Cast","Conserve Battery","Stack","Hello World","Hello World+1","Steam","Reboot","Rainbow","Reprogram+1"],"relics":["Cracked Core","NeowsBlessing","Bronze Scales","Boot","Regal Pillow","Whetstone","Sozu","Lantern","Mummified Hand","Ice Cream","Turnip","War Paint","Fusion Hammer","Centennial Puzzle","DataDisk","Juzu Bracelet","Anchor","Meat on the Bone","Red Mask","Toxic Egg 2"],"potions_floor_usage":[13,35],"damage_taken":[{"damage":0,"enemies":"Small Slimes","floor":1,"turns":1},{"damage":0,"enemies":"2 Louse","floor":4,"turns":1},{"damage":0,"enemies":"Jaw Worm","floor":5,"turns":1},{"damage":9,"enemies":"3 Louse","floor":7,"turns":2},{"damage":25,"enemies":"Gremlin Nob","floor":8,"turns":4},{"damage":1,"enemies":"Looter","floor":10,"turns":3},{"damage":0,"enemies":"Blue Slaver","floor":12,"turns":4},{"damage":11,"enemies":"3 Sentries","floor":13,"turns":6},{"damage":14,"enemies":"Exordium Thugs","floor":14,"turns":4},{"damage":45,"enemies":"Hexaghost","floor":16,"turns":9},{"damage":23,"enemies":"Shell Parasite","floor":18,"turns":5},{"damage":0,"enemies":"Chosen","floor":19,"turns":4},{"damage":20,"enemies":"Centurion and Healer","floor":21,"turns":6},{"damage":21,"enemies":"Slavers","floor":23,"turns":3},{"damage":21,"enemies":"Snake Plant","floor":24,"turns":4},{"damage":39,"enemies":"Book of Stabbing","floor":25,"turns":4},{"damage":31,"enemies":"Cultist and Chosen","floor":28,"turns":6},{"damage":10,"enemies":"Sentry and Sphere","floor":29,"turns":3},{"damage":0,"enemies":"Chosen and Byrds","floor":31,"turns":4},{"damage":5,"enemies":"Champ","floor":33,"turns":10},{"damage":33,"enemies":"3 Darklings","floor":35,"turns":6},{"damage":17,"enemies":"Orb Walker","floor":36,"turns":4},{"damage":36,"enemies":"Spire Growth","floor":38,"turns":5},{"damage":0,"enemies":"Nemesis","floor":40,"turns":8},{"damage":28,"enemies":"Sphere and 2 Shapes","floor":41,"turns":4},{"damage":52,"enemies":"Reptomancer","floor":44,"turns":6},{"damage":1,"enemies":"Writhing Mass","floor":48,"turns":6},{"damage":43,"enemies":"Time Eater","floor":50,"turns":12}],"seed_played":"-5332093862435189824","potions_obtained":[{"floor":5,"key":"Explosive Potion"},{"floor":7,"key":"Swift Potion"},{"floor":13,"key":"SpeedPotion"}],"is_trial":false,"path_per_floor":["M","?","?","M","M","R","M","E","T","M","$","M","E","M","R","B",null,"M","M","$","M","?","E","M","E","T","?","M","M","$","M","R","B",null,"M","M","$","M","T","E","M","R","T","E","R","?","T","M","R","B",null],"character_chosen":"DEFECT","items_purchased":["Self Repair","Lantern","Self Repair","Hello World","Centennial Puzzle"],"campfire_rested":2,"item_purchase_floors":[11,20,30,37,37],"current_hp_per_floor":[75,75,50,50,50,50,41,23,23,29,29,50,53,60,60,36,75,73,75,75,75,75,61,61,43,43,43,33,30,30,51,51,74,75,70,74,74,66,66,75,68,75,75,44,75,75,75,75,75,72],"gold":12,"neow_bonus":"THREE_ENEMY_KILL","is_prod":false,"is_daily":false,"chose_seed":false,"campfire_upgraded":3,"win_rate":0,"timestamp":1547648323,"path_taken":["M","?","?","M","M","R","M","E","T","M","?","M","E","M","R","BOSS","M","M","$","M","?","E","M","E","T","?","M","M","?","?","R","BOSS","M","M","$","M","?","E","M","R","T","E","R","?","?","M","R","BOSS"],"build_version":"2019-01-10","purchased_purges":1,"victory":true,"max_hp_per_floor":[75,75,75,75,75,75,75,75,75,75,75,75,75,75,75,75,75,75,75,75,75,75,75,75,75,75,75,75,75,75,75,75,75,75,75,75,75,75,75,75,75,75,75,75,75,75,75,75,75,75],"card_choices":[{"not_picked":["Redo","Tempest"],"picked":"Leap","floor":1},{"not_picked":["Compile Driver","Glacier"],"picked":"Steam","floor":4},{"not_picked":["Reinforced Body","Turbo"],"picked":"Ball Lightning","floor":5},{"not_picked":["Compile Driver","Conserve Battery"],"picked":"Self Repair","floor":7},{"not_picked":["Beam Cell","Biased Cognition"],"picked":"BootSequence","floor":8},{"not_picked":["Heatsinks","Scrape"],"picked":"Self Repair","floor":10},{"not_picked":["Streamline","Sweeping Beam"],"picked":"White Noise","floor":12},{"not_picked":["Cold Snap","Stack"],"picked":"Hologram","floor":13},{"not_picked":["Auto Shields","Go for the Eyes"],"picked":"Rebound","floor":14},{"not_picked":["Machine Learning","Meteor Strike"],"picked":"Creative AI","floor":16},{"not_picked":["Streamline","Melter+1"],"picked":"Defragment","floor":18},{"not_picked":["Reprogram","Gash+1","Recycle"],"picked":"SKIP","floor":19},{"not_picked":["Rebound+1","Redo+1"],"picked":"Static Discharge","floor":21},{"not_picked":["Barrage","Hologram"],"picked":"Leap","floor":23},{"not_picked":["Darkness","Undo"],"picked":"Go for the Eyes","floor":24},{"not_picked":["Go for the Eyes","Rip and Tear"],"picked":"Leap+1","floor":25},{"not_picked":["Redo","Go for the Eyes"],"picked":"Hologram","floor":28},{"not_picked":["Streamline+1","Cold Snap"],"picked":"FTL","floor":29},{"not_picked":["Skim","Beam Cell"],"picked":"Rebound","floor":31},{"not_picked":["Seek","Fission"],"picked":"Multi-Cast","floor":33},{"not_picked":["Compile Driver","Cold Snap+1"],"picked":"Conserve Battery","floor":35},{"not_picked":["Cold Snap","Rip and Tear"],"picked":"Stack","floor":36},{"not_picked":["Leap+1","Redo+1"],"picked":"Hello World+1","floor":38},{"not_picked":["Chill","Rebound+1"],"picked":"Steam","floor":40},{"not_picked":["Steam+1","Barrage+1"],"picked":"Reboot","floor":41},{"not_picked":["Rebound","Machine Learning"],"picked":"Rainbow","floor":44},{"not_picked":["Stack+1","Rebound"],"picked":"Reprogram+1","floor":48}],"player_experience":93148,"relics_obtained":[{"floor":8,"key":"Boot"},{"floor":9,"key":"Regal Pillow"},{"floor":13,"key":"Whetstone"},{"floor":23,"key":"Ice Cream"},{"floor":25,"key":"Turnip"},{"floor":26,"key":"War Paint"},{"floor":39,"key":"DataDisk"},{"floor":40,"key":"Juzu Bracelet"},{"floor":43,"key":"Anchor"},{"floor":44,"key":"Meat on the Bone"},{"floor":47,"key":"Toxic Egg 2"}],"event_choices":[{"damage_healed":0,"gold_gain":0,"player_choice":"Ignored","damage_taken":0,"max_hp_gain":0,"max_hp_loss":0,"event_name":"Golden Wing","floor":2,"gold_loss":0},{"damage_healed":0,"gold_gain":0,"player_choice":"Success","damage_taken":25,"relics_obtained":["Bronze Scales"],"max_hp_gain":0,"max_hp_loss":0,"event_name":"Scrap Ooze","floor":3,"gold_loss":0},{"damage_healed":0,"gold_gain":0,"player_choice":"Obtained Relic","damage_taken":0,"relics_obtained":["Mummified Hand"],"max_hp_gain":0,"max_hp_loss":0,"event_name":"Addict","floor":22,"gold_loss":85},{"cards_removed":["Strike_B"],"damage_healed":0,"gold_gain":0,"player_choice":"Gave Gold","damage_taken":0,"max_hp_gain":0,"max_hp_loss":0,"event_name":"Beggar","floor":27,"gold_loss":75},{"damage_healed":0,"gold_gain":0,"player_choice":"Paid","damage_taken":0,"relics_obtained":["Red Mask"],"max_hp_gain":0,"max_hp_loss":0,"event_name":"Tomb of Lord Red Mask","floor":46,"gold_loss":147}],"is_beta":false,"boss_relics":[{"not_picked":["White Beast Statue","Velvet Choker"],"picked":"Sozu"},{"not_picked":["Orrery","Tiny House"],"picked":"Fusion Hammer"}],"items_purged_floors":[20],"is_endless":false,"potions_floor_spawned":[5,7,13,19,21,23,25,31,40,44,48],"ascension_level":3}