{"path_per_floor":["M","?","?","?","M","R","E","?","T","R","M","R","M","?","R","B",null,"M","?","T","$","M","R","M","M","T","E","M","$","?","M","R","B",null,"M","?","M","?","$","R","?","R","T","M","M","R","E","$","R","B"],"character_chosen":"IRONCLAD","items_purchased":["Juggernaut","Battle Trance"],"gold_per_floor":[19,19,19,19,36,36,71,71,71,71,90,90,108,172,172,270,270,210,210,210,67,67,67,67,67,67,67,67,32,32,32,32,32,32,32,0,0,0,0,0,0,0,0,0,0,0,0,0,0,0],"floor_reached":51,"campfire_rested":1,"playtime":4087,"current_hp_per_floor":[80,85,85,85,85,85,60,60,60,60,57,57,55,30,55,21,85,67,67,67,67,76,76,74,64,64,61,63,63,63,62,62,12,85,85,85,85,85,85,85,48,48,48,52,57,57,62,62,62,19],"items_purged":["Strike_R"],"gold":0,"play_id":"8894f66b-bc50-43b8-a8b1-11f275251da5","is_prod":false,"is_daily":false,"is_ascension_mode":false,"campfire_upgraded":9,"path_taken":["M","?","?","?","M","R","E","?","T","R","?","R","M","?","R","BOSS","M","?","?","?","M","R","M","M","T","E","?","$","?","M","R","BOSS","M","?","?","?","?","R","?","R","T","M","M","R","E","?","R","BOSS"],"build_version":"2018-01-25-PROD3","purchased_purges":1,"victory":true,"master_deck":["Strike_R","Strike_R","Defend_R","Defend_R","Defend_R","Bash+1","Pommel Strike+1","Limit Break+1","True Grit+1","Fiend Fire","True Grit+1","Writhe","Juggernaut+1","Armaments+1","Iron Wave+1","Offering","Battle Trance+1","Heavy Blade","Juggernaut+1","Shrug It Off+1","Body Slam+1"],"max_hp_per_floor":[80,85,85,85,85,85,85,85,85,85,85,85,85,85,85,85,85,85,85,85,85,85,85,85,85,85,85,85,85,85,85,85,85,85,85,85,85,85,85,85,85,85,85,85,85,85,85,85,85,85],"relics":["Burning Blood","Frozen Eye","Magic Flower","Self Forming Clay","Ectoplasm","Happy Flower","Mercury Hourglass","Red Skull","Bottled Flame","Runic Dome","Red Mask","Calipers","Ancient Tea Set","Paper Frog"],"card_choices":[{"not_picked":["Infernal Blade","Searing Blow"],"picked":"Pommel Strike"},{"not_picked":["Thunderclap","Wild Strike"],"picked":"Limit Break"},{"not_picked":["Warcry","Heavy Blade"],"picked":"True Grit"},{"not_picked":["Double Tap","Reaper"],"picked":"Fiend Fire"},{"not_picked":["Anger","Reckless Charge"],"picked":"True Grit"},{"not_picked":["Sword Boomerang","Infernal Blade"],"picked":"Armaments"},{"not_picked":["Rupture","Reckless Charge"],"picked":"Iron Wave"},{"not_picked":["Dropkick","True Grit"],"picked":"Offering"},{"not_picked":["Sword Boomerang","Headbutt"],"picked":"Heavy Blade"},{"not_picked":["Brutality","Immolate"],"picked":"Juggernaut"},{"not_picked":["Infernal Blade","Headbutt"],"picked":"Shrug It Off"},{"not_picked":["Armaments","Wild Strike"],"picked":"Body Slam"}],"player_experience":30404,"potions_floor_usage":[50],"damage_taken":[{"damage":1.0,"enemies":"Cultist","floor":1.0,"turns":4.0},{"damage":2.0,"enemies":"2 Louse","floor":5.0,"turns":3.0},{"damage":31.0,"enemies":"Lagavulin","floor":7.0,"turns":5.0},{"damage":12.0,"enemies":"Blue Slaver","floor":11.0,"turns":2.0},{"damage":11.0,"enemies":"2 Fungi Beasts","floor":13.0,"turns":4.0},{"damage":34.0,"enemies":"Gremlin Nob","floor":14.0,"turns":5.0},{"damage":68.0,"enemies":"The Guardian","floor":16.0,"turns":12.0},{"damage":27.0,"enemies":"2 Thieves","floor":18.0,"turns":4.0},{"damage":0.0,"enemies":"Chosen","floor":22.0,"turns":6.0},{"damage":11.0,"enemies":"Snake Plant","floor":24.0,"turns":4.0},{"damage":19.0,"enemies":"Snecko","floor":25.0,"turns":5.0},{"damage":12.0,"enemies":"Book of Stabbing","floor":27.0,"turns":7.0},{"damage":7.0,"enemies":"3 Cultists","floor":28.0,"turns":5.0},{"damage":10.0,"enemies":"Sentry and Sphere","floor":31.0,"turns":5.0},{"damage":59.0,"enemies":"Automaton","floor":33.0,"turns":11.0},{"damage":4.0,"enemies":"Orb Walker","floor":35.0,"turns":3.0},{"damage":0.0,"enemies":"3 Shapes","floor":37.0,"turns":4.0},{"damage":46.0,"enemies":"Mysterious Sphere","floor":41.0,"turns":5.0},{"damage":5,"enemies":"Sphere and 2 Shapes","floor":44,"turns":4},{"damage":4,"enemies":"Maw","floor":45,"turns":6},{"damage":4,"enemies":"Giant Head","floor":47,"turns":7},{"damage":52,"enemies":"Awakened One","floor":50,"turns":10}],"event_choices":[{"event_name":"Big Fish","player_choice":"Donut","floor":2.0,"damage_taken":0.0},{"event_name":"Upgrade Shrine","player_choice":"Upgraded","floor":3.0,"damage_taken":0.0},{"event_name":"Liars Game","player_choice":"disagreed","floor":4.0,"damage_taken":0.0},{"event_name":"The Woman in Blue","player_choice":"Bought 0 Potions","floor":8.0,"damage_taken":0.0},{"event_name":"Dead Adventurer","player_choice":"Searched \u00272\u0027 times","floor":14.0,"damage_taken":0.0},{"event_name":"The Mausoleum","player_choice":"Yes","floor":19.0,"damage_taken":0.0},{"event_name":"Beggar","player_choice":"Ignored","floor":30.0,"damage_taken":0.0},{"event_name":"Tomb of Lord Red Mask","player_choice":"Paid","floor":36.0,"damage_taken":0.0},{"event_name":"Mysterious Sphere","player_choice":"Fight","floor":41.0,"damage_taken":0.0}],"boss_relics":[],"potions_floor_spawned":[1,7,14,16,24,27,31,44,45],"seed_played":"817134778892285215","ascension_level":0,"is_trial":false}