{"gold_per_floor":[111,111,111,143,169,181,204,236,248,260,60,60,71,84,84,163,163,182,25,25,25,44,44,58,58,58,74,124,138,138,148,148,148],"floor_reached":33,"playtime":1415,"items_purged":["Pain"],"score":422,"play_id":"779c1676-7f24-43df-a7d1-a51673c79ea1","local_time":"20180722145602","is_ascension_mode":true,"campfire_choices":[{"floor":6.0,"key":"REST"},{"floor":10.0,"key":"REST"},{"data":"Malaise","floor":15.0,"key":"SMITH"},{"data":"Noxious Fumes","floor":23,"key":"SMITH"},{"data":"Glass Knife","floor":25,"key":"SMITH"},{"data":"Finisher","floor":30,"key":"SMITH"},{"floor":32,"key":"REST"}],"neow_cost":"CURSE","seed_source_timestamp":0,"circlet_count":0,"master_deck":["Defend_G","Defend_G","Defend_G","Defend_G","Defend_G","Strike_G","Strike_G","Strike_G","Strike_G","Strike_G","Survivor","Neutralize","AscendersBane","Malaise+1","Finisher+1","Noxious Fumes+1","Acrobatics","Cloak And Dagger","Sucker Punch","Glass Knife+1","Dodge and Roll","Caltrops","Die Die Die","Backflip","Flying Knee+1","Writhe","Die Die Die"],"special_seed":0,"relics":["Ring of the Snake","MawBank","Ornamental Fan","Cursed Key","Art of War","Singing Bowl","Frozen Egg 2"],"potions_floor_usage":[29,33,33],"damage_taken":[{"damage":6.0,"enemies":"Jaw Worm","floor":1.0,"turns":4.0},{"damage":16.0,"enemies":"Cultist","floor":4.0,"turns":6.0},{"damage":11.0,"enemies":"Small Slimes","floor":5.0,"turns":4.0},{"damage":5.0,"enemies":"Blue Slaver","floor":7.0,"turns":6.0},{"damage":2.0,"enemies":"3 Louse","floor":8.0,"turns":3.0},{"damage":14.0,"enemies":"Lots of Slimes","floor":13.0,"turns":6.0},{"damage":0.0,"enemies":"Looter","floor":14.0,"turns":4.0},{"damage":17.0,"enemies":"Hexaghost","floor":16.0,"turns":12.0},{"damage":4,"enemies":"Shell Parasite","floor":18,"turns":7},{"damage":0,"enemies":"3 Byrds","floor":22,"turns":5},{"damage":1,"enemies":"Cultist and Chosen","floor":24,"turns":7},{"damage":16,"enemies":"Snake Plant","floor":27,"turns":6},{"damage":2,"enemies":"Centurion and Healer","floor":29,"turns":6},{"damage":15,"enemies":"Sentry and Sphere","floor":31,"turns":5},{"damage":44,"enemies":"Collector","floor":33,"turns":5}],"seed_played":"-2672018382764399333","potions_obtained":[{"floor":1.0,"key":"SkillPotion"},{"floor":2.0,"key":"Regen Potion"},{"floor":8.0,"key":"GamblersBrew"},{"floor":16.0,"key":"SmokeBomb"},{"floor":18,"key":"Explosive Potion"},{"floor":22,"key":"Fire Potion"},{"floor":31,"key":"FearPotion"}],"is_trial":false,"path_per_floor":["M","?","?","M","M","R","M","M","T","R","$","?","M","M","R","B",null,"M","$","?","?","M","R","M","R","T","M","?","M","R","M","R"],"character_chosen":"THE_SILENT","items_purchased":["Glass Knife","Art of War"],"campfire_rested":3,"item_purchase_floors":[11,19],"current_hp_per_floor":[53,53,18,17,6,25,20,18,18,37,37,59,45,45,45,28,57,53,53,53,53,53,53,52,52,52,36,36,36,36,23,44,0],"gold":148,"neow_bonus":"THREE_RARE_CARDS","is_prod":false,"is_daily":false,"chose_seed":false,"campfire_upgraded":4,"win_rate":0,"timestamp":1532285762,"path_taken":["M","?","?","M","M","R","M","M","T","R","$","?","?","?","R","BOSS","M","$","?","?","M","R","?","R","T","M","?","M","R","M","R","BOSS"],"build_version":"2018-07-19v2","purchased_purges":1,"victory":false,"max_hp_per_floor":[66,66,66,66,66,66,66,66,66,66,66,66,66,66,66,66,66,66,66,66,66,66,66,66,66,66,66,66,68,68,70,70,70],"card_choices":[{"not_picked":["Storm of Steel","Phantasmal Killer"],"picked":"Malaise","floor":0.0},{"not_picked":["Poisoned Stab","Slice"],"picked":"Finisher","floor":1.0},{"not_picked":["Eviscerate","Prepared"],"picked":"Noxious Fumes","floor":4.0},{"not_picked":["Deflect","Deadly Poison"],"picked":"Acrobatics","floor":5.0},{"not_picked":["Envenom","Underhanded Strike"],"picked":"Cloak And Dagger","floor":7.0},{"not_picked":["Crippling Poison","Bane"],"picked":"Sucker Punch","floor":8.0},{"not_picked":["Dagger Spray","Deadly Poison"],"picked":"Dodge and Roll","floor":13.0},{"not_picked":["Sucker Punch","Flying Knee"],"picked":"Caltrops","floor":14.0},{"not_picked":["Storm of Steel","Unload"],"picked":"Die Die Die","floor":16.0},{"not_picked":["Setup","PiercingWail","Outmaneuver"],"picked":"SKIP","floor":18},{"not_picked":["Poisoned Stab+1","Acrobatics"],"picked":"Backflip","floor":22},{"not_picked":["Deadly Poison","Bane"],"picked":"Flying Knee+1","floor":24},{"not_picked":["Prepared","Outmaneuver"],"picked":"Die Die Die","floor":27},{"not_picked":["Outmaneuver","Masterful Stab","Expertise"],"picked":"Singing Bowl","floor":29},{"not_picked":["Dagger Throw","Dodge and Roll","Prepared"],"picked":"Singing Bowl","floor":31}],"player_experience":516111,"relics_obtained":[{"floor":9.0,"key":"Ornamental Fan"},{"floor":26,"key":"Frozen Egg 2"}],"event_choices":[{"event_name":"The Lab","player_choice":"Got Potions","floor":2.0,"damage_taken":0.0},{"event_name":"Scrap Ooze","player_choice":"success","floor":3.0,"damage_taken":35.0},{"event_name":"Big Fish","player_choice":"Banana","floor":12.0,"damage_taken":0.0},{"event_name":"The Mausoleum","player_choice":"Yes","floor":20,"damage_taken":0},{"event_name":"Purifier","player_choice":"One Purge","floor":21,"damage_taken":0},{"event_name":"Golden Shrine","player_choice":"Pray","floor":28,"damage_taken":0}],"is_beta":false,"boss_relics":[{"not_picked":["Lizard Tail","Astrolabe"],"picked":"Cursed Key"}],"items_purged_floors":[11],"is_endless":false,"potions_floor_spawned":[1,8,16,18,22,31],"killed_by":"Collector","ascension_level":15}