{"gold_per_floor":[110,121,134,147,147,182,182,211,211,30,30,46,64,24,24,95,95,110,110,120,120,139,139,157,157,183,183,201,201,201,101,101,101],"floor_reached":33,"playtime":1716,"items_purged":["Steam Power","Strike_B"],"score":475,"play_id":"c9fffaa6-3ec9-4871-b816-b2ad6e2e0d96","local_time":"20180918203158","is_ascension_mode":true,"campfire_choices":[{"data":"Defragment","floor":7,"key":"SMITH"},{"floor":11,"key":"REST"},{"data":"Hologram","floor":15,"key":"SMITH"},{"floor":23,"key":"REST"},{"data":"Chill","floor":25,"key":"SMITH"},{"data":"Dualcast","floor":32,"key":"SMITH"}],"neow_cost":"TEN_PERCENT_HP_LOSS","seed_source_timestamp":274686496544006,"circlet_count":0,"master_deck":["Defend_B","Defend_B","Zap+1","Dualcast+1","AscendersBane","Fusion","Genetic Algorithm","Beam Cell","Defragment+1","Rip and Tear","Chill+1","Hologram+1","Sunder","Go for the Eyes","BootSequence","Self Repair","FTL","All For One","All For One+1","Tempest+1","Turbo+1","Capacitor","Auto Shields"],"relics":["Cracked Core","Oddly Smooth Stone","Juzu Bracelet","Art of War","Astrolabe","Dream Catcher","Nloth\u0027s Gift"],"potions_floor_usage":[4,4,12,16,24,33],"damage_taken":[{"damage":3,"enemies":"2 Louse","floor":1,"turns":3},{"damage":13,"enemies":"Small Slimes","floor":2,"turns":4},{"damage":0,"enemies":"Cultist","floor":3,"turns":3},{"damage":0,"enemies":"Exordium Wildlife","floor":4,"turns":3},{"damage":23,"enemies":"Lagavulin","floor":6,"turns":7},{"damage":36,"enemies":"Gremlin Nob","floor":8,"turns":4},{"damage":4,"enemies":"Gremlin Gang","floor":12,"turns":5},{"damage":0,"enemies":"3 Louse","floor":13,"turns":3},{"damage":18,"enemies":"Hexaghost","floor":16,"turns":9},{"damage":17,"enemies":"3 Byrds","floor":18,"turns":5},{"damage":10,"enemies":"Shell Parasite","floor":20,"turns":5},{"damage":13,"enemies":"Snecko","floor":22,"turns":5},{"damage":0,"enemies":"Snake Plant","floor":24,"turns":3},{"damage":2,"enemies":"Centurion and Healer","floor":28,"turns":5},{"damage":55,"enemies":"Automaton","floor":33,"turns":10}],"seed_played":"-6546059048257772033","potions_obtained":[{"floor":1,"key":"AttackPotion"},{"floor":2,"key":"Dexterity Potion"},{"floor":6,"key":"Ancient Potion"},{"floor":8,"key":"SkillPotion"},{"floor":13,"key":"Poison Potion"},{"floor":22,"key":"Swift Potion"},{"floor":24,"key":"FearPotion"},{"floor":28,"key":"FocusPotion"}],"is_trial":false,"path_per_floor":["M","M","M","M","?","E","R","E","T","$","R","M","M","$","R","B",null,"M","?","M","?","M","R","M","R","T","?","M","?","?","$","R"],"character_chosen":"DEFECT","items_purchased":["Sunder","Go for the Eyes","FTL"],"campfire_rested":2,"item_purchase_floors":[10,10,14],"current_hp_per_floor":[61,48,48,48,64,41,41,5,5,5,24,20,20,20,20,9,50,40,23,20,20,7,27,27,27,27,41,46,46,46,46,46,0],"gold":101,"neow_bonus":"TRANSFORM_TWO_CARDS","is_prod":false,"is_daily":false,"chose_seed":false,"campfire_upgraded":4,"win_rate":0,"timestamp":1537317118,"path_taken":["M","M","M","M","?","E","R","E","T","?","R","M","M","?","R","BOSS","M","?","M","?","M","R","M","R","T","?","M","?","?","?","R","BOSS"],"build_version":"2018-09-06","purchased_purges":2,"victory":false,"max_hp_per_floor":[64,64,64,64,64,64,64,64,64,64,64,64,64,64,64,64,64,64,69,69,69,69,69,69,69,69,69,69,69,69,69,69,69],"card_choices":[{"not_picked":["Scrape","Turbo"],"picked":"Genetic Algorithm","floor":1},{"not_picked":["Glacier","BootSequence"],"picked":"Beam Cell","floor":2},{"not_picked":["Streamline","White Noise"],"picked":"Defragment","floor":3},{"not_picked":["Steam Power","Leap"],"picked":"Rip and Tear","floor":4},{"not_picked":["Reboot","Stack"],"picked":"Chill","floor":6},{"not_picked":["Chaos","Compile Driver"],"picked":"Hologram","floor":8},{"not_picked":["Lockon","Rebound"],"picked":"BootSequence","floor":12},{"not_picked":["Steam","Go for the Eyes"],"picked":"Self Repair","floor":13},{"not_picked":["Reboot","Buffer"],"picked":"All For One","floor":16},{"not_picked":["Skim","Conserve Battery+1"],"picked":"Capacitor","floor":18},{"not_picked":["Sweeping Beam","Skim"],"picked":"Auto Shields","floor":20},{"not_picked":["Genetic Algorithm","Hello World","Redo"],"picked":"SKIP","floor":22},{"not_picked":["Hello World+1","Rebound","Barrage"],"picked":"SKIP","floor":24},{"not_picked":["Ball Lightning","Skim","Lockon"],"picked":"SKIP","floor":28}],"player_experience":669156,"relics_obtained":[{"floor":6,"key":"Oddly Smooth Stone"},{"floor":8,"key":"Juzu Bracelet"},{"floor":9,"key":"Art of War"},{"floor":26,"key":"Dream Catcher"}],"event_choices":[{"event_name":"Big Fish","player_choice":"Banana","floor":5,"damage_taken":0},{"event_name":"Forgotten Altar","player_choice":"Shed Blood","floor":19,"damage_taken":0},{"event_name":"Drug Dealer","player_choice":"Inject Mutagens","floor":21,"damage_taken":0},{"event_name":"The Library","player_choice":"Heal","floor":27,"damage_taken":0},{"event_name":"Accursed Blacksmith","player_choice":"Forge","floor":29,"damage_taken":0},{"event_name":"N\u0027loth","player_choice":"Traded a MutagenicStrength","floor":30,"damage_taken":0}],"is_beta":false,"boss_relics":[{"not_picked":["Eternal Feather","Philosopher\u0027s Stone"],"picked":"Astrolabe"}],"items_purged_floors":[10,31],"is_endless":false,"potions_floor_spawned":[1,2,6,8,13,22,24,28],"killed_by":"Automaton","ascension_level":17}