{"gold_per_floor":[114,114,126,143,161,161,186,186,233,233,198,56,56,56,56,130,130,130,53,8,8,8,8,8,8,8,8,8,8,8,8,8,8,8,8,8,8,8,8,8,8,8,8,8,8,8,8,8,8,8],"floor_reached":50,"playtime":2078,"items_purged":["Strike_G"],"score":1000,"play_id":"2b0d23e3-1817-4ee4-9903-c0eecb43aea7","local_time":"20180718234209","is_ascension_mode":true,"campfire_choices":[{"data":"Neutralize","floor":6.0,"key":"SMITH"},{"data":"1","floor":10.0,"key":"LIFT"},{"data":"2","floor":13.0,"key":"LIFT"},{"data":"3","floor":15.0,"key":"LIFT"},{"data":"Infinite Blades","floor":23.0,"key":"SMITH"},{"data":"Terror","floor":28.0,"key":"SMITH"},{"data":"Dagger Spray","floor":32.0,"key":"SMITH"},{"data":"Accuracy","floor":41,"key":"SMITH"},{"data":"Wraith Form v2","floor":47,"key":"SMITH"},{"data":"Backflip","floor":49,"key":"SMITH"}],"neow_cost":"NONE","seed_source_timestamp":403071812063576,"circlet_count":0,"master_deck":["Defend_G","Defend_G","Defend_G","Defend_G","Defend_G","Survivor","Neutralize+1","AscendersBane","Dagger Spray+1","Poisoned Stab","Backflip+1","Backstab","Infinite Blades+1","Wraith Form v2+1","Terror+1","J.A.X.","Quick Slash","Cloak And Dagger+1","Escape Plan","Cloak And Dagger+1","Flying Knee+1","Bite","Bite","Bite","Bite","Bite","Burst","Accuracy+1","Cloak And Dagger+1","J.A.X.","PiercingWail","Quick Slash+1","Footwork+1","Riddle With Holes+1"],"special_seed":0,"relics":["Ring of the Snake","Juzu Bracelet","Centennial Puzzle","Girya","Paper Crane","Art of War","Ectoplasm","CultistMask","Singing Bowl","Meat on the Bone","Pen Nib","Gremlin Horn","Coffee Dripper","Prayer Wheel","Lantern","Bag of Marbles"],"potions_floor_usage":[50,50],"damage_taken":[{"damage":0.0,"enemies":"2 Louse","floor":1.0,"turns":4.0},{"damage":2.0,"enemies":"Small Slimes","floor":3.0,"turns":4.0},{"damage":2.0,"enemies":"Jaw Worm","floor":4.0,"turns":4.0},{"damage":0.0,"enemies":"Gremlin Gang","floor":5.0,"turns":4.0},{"damage":16.0,"enemies":"3 Sentries","floor":7.0,"turns":7.0},{"damage":8.0,"enemies":"Hexaghost","floor":16.0,"turns":9.0},{"damage":0.0,"enemies":"Spheric Guardian","floor":18.0,"turns":4.0},{"damage":1.0,"enemies":"2 Thieves","floor":20.0,"turns":4.0},{"damage":4.0,"enemies":"Centurion and Healer","floor":21.0,"turns":4.0},{"damage":6.0,"enemies":"Gremlin Leader","floor":24.0,"turns":6.0},{"damage":5.0,"enemies":"3 Cultists","floor":25.0,"turns":4.0},{"damage":4.0,"enemies":"Snecko","floor":27.0,"turns":3.0},{"damage":1.0,"enemies":"Book of Stabbing","floor":29.0,"turns":4.0},{"damage":18.0,"enemies":"Gremlin Leader","floor":31.0,"turns":3.0},{"damage":25,"enemies":"Collector","floor":33,"turns":5},{"damage":4,"enemies":"Orb Walker","floor":35,"turns":2},{"damage":3,"floor":36,"turns":4},{"damage":3,"enemies":"3 Shapes","floor":37,"turns":2},{"damage":28,"enemies":"Maw","floor":38,"turns":6},{"damage":7,"enemies":"Giant Head","floor":40,"turns":5},{"damage":3,"enemies":"Flame Bruiser 2 Orb","floor":42,"turns":1},{"damage":6,"enemies":"4 Shapes","floor":44,"turns":1},{"damage":3,"enemies":"Sphere and 2 Shapes","floor":45,"turns":1},{"damage":9,"enemies":"Transient","floor":48,"turns":5},{"damage":59,"enemies":"Time Eater","floor":50,"turns":7}],"seed_played":"-6955591140691479766","potions_obtained":[{"floor":3.0,"key":"SkillPotion"},{"floor":5.0,"key":"GamblersBrew"},{"floor":7.0,"key":"Fire Potion"},{"floor":16.0,"key":"Block Potion"},{"floor":20.0,"key":"Block Potion"},{"floor":24.0,"key":"FearPotion"},{"floor":37,"key":"Dexterity Potion"}],"is_trial":false,"path_per_floor":["M","?","M","M","M","R","E","T","T","R","?","$","R","$","R","B",null,"M","?","M","M","?","R","E","M","T","M","R","E","?","E","R","B",null,"M","?","M","M","?","E","R","M","T","M","M","$","R","M","R"],"character_chosen":"THE_SILENT","items_purchased":["Infinite Blades"],"campfire_rested":0,"item_purchase_floors":[12],"current_hp_per_floor":[59,48,46,44,44,44,28,28,28,28,44,44,44,44,44,36,59,59,59,58,54,54,54,48,43,43,41,41,40,40,32,32,29,44,51,51,53,39,39,44,44,49,49,45,48,48,48,49,49,0],"gold":8,"neow_bonus":"RANDOM_COMMON_RELIC","is_prod":false,"is_daily":false,"chose_seed":false,"campfire_upgraded":7,"win_rate":0,"timestamp":1531971729,"path_taken":["M","?","M","M","M","R","E","?","T","R","?","$","R","$","R","BOSS","M","?","M","M","?","R","E","M","T","M","R","E","?","E","R","BOSS","M","?","M","M","?","E","R","M","T","M","M","?","R","M","R","BOSS"],"build_version":"2018-07-12","purchased_purges":1,"victory":false,"max_hp_per_floor":[66,66,66,66,66,66,66,66,66,66,66,66,66,66,66,66,66,66,66,66,66,66,66,66,66,66,68,68,68,47,49,49,49,49,51,51,53,57,57,59,59,63,63,63,65,65,65,67,67,67],"card_choices":[{"not_picked":["Sucker Punch","Quick Slash"],"picked":"Dagger Spray","floor":1.0},{"not_picked":["Escape Plan","Sucker Punch"],"picked":"Poisoned Stab","floor":3.0},{"not_picked":["Dagger Throw","Dash"],"picked":"Backflip","floor":4.0},{"not_picked":["Outmaneuver","Setup","Poisoned Stab"],"picked":"SKIP","floor":5.0},{"not_picked":["Deflect","Sucker Punch"],"picked":"Backstab","floor":7.0},{"not_picked":["Grand Finale","Doppelganger"],"picked":"Wraith Form v2","floor":16.0},{"not_picked":["Deflect","Masterful Stab"],"picked":"Terror","floor":18.0},{"not_picked":["Outmaneuver+1","Deflect"],"picked":"Quick Slash","floor":20.0},{"not_picked":["Skewer","Underhanded Strike"],"picked":"Cloak And Dagger+1","floor":21.0},{"not_picked":["Wraith Form v2","Slice"],"picked":"Escape Plan","floor":24.0},{"not_picked":["PiercingWail","Escape Plan+1"],"picked":"Cloak And Dagger+1","floor":25.0},{"not_picked":["Masterful Stab","Leg Sweep+1","Backflip"],"picked":"Singing Bowl","floor":27.0},{"not_picked":["Well Laid Plans","Backstab"],"picked":"Flying Knee+1","floor":29.0},{"not_picked":["All Out Attack","Underhanded Strike","Crippling Poison"],"picked":"Singing Bowl","floor":31.0},{"not_picked":["Phantasmal Killer","Glass Knife"],"picked":"Burst","floor":33},{"not_picked":["Dagger Spray","Caltrops","Concentrate"],"picked":"Singing Bowl","floor":35},{"not_picked":["Dagger Spray","Distraction"],"picked":"Accuracy","floor":36},{"not_picked":["Slice","Dagger Throw"],"picked":"Cloak And Dagger+1","floor":37},{"not_picked":["Bane","Outmaneuver","Heel Hook"],"picked":"Singing Bowl","floor":37},{"not_picked":["Dagger Spray","All Out Attack","Quick Slash"],"picked":"Singing Bowl","floor":38},{"not_picked":["Skewer","Concentrate","Outmaneuver+1"],"picked":"Singing Bowl","floor":38},{"not_picked":["Acrobatics","Reflex+1","Sucker Punch"],"picked":"Singing Bowl","floor":40},{"not_picked":["Deadly Poison","Noxious Fumes","Bane+1"],"picked":"Singing Bowl","floor":42},{"not_picked":["Deflect","Acrobatics","Dagger Spray+1"],"picked":"Singing Bowl","floor":42},{"not_picked":["Venomology","Flying Knee"],"picked":"PiercingWail","floor":44},{"not_picked":["Endless Agony","Deadly Poison+1"],"picked":"Quick Slash+1","floor":44},{"not_picked":["Sucker Punch","Acrobatics","Setup"],"picked":"Singing Bowl","floor":45},{"not_picked":["Expertise","Distraction"],"picked":"Footwork+1","floor":45},{"not_picked":["Tactician","Eviscerate+1"],"picked":"Riddle With Holes+1","floor":48},{"not_picked":["Flying Knee","Masterful Stab","Slice+1"],"picked":"Singing Bowl","floor":48}],"player_experience":487458,"relics_obtained":[{"floor":7.0,"key":"Girya"},{"floor":8.0,"key":"Paper Crane"},{"floor":9.0,"key":"Art of War"},{"floor":24.0,"key":"Singing Bowl"},{"floor":26.0,"key":"Meat on the Bone"},{"floor":29.0,"key":"Pen Nib"},{"floor":31.0,"key":"Gremlin Horn"},{"floor":36,"key":"Prayer Wheel"},{"floor":40,"key":"Lantern"},{"floor":43,"key":"Bag of Marbles"}],"event_choices":[{"event_name":"Scrap Ooze","player_choice":"success","floor":2.0,"damage_taken":11.0},{"event_name":"The Cleric","player_choice":"Healed","floor":11.0,"damage_taken":0.0},{"event_name":"Drug Dealer","player_choice":"Got JAXXED","floor":19.0,"damage_taken":0.0},{"event_name":"FaceTrader","player_choice":"Trade","floor":22.0,"damage_taken":0.0},{"event_name":"Vampires","player_choice":"Became a vampire","floor":30.0,"damage_taken":0.0},{"event_name":"MindBloom","player_choice":"Fight","floor":36,"damage_taken":0},{"event_name":"Duplicator","player_choice":"One dupe","floor":39,"damage_taken":0}],"boss_relics":[{"not_picked":["Velvet Choker","Lizard Tail"],"picked":"Ectoplasm"},{"not_picked":["Runic Dome","Orrery"],"picked":"Coffee Dripper"}],"items_purged_floors":[12],"is_endless":false,"potions_floor_spawned":[3,5,7,16,20,21,24,37,38,40,44,45],"killed_by":"Time Eater","ascension_level":15}