{"gold_per_floor":[118,133,146,164,114,114,139,169,205,276,318,342,354,366,378,485,497,526,538,561,11,22,22,33,51,127,127,155,174,202,214,214,309,309,321,335,42,42,42,42,106,106,106,138,192,192,7,7,7,7,7,7,7,36,36],"floor_reached":55,"playtime":2218,"items_purged":["Strike_G","Strike_G"],"score":922,"play_id":"6a8a4bd4-1960-4ddf-8457-7a5d622c6bbd","local_time":"20181120235656","is_ascension_mode":true,"campfire_choices":[{"data":"Terror","floor":6,"key":"SMITH"},{"data":"Dagger Spray","floor":13,"key":"SMITH"},{"data":"Sucker Punch","floor":15,"key":"SMITH"},{"data":"Glass Knife","floor":23,"key":"SMITH"},{"data":"Catalyst","floor":27,"key":"SMITH"},{"data":"Bouncing Flask","floor":32,"key":"SMITH"},{"data":"Burst","floor":40,"key":"SMITH"},{"data":"Caltrops","floor":42,"key":"SMITH"},{"floor":49,"key":"RECALL"},{"data":"Noxious Fumes","floor":52,"key":"SMITH"}],"neow_cost":"NONE","seed_source_timestamp":5806988124807,"circlet_count":0,"master_deck":["Defend_G","Defend_G","Defend_G","Defend_G","Strike_G","Strike_G","Strike_G","Survivor","Neutralize","Terror+1","Sucker Punch+1","Dagger Spray+1","Cloak And Dagger","Dodge and Roll","Bouncing Flask+1","Backflip","Glass Knife+1","Backstab","Neutralize","Caltrops+1","Sadistic Nature","Catalyst+1","Dash+1","Caltrops+1","Dodge and Roll","Burst+1","Poisoned Stab+1","Quick Slash+1","Purity+1","Finesse+1","Jack Of All Trades+1","PiercingWail+1","Footwork+1","Madness+1","Madness+1","Noxious Fumes+1","Writhe"],"relics":["Ring of the Snake","Strawberry","MawBank","Bag of Marbles","Smiling Mask","Omamori","WarpedTongs","Coffee Dripper","TwistedFunnel","Pen Nib","Mercury Hourglass","Juzu Bracelet","FossilizedHelix","Cursed Key","Toxic Egg 2","Tiny Chest","Ancient Tea Set","Torii","PreservedInsect","Art of War","Paper Crane"],"potions_floor_usage":[7,8,10,28,29,33,41,45,50,55],"damage_taken":[{"damage":3,"enemies":"Jaw Worm","floor":1,"turns":4},{"damage":0,"enemies":"Small Slimes","floor":2,"turns":4},{"damage":1,"enemies":"Cultist","floor":3,"turns":3},{"damage":4,"enemies":"Red Slaver","floor":4,"turns":5},{"damage":21,"enemies":"Lagavulin","floor":7,"turns":8},{"damage":7,"enemies":"Exordium Thugs","floor":8,"turns":7},{"damage":14,"enemies":"Lagavulin Event","floor":10,"turns":5},{"damage":2,"enemies":"Gremlin Nob","floor":11,"turns":3},{"damage":0,"enemies":"3 Louse","floor":12,"turns":1},{"damage":18,"enemies":"Slime Boss","floor":16,"turns":11},{"damage":0,"enemies":"Shell Parasite","floor":18,"turns":5},{"damage":11,"enemies":"Spheric Guardian","floor":20,"turns":4},{"damage":7,"enemies":"Snecko","floor":22,"turns":3},{"damage":0,"enemies":"Centurion and Healer","floor":24,"turns":5},{"damage":7,"enemies":"Snake Plant","floor":25,"turns":3},{"damage":0,"enemies":"Book of Stabbing","floor":28,"turns":3},{"damage":0,"enemies":"3 Cultists","floor":29,"turns":2},{"damage":14,"enemies":"Slavers","floor":30,"turns":3},{"damage":0,"enemies":"Cultist and Chosen","floor":31,"turns":4},{"damage":36,"enemies":"Champ","floor":33,"turns":10},{"damage":0,"enemies":"3 Shapes","floor":35,"turns":4},{"damage":0,"enemies":"3 Darklings","floor":36,"turns":2},{"damage":0,"enemies":"Reptomancer","floor":41,"turns":4},{"damage":0,"enemies":"Giant Head","floor":44,"turns":7},{"damage":0,"enemies":"2 Orb Walkers","floor":45,"turns":4},{"damage":37,"enemies":"Time Eater","floor":50,"turns":9},{"damage":11,"enemies":"Shield and Spear","floor":54,"turns":4},{"damage":59,"enemies":"The Heart","floor":55,"turns":6}],"seed_played":"1702187107409803998","potions_obtained":[{"floor":1,"key":"GhostInAJar"},{"floor":3,"key":"Fire Potion"},{"floor":4,"key":"SteroidPotion"},{"floor":11,"key":"SpeedPotion"},{"floor":24,"key":"SteroidPotion"},{"floor":25,"key":"AttackPotion"},{"floor":28,"key":"Fruit Juice"},{"floor":29,"key":"Swift Potion"},{"floor":41,"key":"Fire Potion"},{"floor":44,"key":"Swift Potion"}],"is_trial":false,"path_per_floor":["M","M","M","M","?","R","E","M","T","?","E","M","R","?","R","B",null,"M","?","M","$","M","R","M","M","T","R","E","M","E","M","R","B",null,"M","M","$","?","?","R","E","R","T","E","?","?","$","T","R","B",null,"R","$","E","B"],"character_chosen":"THE_SILENT","items_purchased":["TwistedFunnel","Sadistic Nature","Pen Nib","Toxic Egg 2","Noxious Fumes","PreservedInsect"],"campfire_rested":0,"item_purchase_floors":[21,21,21,37,47,47],"current_hp_per_floor":[74,74,73,69,69,69,48,41,41,27,25,25,25,25,25,7,77,77,77,66,66,59,59,59,52,52,52,52,57,43,43,43,7,82,82,82,82,82,72,72,72,72,72,72,72,62,62,62,62,25,82,82,82,71,12],"gold":36,"neow_bonus":"RANDOM_COMMON_RELIC","is_prod":false,"is_daily":false,"chose_seed":false,"campfire_upgraded":9,"win_rate":0,"timestamp":1542776216,"path_taken":["M","M","M","M","?","R","E","M","T","?","E","M","R","?","R","BOSS","M","?","M","$","M","R","M","M","T","R","E","M","E","M","R","BOSS","M","M","?","?","?","R","E","R","T","E","?","?","$","?","R","BOSS","R","$","E","BOSS"],"build_version":"2018-11-15","purchased_purges":2,"victory":false,"max_hp_per_floor":[77,77,77,77,77,77,77,77,77,77,77,77,77,77,77,77,77,77,77,77,77,77,77,77,77,77,77,77,82,82,82,82,82,82,82,82,82,82,82,82,82,82,82,82,82,82,82,82,82,82,82,82,82,82,82],"card_choices":[{"not_picked":["Backflip","Acrobatics"],"picked":"Terror","floor":1},{"not_picked":["Calculated Gamble","Setup"],"picked":"Sucker Punch","floor":2},{"not_picked":["Reflex","Dodge and Roll"],"picked":"Dagger Spray","floor":3},{"not_picked":["Tactician","Underhanded Strike","Sucker Punch"],"picked":"SKIP","floor":4},{"not_picked":["Prepared","Endless Agony"],"picked":"Cloak And Dagger","floor":7},{"not_picked":["Underhanded Strike","Slice"],"picked":"Dodge and Roll","floor":8},{"not_picked":["Choke","Reflex"],"picked":"Bouncing Flask","floor":11},{"not_picked":["Outmaneuver","Underhanded Strike"],"picked":"Backflip","floor":12},{"not_picked":["Wraith Form v2","Corpse Explosion"],"picked":"Glass Knife","floor":16},{"not_picked":["Heel Hook","Quick Slash+1"],"picked":"Backstab","floor":18},{"not_picked":["Heel Hook","All Out Attack"],"picked":"Caltrops+1","floor":20},{"not_picked":["Skewer","Flying Knee","Outmaneuver"],"picked":"SKIP","floor":22},{"not_picked":["Outmaneuver","Dagger Throw"],"picked":"Catalyst","floor":24},{"not_picked":["Storm of Steel","Dagger Spray+1"],"picked":"Dash+1","floor":25},{"not_picked":["Distraction","Outmaneuver+1","Slice"],"picked":"SKIP","floor":28},{"not_picked":["Grand Finale","Blade Dance","Sucker Punch"],"picked":"SKIP","floor":29},{"not_picked":["Outmaneuver","Slice"],"picked":"Caltrops","floor":30},{"not_picked":["Dagger Throw","Dagger Spray"],"picked":"Dodge and Roll","floor":31},{"not_picked":["Wraith Form v2","Unload"],"picked":"Burst","floor":33},{"not_picked":["Deflect+1","Outmaneuver+1"],"picked":"Poisoned Stab+1","floor":35},{"not_picked":["Dagger Spray","Underhanded Strike"],"picked":"Quick Slash+1","floor":36},{"not_picked":["Swift Strike","Mind Blast"],"picked":"Purity+1","floor":39},{"not_picked":["Magnetism","Dramatic Entrance"],"picked":"Finesse+1","floor":39},{"not_picked":["Mind Blast","Swift Strike"],"picked":"Jack Of All Trades+1","floor":39},{"not_picked":["Deadly Poison+1","Deflect+1"],"picked":"PiercingWail+1","floor":41},{"not_picked":["Skewer+1","Underhanded Strike","Dagger Spray+1"],"picked":"SKIP","floor":44},{"not_picked":["Cloak And Dagger+1","Prepared+1"],"picked":"Footwork+1","floor":45},{"not_picked":["Accuracy+1","Unload","Outmaneuver+1"],"picked":"SKIP","floor":54}],"player_experience":924554,"relics_obtained":[{"floor":7,"key":"MawBank"},{"floor":9,"key":"Bag of Marbles"},{"floor":10,"key":"Smiling Mask"},{"floor":11,"key":"Omamori"},{"floor":26,"key":"Mercury Hourglass"},{"floor":28,"key":"Juzu Bracelet"},{"floor":30,"key":"FossilizedHelix"},{"floor":41,"key":"Tiny Chest"},{"floor":44,"key":"Ancient Tea Set"},{"floor":45,"key":"Torii"},{"floor":48,"key":"Art of War"},{"floor":54,"key":"Paper Crane"}],"event_choices":[{"cards_removed":["Defend_G"],"damage_healed":0,"gold_gain":0,"player_choice":"Card Removal","damage_taken":0,"max_hp_gain":0,"max_hp_loss":0,"event_name":"The Cleric","floor":5,"gold_loss":50},{"damage_healed":0,"gold_gain":0,"player_choice":"Searched \u00272\u0027 times","damage_taken":0,"max_hp_gain":0,"max_hp_loss":0,"event_name":"Dead Adventurer","floor":10,"gold_loss":0},{"damage_healed":0,"gold_gain":0,"player_choice":"Rummage","damage_taken":0,"relics_obtained":["WarpedTongs"],"max_hp_gain":0,"max_hp_loss":0,"event_name":"Accursed Blacksmith","floor":14,"gold_loss":0,"cards_obtained":["Pain"]},{"damage_healed":0,"gold_gain":0,"player_choice":"1 cards matched","damage_taken":0,"max_hp_gain":0,"max_hp_loss":0,"event_name":"Match and Keep!","floor":19,"gold_loss":0,"cards_obtained":["Neutralize"]},{"damage_healed":0,"gold_gain":0,"player_choice":"Ignored","damage_taken":0,"max_hp_gain":0,"max_hp_loss":0,"event_name":"SecretPortal","floor":38,"gold_loss":0},{"damage_healed":0,"gold_gain":0,"player_choice":"Memory 3","damage_taken":10,"max_hp_gain":0,"max_hp_loss":0,"event_name":"SensoryStone","floor":39,"gold_loss":0},{"damage_healed":0,"gold_gain":0,"player_choice":"Fight","damage_taken":0,"max_hp_gain":0,"max_hp_loss":0,"event_name":"Mysterious Sphere","floor":45,"gold_loss":0},{"damage_healed":0,"gold_gain":0,"player_choice":"Embrace Madness","damage_taken":10,"max_hp_gain":0,"max_hp_loss":0,"event_name":"Winding Halls","floor":46,"gold_loss":0,"cards_obtained":["Madness","Madness"]}],"is_beta":false,"boss_relics":[{"not_picked":["Ectoplasm","Sozu"],"picked":"Coffee Dripper"},{"not_picked":["HoveringKite","Black Star"],"picked":"Cursed Key"}],"items_purged_floors":[21,37],"is_endless":false,"potions_floor_spawned":[1,3,4,11,24,25,28,29,30,41,44],"killed_by":"The Heart","ascension_level":1}