{"gold_per_floor":[11,23,23,23,38,38,70,56,56,67,67,67,102,122,122,227,227,246,259,276,1,1,1,26,36,36,53,87,187,187,203,203,307,307,327,343,343,343,49,74,90,103,160,193,193,193,208,241,241,241,241,241,16,41,41],"floor_reached":56,"playtime":3251,"items_purged":["Strike_G"],"score":1396,"play_id":"f7681414-9fac-41f2-8702-8e3f9e42565a","local_time":"20181121175122","is_ascension_mode":true,"campfire_choices":[{"data":"Neutralize","floor":6.0,"key":"SMITH"},{"data":"Dagger Spray","floor":11.0,"key":"SMITH"},{"data":"Predator","floor":15.0,"key":"SMITH"},{"data":"Malaise","floor":23.0,"key":"SMITH"},{"data":"Footwork","floor":30.0,"key":"SMITH"},{"data":"Predator","floor":32.0,"key":"SMITH"},{"data":"Apotheosis","floor":46.0,"key":"SMITH"},{"floor":49.0,"key":"RECALL"},{"data":"Caltrops","floor":52.0,"key":"SMITH"}],"neow_cost":"NO_GOLD","seed_source_timestamp":69179670451072,"circlet_count":0,"master_deck":["Defend_G","Defend_G","Defend_G","Defend_G","Strike_G+1","Strike_G","Strike_G+1","Survivor","Neutralize+1","Flying Knee","Predator+1","Dodge and Roll","Dagger Spray+1","Leg Sweep","PiercingWail","Malaise+1","Sucker Punch+1","Crippling Poison+1","Acrobatics","Predator+1","Underhanded Strike","Footwork+1","Cloak And Dagger+1","A Thousand Cuts","Caltrops+1","Apotheosis+1","Tactician","Backstab+1","Blur","Expertise","Escape Plan+1"],"special_seed":0,"relics":["Ring of the Snake","Incense Burner","Happy Flower","The Courier","Pantograph","HoveringKite","Tough Bandages","The Specimen","Boot","Snecko Eye","Whetstone","Tiny Chest","Mango","Singing Bowl","Ornamental Fan","Strawberry"],"potions_floor_usage":[55,55,55],"damage_taken":[{"damage":0.0,"enemies":"2 Louse","floor":1.0,"turns":3.0},{"damage":1.0,"enemies":"Cultist","floor":2.0,"turns":4.0},{"damage":0.0,"enemies":"Small Slimes","floor":5.0,"turns":3.0},{"damage":18.0,"enemies":"Lagavulin","floor":7.0,"turns":8.0},{"damage":0.0,"enemies":"Exordium Thugs","floor":8.0,"turns":5.0},{"damage":0.0,"enemies":"Red Slaver","floor":10.0,"turns":3.0},{"damage":1.0,"enemies":"Gremlin Nob","floor":13.0,"turns":4.0},{"damage":0.0,"enemies":"Large Slime","floor":14.0,"turns":6.0},{"damage":27.0,"enemies":"Slime Boss","floor":16.0,"turns":11.0},{"damage":0.0,"enemies":"Chosen","floor":18.0,"turns":4.0},{"damage":1.0,"enemies":"Shell Parasite","floor":19.0,"turns":6.0},{"damage":3.0,"enemies":"Shelled Parasite and Fungi","floor":20.0,"turns":9.0},{"damage":26.0,"enemies":"Gremlin Leader","floor":24.0,"turns":11.0},{"damage":0.0,"enemies":"Snecko","floor":25.0,"turns":5.0},{"damage":0.0,"enemies":"Centurion and Healer","floor":27.0,"turns":6.0},{"damage":0.0,"enemies":"Book of Stabbing","floor":28.0,"turns":8.0},{"damage":0.0,"enemies":"Cultist and Chosen","floor":31.0,"turns":8.0},{"damage":19.0,"enemies":"Collector","floor":33.0,"turns":13.0},{"damage":0.0,"enemies":"Orb Walker","floor":35.0,"turns":3.0},{"damage":0.0,"enemies":"3 Shapes","floor":36.0,"turns":2.0},{"damage":21.0,"enemies":"Nemesis","floor":40.0,"turns":7.0},{"damage":0.0,"enemies":"Spire Growth","floor":41.0,"turns":6.0},{"damage":0.0,"enemies":"Maw","floor":42.0,"turns":6.0},{"damage":16.0,"enemies":"Reptomancer","floor":44.0,"turns":5.0},{"damage":0.0,"enemies":"4 Shapes","floor":47.0,"turns":3.0},{"damage":0.0,"enemies":"Nemesis","floor":48.0,"turns":6.0},{"damage":20.0,"enemies":"Donu and Deca","floor":50.0,"turns":15.0},{"damage":11.0,"enemies":"Shield and Spear","floor":54.0,"turns":9.0},{"damage":35,"enemies":"The Heart","floor":55,"turns":9}],"seed_played":"258548817586541291","potions_obtained":[{"floor":2.0,"key":"Poison Potion"},{"floor":5.0,"key":"GhostInAJar"},{"floor":10.0,"key":"EssenceOfSteel"},{"floor":14.0,"key":"PowerPotion"},{"floor":20.0,"key":"LiquidBronze"},{"floor":22.0,"key":"Fruit Juice"},{"floor":22.0,"key":"Explosive Potion"},{"floor":22.0,"key":"Swift Potion"},{"floor":25.0,"key":"Energy Potion"},{"floor":27.0,"key":"Energy Potion"},{"floor":42.0,"key":"LiquidBronze"},{"floor":44.0,"key":"Poison Potion"},{"floor":54.0,"key":"LiquidBronze"}],"is_trial":false,"path_per_floor":["M","M","?","?","M","R","E","M","T","M","R","?","E","M","R","B",null,"M","M","M","$","?","R","E","M","T","M","E","?","R","M","R","B",null,"M","M","?","?","$","E","M","M","T","E","$","R","M","E","R","B",null,"R","$","E","B",null],"character_chosen":"THE_SILENT","items_purchased":["Tough Bandages","Acrobatics","Caltrops","Apotheosis","PowerPotion","Expertise","Ornamental Fan"],"campfire_rested":0,"item_purchase_floors":[21,21,39,39,39,53,53],"current_hp_per_floor":[70,69,69,69,69,69,51,51,51,51,51,51,50,50,50,43,70,70,69,66,66,71,71,45,45,45,45,45,45,45,45,45,51,75,75,75,75,71,71,50,50,50,50,48,48,48,48,50,50,55,87,87,87,83,59],"gold":41,"neow_bonus":"ONE_RARE_RELIC","is_prod":false,"is_daily":false,"chose_seed":false,"campfire_upgraded":8,"win_rate":0,"timestamp":1542840682,"path_taken":["M","M","?","?","?","R","E","M","T","?","R","?","E","M","R","BOSS","M","M","M","$","?","R","E","?","T","M","E","?","R","?","R","BOSS","M","M","?","?","$","E","M","M","T","E","?","R","M","E","R","BOSS","R","$","E","BOSS"],"build_version":"2018-11-15","purchased_purges":1,"victory":true,"max_hp_per_floor":[70,70,70,70,70,70,70,70,70,70,70,70,70,70,70,70,70,70,70,70,70,75,75,75,75,75,75,75,75,75,75,75,75,75,75,75,75,71,71,71,71,71,71,85,85,85,85,87,87,87,87,87,87,94,94],"card_choices":[{"not_picked":["Blur","Finisher"],"picked":"Flying Knee","floor":1.0},{"not_picked":["Dodge and Roll","Deflect"],"picked":"Predator","floor":2.0},{"not_picked":["Crippling Poison","Flying Knee"],"picked":"Dodge and Roll","floor":5.0},{"not_picked":["PiercingWail","Underhanded Strike","Burst"],"picked":"SKIP","floor":7.0},{"not_picked":["Terror","Choke"],"picked":"Dagger Spray","floor":8.0},{"not_picked":["Dodge and Roll","Acrobatics","Deadly Poison"],"picked":"SKIP","floor":10.0},{"not_picked":["Backflip","Terror"],"picked":"Leg Sweep","floor":13.0},{"not_picked":["Dagger Throw","Poisoned Stab"],"picked":"PiercingWail","floor":14.0},{"not_picked":["Unload","Corpse Explosion"],"picked":"Malaise","floor":16.0},{"not_picked":["Bouncing Flask","Choke","Deadly Poison+1"],"picked":"SKIP","floor":18.0},{"not_picked":["Accuracy+1","Prepared"],"picked":"Sucker Punch+1","floor":19.0},{"not_picked":["Choke","Dagger Spray"],"picked":"Crippling Poison+1","floor":20.0},{"not_picked":["Riddle With Holes+1","Tactician"],"picked":"Predator","floor":24.0},{"not_picked":["Leg Sweep","Finisher"],"picked":"Underhanded Strike","floor":25.0},{"not_picked":["Blade Dance","Poisoned Stab+1"],"picked":"Footwork","floor":27.0},{"not_picked":["Quick Slash","Deflect"],"picked":"Cloak And Dagger+1","floor":28.0},{"not_picked":["Distraction","Poisoned Stab","Choke"],"picked":"SKIP","floor":31.0},{"not_picked":["Storm of Steel","Grand Finale"],"picked":"A Thousand Cuts","floor":33.0},{"not_picked":["Outmaneuver","Blade Dance+1","Deflect"],"picked":"SKIP","floor":35.0},{"not_picked":["Bane+1","Dagger Spray","Well Laid Plans"],"picked":"SKIP","floor":36.0},{"not_picked":["Masterful Stab+1","Leg Sweep+1"],"picked":"Tactician","floor":40.0},{"not_picked":["Underhanded Strike+1","Dagger Throw+1","Masterful Stab+1"],"picked":"SKIP","floor":41.0},{"not_picked":["Masterful Stab","Terror"],"picked":"Backstab+1","floor":42.0},{"not_picked":["Deflect+1","Skewer","Acrobatics"],"picked":"SKIP","floor":44.0},{"not_picked":["Deflect+1","Poisoned Stab+1"],"picked":"Blur","floor":47.0},{"not_picked":["Deflect+1","PiercingWail+1","Crippling Poison"],"picked":"Singing Bowl","floor":48.0},{"not_picked":["Bouncing Flask+1","Outmaneuver+1"],"picked":"Escape Plan+1","floor":54.0}],"player_experience":926772,"relics_obtained":[{"floor":7.0,"key":"Happy Flower"},{"floor":9.0,"key":"The Courier"},{"floor":13.0,"key":"Pantograph"},{"floor":24.0,"key":"The Specimen"},{"floor":28.0,"key":"Boot"},{"floor":40.0,"key":"Whetstone"},{"floor":43.0,"key":"Tiny Chest"},{"floor":44.0,"key":"Mango"},{"floor":48.0,"key":"Singing Bowl"},{"floor":54.0,"key":"Strawberry"}],"event_choices":[{"damage_healed":0.0,"max_hp_gain":0.0,"max_hp_loss":0.0,"gold_gain":0.0,"event_name":"Liars Game","player_choice":"Ignored","floor":3.0,"gold_loss":0.0,"damage_taken":0.0},{"cards_removed":["Strike_G"],"damage_healed":0.0,"max_hp_gain":0.0,"max_hp_loss":0.0,"gold_gain":0.0,"event_name":"Bonfire Elementals","player_choice":"Offered Basic","floor":4.0,"gold_loss":0.0,"damage_taken":0.0},{"cards_removed":["Defend_G"],"damage_healed":0.0,"max_hp_gain":0.0,"max_hp_loss":0.0,"gold_gain":0.0,"event_name":"Purifier","player_choice":"Purged","floor":12.0,"gold_loss":0.0,"damage_taken":0.0},{"damage_healed":0.0,"max_hp_gain":0.0,"max_hp_loss":0.0,"gold_gain":0.0,"event_name":"Lab","player_choice":"Got Potions","floor":22.0,"gold_loss":0.0,"damage_taken":0.0},{"damage_healed":0.0,"max_hp_gain":0.0,"max_hp_loss":0.0,"gold_gain":100.0,"event_name":"Golden Shrine","player_choice":"Pray","floor":29.0,"gold_loss":0.0,"damage_taken":0.0},{"damage_healed":0.0,"max_hp_gain":0.0,"max_hp_loss":0.0,"gold_gain":0.0,"event_name":"Tomb of Lord Red Mask","player_choice":"Ignored","floor":37.0,"gold_loss":0.0,"damage_taken":0.0},{"damage_healed":0.0,"max_hp_gain":0.0,"max_hp_loss":4.0,"gold_gain":0.0,"event_name":"Winding Halls","player_choice":"Max HP","floor":38.0,"gold_loss":0.0,"damage_taken":0.0}],"is_beta":false,"boss_relics":[{"not_picked":["Eternal Feather","Calling Bell"],"picked":"HoveringKite"},{"not_picked":["Ring of the Serpent","Sozu"],"picked":"Snecko Eye"}],"items_purged_floors":[39],"is_endless":false,"potions_floor_spawned":[2,5,10,14,20,25,27,31,40,41,42,44,54],"ascension_level":1}