{"gold_per_floor":[19,38,58,72,92,92,92,92,171,206,206],"floor_reached":11,"playtime":366,"items_purged":[],"score":150,"play_id":"9e09153a-b6e2-48a5-9f3d-42142cdd3b33","local_time":"20190105173841","is_ascension_mode":true,"campfire_choices":[{"data":"Streamline","floor":6,"key":"SMITH"},{"floor":8,"key":"REST"}],"neow_cost":"NO_GOLD","seed_source_timestamp":37550570286504,"circlet_count":0,"master_deck":["AscendersBane","Strike_B+1","Strike_B","Strike_B","Strike_B+1","Defend_B","Defend_B","Defend_B","Defend_B","Zap","Dualcast","Good Instincts","Forethought","Streamline+1","Conserve Battery","Cold Snap","Hologram"],"relics":["Cracked Core","Peace Pipe"],"potions_floor_usage":[5,10,10],"damage_taken":[{"damage":14,"enemies":"Jaw Worm","floor":1,"turns":4},{"damage":1,"enemies":"Cultist","floor":2,"turns":3},{"damage":6,"enemies":"2 Louse","floor":3,"turns":3},{"damage":3,"enemies":"Blue Slaver","floor":4,"turns":4},{"damage":0,"enemies":"Large Slime","floor":5,"turns":4},{"damage":20,"enemies":"Gremlin Nob","floor":10,"turns":4},{"damage":25,"enemies":"Exordium Wildlife","floor":11,"turns":5}],"seed_played":"9069183263668434711","potions_obtained":[{"floor":3,"key":"AttackPotion"},{"floor":4,"key":"EssenceOfSteel"},{"floor":5,"key":"Swift Potion"}],"is_trial":false,"path_per_floor":["M","M","M","M","M","R","?","R","T","E","M"],"character_chosen":"DEFECT","items_purchased":[],"campfire_rested":1,"item_purchase_floors":[],"current_hp_per_floor":[50,49,43,40,40,40,19,40,40,20,0],"gold":206,"neow_bonus":"RANDOM_COLORLESS_2","is_prod":false,"is_daily":false,"chose_seed":false,"campfire_upgraded":1,"win_rate":0,"timestamp":1546727921,"path_taken":["M","M","M","M","M","R","?","R","T","E","M"],"build_version":"2019-01-03v4","purchased_purges":0,"victory":false,"max_hp_per_floor":[71,71,71,71,71,71,71,71,71,71,71],"card_choices":[{"not_picked":["Darkness","Aggregate","Redo"],"picked":"SKIP","floor":1},{"not_picked":["Recycle","Doom and Gloom"],"picked":"Streamline","floor":2},{"not_picked":["Gash","Sweeping Beam"],"picked":"Conserve Battery","floor":3},{"not_picked":["Amplify","Storm","Static Discharge"],"picked":"SKIP","floor":4},{"not_picked":["Static Discharge","Hologram"],"picked":"Cold Snap","floor":5},{"not_picked":["Gash","Ball Lightning"],"picked":"Hologram","floor":10}],"player_experience":997260,"relics_obtained":[{"floor":10,"key":"Peace Pipe"}],"event_choices":[{"damage_healed":0,"gold_gain":0,"player_choice":"Entered Light","damage_taken":21,"max_hp_gain":0,"max_hp_loss":0,"event_name":"Shining Light","floor":7,"gold_loss":0,"cards_upgraded":["Strike_B","Strike_B"]}],"is_beta":false,"boss_relics":[],"items_purged_floors":[],"is_endless":false,"potions_floor_spawned":[3,4,5],"killed_by":"Exordium Wildlife","ascension_level":20}