{"path_per_floor":["M","?","M","$","?","E","$","E","T","R","$","M","T","M","R","B",null,"M","$","?","M","M"],"character_chosen":"IRONCLAD","items_purchased":["Oddly Smooth Stone"],"gold_per_floor":[109,109,122,47,122,156,56,89,115,115,115,133,207,224,224,326,326,339,66,66,83,98,98],"floor_reached":23,"campfire_rested":1,"playtime":2269,"current_hp_per_floor":[80,73,78,78,67,59,59,35,35,59,59,65,65,71,71,49,80,65,65,65,61,66,0],"items_purged":["Strike_R","Strike_R","Defend_R"],"gold":98,"score":199,"play_id":"91fb45c2-6ec2-4cec-8a72-5ba57b3c3fe4","local_time":"20180525001638","is_prod":false,"is_daily":false,"chose_seed":false,"is_ascension_mode":false,"campfire_upgraded":1,"timestamp":1527203798,"campfire_choices":[{"floor":10,"key":"REST"},{"data":"Armaments","floor":15,"key":"SMITH"}],"path_taken":["M","?","M","$","?","E","?","E","T","R","?","M","?","M","R","BOSS","M","$","?","M","M","E"],"build_version":"2018-05-17","seed_source_timestamp":226935251650994,"purchased_purges":3,"victory":false,"master_deck":["Strike_R","Strike_R","Defend_R+1","Defend_R","Defend_R+1","Bash","Cleave","Shrug It Off","Flex","Armaments+1","Shrug It Off","Limit Break","Pommel Strike+1","Shrug It Off+1"],"max_hp_per_floor":[80,80,80,80,80,80,80,80,80,80,80,80,80,80,80,80,80,80,80,80,80,80,80],"relics":["Black Blood","War Paint","Boot","Pen Nib","Omamori","Meat on the Bone","Oddly Smooth Stone"],"card_choices":[{"not_picked":["True Grit","Power Through"],"picked":"Cleave","floor":1},{"not_picked":["Sword Boomerang","Clash"],"picked":"Shrug It Off","floor":3},{"not_picked":["Flame Barrier","Intimidate"],"picked":"Flex","floor":6},{"not_picked":["Intimidate","Perfected Strike"],"picked":"Armaments","floor":8},{"not_picked":["Iron Wave","Entrench"],"picked":"Shrug It Off","floor":12},{"not_picked":["Second Wind","Uppercut"],"picked":"Limit Break","floor":14},{"not_picked":["Hemokinesis","Havoc+1"],"picked":"Pommel Strike+1","floor":18},{"not_picked":["Combust","Power Through+1"],"picked":"Shrug It Off+1","floor":21},{"not_picked":["Sentinel","Ghostly Armor","Bloodletting"],"picked":"SKIP","floor":22}],"player_experience":131772,"potions_floor_usage":[6,6,16,18,23],"damage_taken":[{"damage":3,"enemies":"Jaw Worm","floor":1,"turns":3},{"damage":1,"enemies":"Cultist","floor":3,"turns":3},{"damage":14,"enemies":"Lagavulin","floor":6,"turns":11},{"damage":30,"enemies":"Gremlin Nob","floor":8,"turns":5},{"damage":0,"enemies":"Small Slimes","floor":12,"turns":2},{"damage":0,"enemies":"3 Louse","floor":14,"turns":4},{"damage":28,"enemies":"The Guardian","floor":16,"turns":13},{"damage":25,"enemies":"Spheric Guardian","floor":18,"turns":10},{"damage":26,"enemies":"Chosen","floor":21,"turns":9},{"damage":5,"enemies":"Snake Plant","floor":22,"turns":8},{"damage":66,"enemies":"Book of Stabbing","floor":23,"turns":10}],"relics_obtained":[{"floor":6,"key":"Boot"},{"floor":8,"key":"Pen Nib"},{"floor":9,"key":"Omamori"},{"floor":13,"key":"Meat on the Bone"}],"event_choices":[{"event_name":"Golden Wing","player_choice":"Card Removal","floor":2,"damage_taken":0},{"event_name":"World of Goop","player_choice":"Gather Gold","floor":5,"damage_taken":0},{"event_name":"Drug Dealer","player_choice":"Ignored","floor":20,"damage_taken":0}],"boss_relics":[{"not_picked":["Sozu","Runic Cube"],"picked":"Black Blood"}],"potions_floor_spawned":[1,3,8,16,21,22],"seed_played":"-7746399917318717989","killed_by":"Book of Stabbing","ascension_level":0,"potions_obtained":[{"floor":1,"key":"SpeedPotion"},{"floor":3,"key":"Fire Potion"},{"floor":8,"key":"Fire Potion"},{"floor":16,"key":"Dexterity Potion"},{"floor":21,"key":"GamblersBrew"},{"floor":22,"key":"GamblersBrew"}],"is_trial":false}