{"path_per_floor":["M","?","M","?","M","R","M","E","T","T","$","M","E","$","R","B",null,"M","$","T","?","?","E","R","?","T","T","$","M","M","M","R"],"character_chosen":"IRONCLAD","items_purchased":["Ornamental Fan","Dropkick","Feel No Pain"],"gold_per_floor":[217,167,178,178,198,198,217,247,330,384,56,71,101,22,22,122,122,142,42,42,42,42,72,72,72,99,123,48,60,76,95,95],"floor_reached":33,"campfire_rested":1,"playtime":1864,"current_hp_per_floor":[78,78,77,61,65,65,65,45,45,45,45,37,23,23,47,12,80,79,79,79,79,64,73,73,59,59,59,59,54,48,57,57],"items_purged":["Strike_R","Strike_R"],"gold":95,"score":354,"play_id":"d2cecf0b-e401-4bd8-a30a-2fc627a9d37e","is_prod":false,"is_daily":false,"is_ascension_mode":true,"campfire_upgraded":3,"path_taken":["M","?","M","?","M","R","?","E","T","?","$","M","E","?","R","BOSS","M","$","?","?","?","E","R","?","T","?","?","M","M","M","R","BOSS"],"build_version":"2018-02-15-PROD1","purchased_purges":3,"victory":false,"master_deck":["Defend_R","Defend_R","Defend_R+1","Bash","True Grit+1","Shrug It Off","Offering","Corruption","Infernal Blade","Dropkick+1","Reaper","Fire Breathing+1","Fire Breathing+1","Shockwave+1","Armaments+1","Iron Wave","Double Tap","Bite","Bite","Bite","Bite","Bite","Feel No Pain","Entrench+1"],"max_hp_per_floor":[80,80,80,80,80,80,80,80,80,80,80,80,80,80,80,80,80,80,80,80,80,85,85,85,59,59,59,59,59,59,59,59],"relics":["Burning Blood","Ice Cream","Tiny Chest","Juzu Bracelet","Ornamental Fan","Vajra","Astrolabe","Charon\u0027s Ashes","Oddly Smooth Stone","Orichalcum","Blood Vial"],"card_choices":[{"not_picked":["Havoc","Sword Boomerang"],"picked":"True Grit"},{"not_picked":["Heavy Blade","Perfected Strike"],"picked":"Shrug It Off"},{"not_picked":["Iron Wave","Thunderclap"],"picked":"Offering"},{"not_picked":["Combust","Feel No Pain"],"picked":"Corruption"},{"not_picked":["Uppercut","Evolve"],"picked":"Infernal Blade"},{"not_picked":["Limit Break","Berserk"],"picked":"Reaper"},{"not_picked":["Perfected Strike","Fire Breathing"],"picked":"Armaments"},{"not_picked":["Wild Strike","Power Through"],"picked":"Double Tap"},{"not_picked":["Wild Strike","Spot Weakness"],"picked":"Entrench"}],"player_experience":157144,"potions_floor_usage":[13,13,16],"damage_taken":[{"damage":8,"enemies":"2 Louse","floor":1,"turns":3},{"damage":7,"enemies":"Jaw Worm","floor":3,"turns":4},{"damage":2,"enemies":"Small Slimes","floor":5,"turns":4},{"damage":6,"enemies":"Looter","floor":7,"turns":3},{"damage":26,"enemies":"3 Sentries","floor":8,"turns":11},{"damage":14,"enemies":"Exordium Wildlife","floor":12,"turns":7},{"damage":20,"enemies":"Gremlin Nob","floor":13,"turns":4},{"damage":41,"enemies":"The Guardian","floor":16,"turns":17},{"damage":10,"enemies":"3 Byrds","floor":18,"turns":5},{"damage":18,"enemies":"Gremlin Leader","floor":23,"turns":5},{"damage":18,"enemies":"Spheric Guardian","floor":29,"turns":4},{"damage":28,"enemies":"Slaver and Parasite","floor":30,"turns":6},{"damage":7,"enemies":"3 Cultists","floor":31,"turns":5},{"damage":97,"enemies":"Champ","floor":33,"turns":10}],"event_choices":[{"event_name":"The Cleric","player_choice":"Card Removal","floor":2,"damage_taken":0},{"event_name":"Shining Light","player_choice":"Entered Light","floor":4,"damage_taken":0},{"event_name":"The Library","player_choice":"Read","floor":21,"damage_taken":0},{"event_name":"Forgotten Altar","player_choice":"Shed Blood","floor":22,"damage_taken":0},{"event_name":"Vampires","player_choice":"Became a vampire","floor":25,"damage_taken":0}],"boss_relics":[{"not_picked":["White Beast Statue","Runic Cube"],"picked":"Astrolabe"}],"potions_floor_spawned":[3,5,8,18,30],"seed_played":"-6697494768800978603","killed_by":"Champ","ascension_level":4,"is_trial":false}