{"gold_per_floor":[114,114,124,200,211,211,224,253,277,123,23,23,23,36,36,137,137,150,162,261,17,34,34,69,69,148,148,148,148,181,196,196,294,294,308,308,321,339,357,357,384,182,182,182,182,182,192,42,42,42],"floor_reached":51,"playtime":2976,"items_purged":["Strike_B","Strike_B","Strike_B+1","Defend_B+1"],"score":1271,"play_id":"8191e901-315e-4d41-83fc-6cbf980c2ef2","local_time":"20180627195927","is_ascension_mode":true,"campfire_choices":[{"data":"Streamline","floor":6,"key":"SMITH"},{"data":"Defragment","floor":12,"key":"SMITH"},{"data":"Coolheaded","floor":15,"key":"SMITH"},{"data":"Loop","floor":23,"key":"SMITH"},{"data":"Chaos","floor":25,"key":"SMITH"},{"data":"Dualcast","floor":27,"key":"SMITH"},{"data":"Echo Form","floor":32,"key":"SMITH"},{"data":"Zap","floor":40,"key":"SMITH"},{"data":"Loop","floor":46,"key":"SMITH"},{"floor":49,"key":"REST"}],"neow_cost":"TEN_PERCENT_HP_LOSS","seed_source_timestamp":92755502681374,"circlet_count":0,"master_deck":["Defend_B+1","Defend_B+1","Zap+1","Dualcast+1","Streamline+1","Coolheaded+1","FTL","Defragment+1","Reboot","Loop+1","Chaos+1","Go for the Eyes+1","Blizzard","Redo+1","Echo Form+1","Compile Driver+1","Conserve Battery+1","Loop+1"],"relics":["Cracked Core","Art of War","DataDisk","Bag of Preparation","White Beast Statue","Runic Capacitor","Ornamental Fan","Tiny Chest","Blood Vial","Busted Crown","Turnip","Girya","Frozen Egg 2","Dead Branch"],"potions_floor_usage":[8,16,18,24,24,24,30,35,37,38,39,41,47,50,50],"damage_taken":[{"damage":1,"enemies":"Cultist","floor":1,"turns":3},{"damage":7,"enemies":"Jaw Worm","floor":3,"turns":3},{"damage":0,"enemies":"2 Louse","floor":5,"turns":2},{"damage":3,"enemies":"Large Slime","floor":7,"turns":4},{"damage":16,"enemies":"Lagavulin","floor":8,"turns":5},{"damage":0,"enemies":"Exordium Wildlife","floor":14,"turns":2},{"damage":1,"enemies":"The Guardian","floor":16,"turns":9},{"damage":1,"enemies":"Spheric Guardian","floor":18,"turns":3},{"damage":0,"enemies":"Chosen","floor":19,"turns":4},{"damage":10,"enemies":"Sentry and Sphere","floor":22,"turns":4},{"damage":28,"enemies":"Gremlin Leader","floor":24,"turns":7},{"damage":16,"enemies":"Slavers","floor":30,"turns":8},{"damage":6,"enemies":"Snecko","floor":31,"turns":4},{"damage":0,"enemies":"Champ","floor":33,"turns":9},{"damage":32,"enemies":"3 Shapes","floor":35,"turns":4},{"damage":7,"enemies":"3 Darklings","floor":37,"turns":5},{"damage":0,"enemies":"Sphere and 2 Shapes","floor":38,"turns":4},{"damage":1,"enemies":"Maw","floor":39,"turns":5},{"damage":0,"enemies":"Nemesis","floor":41,"turns":5},{"damage":0,"floor":44,"turns":5},{"damage":4,"enemies":"4 Shapes","floor":47,"turns":4},{"damage":21,"enemies":"Donu and Deca","floor":50,"turns":8}],"seed_played":"-7537428387117123256","potions_obtained":[{"floor":7,"key":"SkillPotion"},{"floor":14,"key":"Strength Potion"},{"floor":16,"key":"Fruit Juice"},{"floor":18,"key":"FocusPotion"},{"floor":19,"key":"Regen Potion"},{"floor":22,"key":"Regen Potion"},{"floor":24,"key":"Weak Potion"},{"floor":30,"key":"EssenceOfSteel"},{"floor":31,"key":"FocusPotion"},{"floor":33,"key":"EssenceOfSteel"},{"floor":35,"key":"Swift Potion"},{"floor":37,"key":"Strength Potion"},{"floor":38,"key":"SpeedPotion"},{"floor":39,"key":"Ancient Potion"},{"floor":41,"key":"PowerPotion"},{"floor":44,"key":"Energy Potion"},{"floor":47,"key":"Block Potion"}],"is_trial":false,"path_per_floor":["M","?","M","?","M","R","M","E","T","$","$","R","?","M","R","B",null,"M","M","?","$","M","R","E","R","T","R","?","?","E","M","R","B",null,"M","T","M","M","M","R","E","$","T","?","?","R","M","$","R","B"],"character_chosen":"DEFECT","items_purchased":["Defragment","Runic Capacitor","Chaos","Loop"],"campfire_rested":1,"item_purchase_floors":[10,21,21,42],"current_hp_per_floor":[67,64,57,57,57,57,54,38,38,38,38,38,43,43,43,42,73,77,77,77,77,67,67,74,74,74,74,59,59,43,39,39,41,83,51,51,46,48,49,49,51,51,51,53,53,53,58,58,82,62],"gold":42,"neow_bonus":"REMOVE_TWO","is_prod":false,"is_daily":false,"chose_seed":false,"campfire_upgraded":9,"win_rate":0,"timestamp":1530143967,"path_taken":["M","?","M","?","M","R","M","E","T","?","$","R","?","?","R","BOSS","M","M","?","$","M","R","E","R","T","R","?","?","E","?","R","BOSS","M","?","M","M","M","R","E","$","T","?","?","R","M","$","R","BOSS"],"build_version":"2018-06-21v2","purchased_purges":4,"victory":true,"max_hp_per_floor":[68,68,68,68,68,68,68,68,68,68,68,68,73,73,73,73,73,78,78,78,78,78,78,78,78,78,78,83,83,83,83,83,83,83,83,83,83,83,83,83,83,83,83,83,83,83,83,83,83,83],"card_choices":[{"not_picked":["Rebound","Undo"],"picked":"Streamline","floor":1},{"not_picked":["Doom and Gloom","Streamline"],"picked":"Coolheaded","floor":3},{"not_picked":["Stack","Streamline"],"picked":"FTL","floor":5},{"not_picked":["Double Energy","Sunder","Chaos"],"picked":"SKIP","floor":7},{"not_picked":["Blizzard","Machine Learning","Streamline"],"picked":"SKIP","floor":8},{"not_picked":["Rebound","Stack","Streamline"],"picked":"SKIP","floor":14},{"not_picked":["Fission","Biased Cognition"],"picked":"Reboot","floor":16},{"not_picked":["Compile Driver","Sunder"],"picked":"Loop","floor":18},{"not_picked":["Genetic Algorithm+1","Turbo","Skim+1"],"picked":"SKIP","floor":19},{"not_picked":["Gash","Streamline"],"picked":"Go for the Eyes+1","floor":22},{"not_picked":["Coolheaded","Double Energy"],"picked":"Blizzard","floor":24},{"not_picked":["Rebound+1","Blizzard"],"picked":"Redo+1","floor":30},{"not_picked":["Heatsinks","Ball Lightning+1"],"picked":"Echo Form","floor":31},{"not_picked":["Melter"],"picked":"SKIP","floor":35},{"not_picked":["Conserve Battery"],"picked":"SKIP","floor":37},{"not_picked":[],"picked":"Compile Driver+1","floor":38},{"not_picked":[],"picked":"Conserve Battery+1","floor":39},{"not_picked":["Stack+1"],"picked":"SKIP","floor":41},{"not_picked":["Reinforced Body+1"],"picked":"SKIP","floor":47}],"player_experience":329742,"relics_obtained":[{"floor":8,"key":"DataDisk"},{"floor":9,"key":"Bag of Preparation"},{"floor":24,"key":"Ornamental Fan"},{"floor":26,"key":"Tiny Chest"},{"floor":30,"key":"Blood Vial"},{"floor":36,"key":"Turnip"},{"floor":41,"key":"Girya"},{"floor":43,"key":"Frozen Egg 2"},{"floor":44,"key":"Dead Branch"}],"event_choices":[{"event_name":"Scrap Ooze","player_choice":"success","floor":2,"damage_taken":3},{"event_name":"Golden Wing","player_choice":"Gained Gold","floor":4,"damage_taken":0},{"event_name":"Big Fish","player_choice":"Donut","floor":13,"damage_taken":0},{"event_name":"Nest","player_choice":"Stole From Cult","floor":20,"damage_taken":0},{"event_name":"Forgotten Altar","player_choice":"Shed Blood","floor":28,"damage_taken":0},{"event_name":"Back to Basics","player_choice":"Simplicity","floor":29,"damage_taken":0},{"event_name":"MindBloom","player_choice":"Fight","floor":44,"damage_taken":0},{"event_name":"Match and Keep!","player_choice":"0 cards matched","floor":45,"damage_taken":0}],"boss_relics":[{"not_picked":["Eternal Feather","Runic Pyramid"],"picked":"White Beast Statue"},{"not_picked":["Calling Bell","Sozu"],"picked":"Busted Crown"}],"items_purged_floors":[10,11,42,48],"is_endless":false,"potions_floor_spawned":[7,14,16,18,19,22,24,30,31,33,35,37,38,39,41,44,47],"ascension_level":4}