{"gold_per_floor":[114,114,114,134,20,51,51,69,69,98,113,113,64,122,122,226,226,238,238,251,176,176,176],"floor_reached":23,"playtime":875,"items_purged":[],"score":255,"play_id":"704f6550-f558-4c0f-99d8-6b16cd7283ec","local_time":"20190116082044","is_ascension_mode":true,"campfire_choices":[{"data":"Dualcast","floor":7,"key":"SMITH"},{"floor":12,"key":"REST"},{"floor":15,"key":"REST"}],"neow_cost":"NONE","seed_source_timestamp":570319525282011,"circlet_count":0,"master_deck":["Strike_B","Strike_B+1","Strike_B","Defend_B","Defend_B","Defend_B","Defend_B","Zap+1","Dualcast+1","Melter","Hologram","Rebound","Good Instincts","Conserve Battery","Redo","Beam Cell","FTL","Coolheaded","Amplify","FTL+1","Steam+1"],"relics":["Cracked Core","NeowsBlessing","Nunchaku","Darkstone Periapt","Ginger","Symbiotic Virus","White Beast Statue","MutagenicStrength"],"potions_floor_usage":[14,16,19],"damage_taken":[{"damage":0,"enemies":"Jaw Worm","floor":1,"turns":1},{"damage":0,"enemies":"2 Louse","floor":4,"turns":1},{"damage":0,"enemies":"Lagavulin","floor":6,"turns":1},{"damage":0,"enemies":"Small Slimes","floor":8,"turns":2},{"damage":13,"enemies":"3 Sentries","floor":10,"turns":6},{"damage":6,"enemies":"Looter","floor":11,"turns":3},{"damage":24,"enemies":"Lagavulin Event","floor":14,"turns":5},{"damage":20,"enemies":"Hexaghost","floor":16,"turns":9},{"damage":7,"enemies":"Chosen","floor":18,"turns":4},{"damage":28,"enemies":"Colosseum Slavers","floor":19,"turns":4},{"damage":22,"enemies":"3 Byrds","floor":20,"turns":4},{"damage":24,"enemies":"Slavers","floor":23,"turns":1}],"seed_played":"8879976318793757560","potions_obtained":[{"floor":4,"key":"PowerPotion"},{"floor":6,"key":"PowerPotion"},{"floor":11,"key":"FearPotion"},{"floor":16,"key":"FocusPotion"},{"floor":18,"key":"FearPotion"},{"floor":20,"key":"Fire Potion"}],"is_trial":false,"path_per_floor":["M","?","?","M","$","E","R","M","T","E","M","R","?","?","R","B",null,"M","?","M","?","?","E"],"character_chosen":"DEFECT","items_purchased":["Rebound","Good Instincts"],"campfire_rested":2,"item_purchase_floors":[5,5],"current_hp_per_floor":[75,80,64,64,64,64,64,64,64,51,45,69,69,45,69,49,80,73,45,23,23,23,0],"gold":176,"neow_bonus":"THREE_ENEMY_KILL","is_prod":false,"is_daily":false,"chose_seed":false,"campfire_upgraded":1,"win_rate":0,"timestamp":1547644844,"path_taken":["M","?","?","?","$","E","R","M","T","E","M","R","?","?","R","BOSS","M","?","M","?","?","E"],"build_version":"2019-01-10","purchased_purges":0,"victory":false,"max_hp_per_floor":[75,80,80,80,80,80,80,80,80,80,80,80,80,80,80,80,80,80,80,80,80,80,80],"card_choices":[{"not_picked":["Rebound","Compile Driver"],"picked":"Melter","floor":1},{"not_picked":["Coolheaded","Loop"],"picked":"Hologram","floor":4},{"not_picked":["Rip and Tear","Biased Cognition"],"picked":"Conserve Battery","floor":6},{"not_picked":["Sweeping Beam","Go for the Eyes"],"picked":"Redo","floor":8},{"not_picked":["Sunder","Gash"],"picked":"Beam Cell","floor":10},{"not_picked":["Redo","Conserve Battery"],"picked":"FTL","floor":11},{"not_picked":["Turbo","Barrage"],"picked":"Coolheaded","floor":14},{"not_picked":["Fission","Meteor Strike"],"picked":"Amplify","floor":16},{"not_picked":["Tempest","Cold Snap"],"picked":"FTL+1","floor":18},{"not_picked":["Gash+1","Turbo"],"picked":"Steam+1","floor":20}],"player_experience":92273,"relics_obtained":[{"floor":6,"key":"Nunchaku"},{"floor":9,"key":"Darkstone Periapt"},{"floor":10,"key":"Ginger"},{"floor":14,"key":"Symbiotic Virus"}],"event_choices":[{"damage_healed":0,"gold_gain":0,"player_choice":"Donut","damage_taken":0,"max_hp_gain":5,"max_hp_loss":0,"event_name":"Big Fish","floor":2,"gold_loss":0},{"damage_healed":0,"gold_gain":0,"player_choice":"Entered Light","damage_taken":16,"max_hp_gain":0,"max_hp_loss":0,"event_name":"Shining Light","floor":3,"gold_loss":0,"cards_upgraded":["Zap","Strike_B"]},{"damage_healed":0,"gold_gain":0,"player_choice":"Left Gold","damage_taken":0,"max_hp_gain":0,"max_hp_loss":0,"event_name":"World of Goop","floor":13,"gold_loss":49},{"damage_healed":0,"gold_gain":30,"player_choice":"Searched \u00272\u0027 times","damage_taken":0,"max_hp_gain":0,"max_hp_loss":0,"event_name":"Dead Adventurer","floor":14,"gold_loss":0},{"damage_healed":0,"gold_gain":0,"player_choice":"Fight","damage_taken":0,"max_hp_gain":0,"max_hp_loss":0,"event_name":"Colosseum","floor":19,"gold_loss":0},{"damage_healed":0,"gold_gain":0,"player_choice":"Fled From Nobs","damage_taken":0,"max_hp_gain":0,"max_hp_loss":0,"event_name":"Colosseum","floor":19,"gold_loss":0},{"cards_removed":["Strike_B"],"damage_healed":0,"gold_gain":0,"player_choice":"Gave Gold","damage_taken":0,"max_hp_gain":0,"max_hp_loss":0,"event_name":"Beggar","floor":21,"gold_loss":75},{"damage_healed":0,"gold_gain":0,"player_choice":"Inject Mutagens","damage_taken":0,"relics_obtained":["MutagenicStrength"],"max_hp_gain":0,"max_hp_loss":0,"event_name":"Drug Dealer","floor":22,"gold_loss":0}],"is_beta":false,"boss_relics":[{"not_picked":["Empty Cage","Lizard Tail"],"picked":"White Beast Statue"}],"items_purged_floors":[],"is_endless":false,"potions_floor_spawned":[4,6,11,16,18,19,20],"killed_by":"Slavers","ascension_level":3}