{"gold_per_floor":[115,40,40,52,66,66,98,98,98,156,156,156],"floor_reached":12,"playtime":4209,"items_purged":["Strike_B"],"score":95,"play_id":"6baaf08e-c048-41a8-9370-a8dd8b1f97d9","local_time":"20180819145522","is_ascension_mode":true,"campfire_choices":[],"neow_cost":"NONE","seed_source_timestamp":57323563003702,"circlet_count":0,"master_deck":["Strike_B","Strike_B","Strike_B","Defend_B","Defend_B","Defend_B","Zap","Dualcast+1","Storm","Melter","Core Surge+1"],"relics":["Cracked Core","NeowsBlessing","Lantern","Molten Egg 2","Tiny Chest","Dream Catcher"],"potions_floor_usage":[7,10,10],"damage_taken":[{"damage":0,"enemies":"2 Louse","floor":1,"turns":1},{"damage":0,"enemies":"Cultist","floor":4,"turns":1},{"damage":0,"enemies":"Small Slimes","floor":5,"turns":1},{"damage":51,"enemies":"3 Sentries","floor":7,"turns":9},{"damage":12,"enemies":"Gremlin Nob","floor":10,"turns":3},{"damage":14,"enemies":"Exordium Thugs","floor":12,"turns":2}],"seed_played":"-8050645258291414025","potions_obtained":[{"floor":1,"key":"PowerPotion"},{"floor":4,"key":"AttackPotion"},{"floor":8,"key":"Weak Potion"},{"floor":8,"key":"Swift Potion"},{"floor":10,"key":"Energy Potion"}],"is_trial":false,"path_per_floor":["M","$","?","M","M","?","E","?","T","E","?"],"character_chosen":"DEFECT","items_purchased":[],"campfire_rested":0,"item_purchase_floors":[],"current_hp_per_floor":[75,75,75,75,75,75,24,24,24,12,9,0],"gold":156,"neow_bonus":"THREE_ENEMY_KILL","is_prod":false,"is_daily":false,"chose_seed":false,"campfire_upgraded":0,"win_rate":0,"timestamp":1534686922,"path_taken":["M","$","?","M","?","?","E","?","T","E","?","?"],"build_version":"2018-08-16","purchased_purges":1,"victory":false,"max_hp_per_floor":[75,75,75,75,75,75,75,75,75,75,75,75],"card_choices":[{"not_picked":["Cold Snap","Undo","Beam Cell"],"picked":"SKIP","floor":1},{"not_picked":["Sweeping Beam","Rip and Tear","Rebound"],"picked":"SKIP","floor":4},{"not_picked":["Ball Lightning","Steam Power"],"picked":"Storm","floor":5},{"not_picked":["Hologram","Stack"],"picked":"Melter","floor":7},{"not_picked":["Gash+1","Cold Snap+1"],"picked":"Core Surge+1","floor":10}],"player_experience":438157,"relics_obtained":[{"floor":7,"key":"Lantern"},{"floor":9,"key":"Molten Egg 2"},{"floor":10,"key":"Tiny Chest"}],"event_choices":[{"event_name":"Upgrade Shrine","player_choice":"Upgraded","floor":3,"damage_taken":0},{"event_name":"Living Wall","player_choice":"Forget","floor":6,"damage_taken":0},{"event_name":"The Lab","player_choice":"Got Potions","floor":8,"damage_taken":0},{"event_name":"Scrap Ooze","player_choice":"success","floor":11,"damage_taken":3}],"is_beta":false,"boss_relics":[],"items_purged_floors":[2],"is_endless":false,"potions_floor_spawned":[1,4,10],"killed_by":"Exordium Thugs","ascension_level":2}