{"gold_per_floor":[114,114,39,189,189,189,219,219,219,219,119,119,144,162,162,162],"floor_reached":16,"playtime":454,"items_purged":["Parasite"],"score":174,"play_id":"6e269eb0-e56d-4b99-be0b-944efe35648c","local_time":"20190508211318","is_ascension_mode":true,"campfire_choices":[{"data":"Neutralize","floor":6,"key":"SMITH"},{"floor":8,"key":"REST"},{"data":"Noxious Fumes","floor":12,"key":"SMITH"},{"data":"Cloak And Dagger","floor":15,"key":"SMITH"}],"neow_cost":"CURSE","seed_source_timestamp":270259766194029,"circlet_count":0,"master_deck":["AscendersBane","Defend_G","Defend_G","Defend_G","Defend_G","Defend_G","Strike_G","Strike_G","Strike_G","Strike_G","Strike_G","Survivor","Neutralize+1","Dagger Throw","Cloak And Dagger+1","Noxious Fumes+1","Dodge and Roll","Concentrate"],"relics":["Ring of the Snake","Vajra","Blood Vial","Omamori","Anchor"],"potions_floor_usage":[],"damage_taken":[{"damage":0,"enemies":"2 Louse","floor":1,"turns":6},{"damage":41,"enemies":"Gremlin Nob","floor":7,"turns":6},{"damage":7,"enemies":"Small Slimes","floor":14,"turns":3},{"damage":35,"enemies":"Hexaghost","floor":16,"turns":11}],"seed_played":"-7615051943889936811","potions_obtained":[],"is_trial":false,"path_per_floor":["M","?","$","?","?","R","E","R","T","?","$","R","T","M","R","B"],"character_chosen":"THE_SILENT","items_purchased":["Noxious Fumes","Dodge and Roll"],"campfire_rested":1,"item_purchase_floors":[11,11],"current_hp_per_floor":[71,53,53,53,58,58,17,41,41,34,34,34,34,29,29,0],"gold":162,"neow_bonus":"TWENTY_PERCENT_HP_BONUS","is_prod":false,"is_daily":false,"chose_seed":false,"campfire_upgraded":3,"win_rate":0,"timestamp":1557375198,"path_taken":["M","?","$","?","?","R","E","R","T","?","?","R","?","?","R","BOSS"],"build_version":"2019-01-23","purchased_purges":1,"victory":false,"max_hp_per_floor":[78,78,75,75,80,80,80,80,80,80,80,80,80,80,80,80],"card_choices":[{"not_picked":["Poisoned Stab","Bane"],"picked":"Dagger Throw","floor":1},{"not_picked":["PiercingWail","Skewer"],"picked":"Cloak And Dagger","floor":7},{"not_picked":["Prepared","Terror"],"picked":"Concentrate","floor":14}],"player_experience":651524,"relics_obtained":[{"floor":7,"key":"Blood Vial"},{"floor":9,"key":"Omamori"},{"floor":13,"key":"Anchor"}],"event_choices":[{"damage_healed":0,"gold_gain":0,"player_choice":"Success","damage_taken":18,"relics_obtained":["Vajra"],"max_hp_gain":0,"max_hp_loss":0,"event_name":"Scrap Ooze","floor":2,"gold_loss":0},{"damage_healed":0,"gold_gain":150,"player_choice":"AGREE","damage_taken":0,"max_hp_gain":0,"max_hp_loss":0,"event_name":"Liars Game","floor":4,"gold_loss":0,"cards_obtained":["Doubt"]},{"damage_healed":0,"gold_gain":0,"player_choice":"Donut","damage_taken":0,"max_hp_gain":5,"max_hp_loss":0,"event_name":"Big Fish","floor":5,"gold_loss":0},{"cards_removed":["Doubt"],"damage_healed":0,"gold_gain":0,"player_choice":"Card Removal","damage_taken":7,"max_hp_gain":0,"max_hp_loss":0,"event_name":"Golden Wing","floor":10,"gold_loss":0}],"is_beta":false,"boss_relics":[],"items_purged_floors":[3],"is_endless":false,"potions_floor_spawned":[],"killed_by":"Hexaghost","ascension_level":17}