{"gold_per_floor":[20,39,53,70,85,85,110,110,186,186,198,233,42,57,57,153,153,171,5,15,34,54,54,66,66,66,46,81,96,124,24,24,121,121,136,147,147],"floor_reached":37,"playtime":3961,"items_purged":["Strike_R","Strike_R"],"score":475,"play_id":"a4b4aa47-94d8-4b14-ab02-e7bf3443cc92","local_time":"20181118111245","is_ascension_mode":false,"campfire_choices":[{"data":"Hemokinesis","floor":6,"key":"SMITH"},{"data":"Body Slam","floor":10,"key":"SMITH"},{"data":"Armaments","floor":15,"key":"SMITH"},{"data":"Searing Blow+1","floor":23,"key":"SMITH"},{"data":"Panacea","floor":25,"key":"SMITH"},{"floor":32,"key":"REST"}],"neow_cost":"NO_GOLD","seed_source_timestamp":320042715000440,"circlet_count":0,"master_deck":["Strike_R","Strike_R","Defend_R","Defend_R","Defend_R","Bash+1","Hemokinesis+1","Shrug It Off","Cleave","Iron Wave+1","Body Slam+1","Feed","Armaments+1","Iron Wave","Berserk","Panacea+1","Searing Blow+2","Ghostly Armor","Feed","Immolate","Battle Trance+1","Shockwave"],"relics":["Burning Blood","Kunai","Turnip","Medical Kit","Eternal Feather","Whetstone","Boot","Letter Opener","Runic Dome"],"potions_floor_usage":[7,12,16,28,30,30,33,37],"damage_taken":[{"damage":6,"enemies":"Jaw Worm","floor":1,"turns":5},{"damage":7,"enemies":"Cultist","floor":2,"turns":3},{"damage":3,"enemies":"2 Louse","floor":3,"turns":2},{"damage":35,"enemies":"Gremlin Gang","floor":4,"turns":7},{"damage":11,"enemies":"Red Slaver","floor":5,"turns":3},{"damage":15,"enemies":"3 Sentries","floor":7,"turns":7},{"damage":11,"enemies":"Exordium Thugs","floor":11,"turns":5},{"damage":15,"enemies":"Lagavulin","floor":12,"turns":6},{"damage":1,"enemies":"3 Louse","floor":14,"turns":3},{"damage":31,"enemies":"Slime Boss","floor":16,"turns":12},{"damage":9,"enemies":"Shell Parasite","floor":18,"turns":9},{"damage":11,"enemies":"2 Thieves","floor":20,"turns":4},{"damage":19,"enemies":"Centurion and Healer","floor":21,"turns":9},{"damage":11,"enemies":"Shelled Parasite and Fungi","floor":22,"turns":10},{"damage":13,"enemies":"Snake Plant","floor":24,"turns":3},{"damage":40,"enemies":"Gremlin Leader","floor":28,"turns":10},{"damage":3,"enemies":"Snecko","floor":29,"turns":8},{"damage":40,"enemies":"Book of Stabbing","floor":30,"turns":5},{"damage":60,"enemies":"Champ","floor":33,"turns":16},{"damage":24,"enemies":"Orb Walker","floor":35,"turns":3},{"damage":52,"enemies":"3 Darklings","floor":36,"turns":5},{"damage":10,"enemies":"2 Orb Walkers","floor":37,"turns":2}],"seed_played":"-2586819514066560916","potions_obtained":[{"floor":1,"key":"PowerPotion"},{"floor":7,"key":"Fire Potion"},{"floor":14,"key":"Weak Potion"},{"floor":18,"key":"Ancient Potion"},{"floor":20,"key":"Weak Potion"},{"floor":27,"key":"Fire Potion"},{"floor":29,"key":"Ancient Potion"},{"floor":36,"key":"EssenceOfSteel"}],"is_trial":false,"path_per_floor":["M","M","M","M","M","R","E","?","T","R","M","E","$","M","R","B",null,"M","$","M","M","M","R","M","R","T","?","E","M","E","$","R","B",null,"M","M","?"],"character_chosen":"IRONCLAD","items_purchased":["Medical Kit","Panacea"],"campfire_rested":1,"item_purchase_floors":[13,19],"current_hp_per_floor":[80,79,80,51,46,46,37,37,37,37,32,26,26,34,34,13,90,91,91,89,79,78,87,80,89,89,89,55,61,27,27,68,14,107,92,46,36],"gold":147,"neow_bonus":"REMOVE_TWO","is_prod":false,"is_daily":false,"chose_seed":false,"campfire_upgraded":5,"win_rate":0,"timestamp":1542557565,"path_taken":["M","M","M","M","M","R","E","?","T","R","M","E","$","?","R","BOSS","M","$","M","M","M","R","M","R","T","?","E","?","E","?","R","BOSS","M","M","?"],"build_version":"2018-11-15","purchased_purges":2,"victory":false,"max_hp_per_floor":[80,80,80,80,80,80,80,80,80,80,80,83,83,86,86,90,90,94,94,97,100,104,104,104,104,104,104,104,107,107,107,107,107,107,110,110,110],"card_choices":[{"not_picked":["Bloodletting","Thunderclap"],"picked":"Hemokinesis","floor":1},{"not_picked":["Perfected Strike","Disarm","Clash"],"picked":"SKIP","floor":2},{"not_picked":["Flame Barrier","Havoc"],"picked":"Shrug It Off","floor":3},{"not_picked":["Flex","Pummel"],"picked":"Cleave","floor":4},{"not_picked":["Armaments","Havoc"],"picked":"Iron Wave","floor":5},{"not_picked":["Flex","Sword Boomerang"],"picked":"Body Slam","floor":7},{"not_picked":["Headbutt","Thunderclap"],"picked":"Feed","floor":11},{"not_picked":["Disarm","Anger"],"picked":"Armaments","floor":12},{"not_picked":["Headbutt","Sever Soul"],"picked":"Iron Wave","floor":14},{"not_picked":["Impervious","Brutality"],"picked":"Berserk","floor":16},{"not_picked":["Clash","Flex","Anger"],"picked":"SKIP","floor":18},{"not_picked":["Anger","Iron Wave+1","Intimidate"],"picked":"SKIP","floor":20},{"not_picked":["Sword Boomerang","Dropkick+1","Anger"],"picked":"SKIP","floor":21},{"not_picked":["Bludgeon","Reckless Charge+1"],"picked":"Searing Blow+1","floor":22},{"not_picked":["Cleave+1","Body Slam"],"picked":"Ghostly Armor","floor":24},{"not_picked":["Rampage","Reaper","Burning Pact+1"],"picked":"SKIP","floor":28},{"not_picked":["Rampage","Reaper","Burning Pact+1"],"picked":"SKIP","floor":28},{"not_picked":["Heavy Blade","Cleave","Armaments"],"picked":"SKIP","floor":29},{"not_picked":["Havoc+1","Corruption"],"picked":"Feed","floor":30},{"not_picked":["Offering","Feed"],"picked":"Immolate","floor":33},{"not_picked":["Clash+1","Anger+1"],"picked":"Battle Trance+1","floor":35},{"not_picked":["Twin Strike","Headbutt"],"picked":"Shockwave","floor":36}],"player_experience":910332,"relics_obtained":[{"floor":7,"key":"Kunai"},{"floor":12,"key":"Turnip"},{"floor":26,"key":"Whetstone"},{"floor":28,"key":"Boot"},{"floor":30,"key":"Letter Opener"}],"event_choices":[{"damage_healed":0,"gold_gain":0,"player_choice":"0 cards matched","damage_taken":0,"max_hp_gain":0,"max_hp_loss":0,"event_name":"Match and Keep!","floor":8,"gold_loss":0,"cards_obtained":[]},{"damage_healed":0,"gold_gain":0,"player_choice":"Bought 1 Potion","damage_taken":0,"max_hp_gain":0,"max_hp_loss":0,"event_name":"The Woman in Blue","floor":27,"gold_loss":0},{"damage_healed":0,"gold_gain":0,"player_choice":"Fight","damage_taken":0,"max_hp_gain":0,"max_hp_loss":0,"event_name":"Mysterious Sphere","floor":37,"gold_loss":0}],"is_beta":false,"boss_relics":[{"not_picked":["Velvet Choker","Coffee Dripper"],"picked":"Eternal Feather"},{"not_picked":["Lizard Tail","Runic Pyramid"],"picked":"Runic Dome"}],"items_purged_floors":[19,31],"is_endless":false,"potions_floor_spawned":[1,7,14,18,20,29,36],"killed_by":"2 Orb Walkers","ascension_level":0}