{"gold_per_floor":[211,224,69,69,87,87,116,116,116,116,151,162,127,1,1,76,76,57,107,107,5,17,17,28,28,28,28,28,46,46,46,46,46],"floor_reached":33,"playtime":1166,"items_purged":["Strike_G"],"score":514,"play_id":"b111a5f6-fb23-489f-9e0a-7aafaec9cbc5","local_time":"20181021230125","is_ascension_mode":true,"campfire_choices":[{"data":"Noxious Fumes","floor":6.0,"key":"SMITH"},{"data":"Poisoned Stab","floor":8.0,"key":"SMITH"},{"data":"Footwork","floor":15.0,"key":"SMITH"},{"data":"Dagger Spray","floor":23.0,"key":"SMITH"},{"data":"Malaise","floor":25.0,"key":"SMITH"},{"data":"Well Laid Plans","floor":27.0,"key":"SMITH"},{"floor":32,"key":"REST"}],"neow_cost":"NONE","seed_source_timestamp":1045987298694235,"circlet_count":0,"master_deck":["Defend_G","Defend_G","Defend_G","Defend_G","Survivor","Neutralize","AscendersBane","Well Laid Plans+1","Leg Sweep","Noxious Fumes+1","Poisoned Stab+1","Backflip","Parasite","Dodge and Roll","Footwork+1","Malaise+1","Adrenaline+1","Quick Slash+1","Envenom+1","Flying Knee","Bite","Bite","Bite","Bite","Bite","Madness","Dagger Spray+1","Deflect","Terror+1"],"special_seed":0,"relics":["Ring of the Snake","Turnip","Bottled Tornado","Smiling Mask","Astrolabe","Mercury Hourglass","Nilry\u0027s Codex","NlothsMask"],"potions_floor_usage":[29],"damage_taken":[{"damage":1.0,"enemies":"2 Louse","floor":1.0,"turns":4.0},{"damage":0.0,"enemies":"Small Slimes","floor":2.0,"turns":5.0},{"damage":0.0,"enemies":"Jaw Worm","floor":5.0,"turns":5.0},{"damage":37.0,"enemies":"Gremlin Nob","floor":7.0,"turns":5.0},{"damage":20.0,"enemies":"Lagavulin","floor":11.0,"turns":7.0},{"damage":2.0,"enemies":"3 Louse","floor":12.0,"turns":3.0},{"damage":19.0,"enemies":"Slime Boss","floor":16.0,"turns":15.0},{"damage":18.0,"enemies":"2 Thieves","floor":18.0,"turns":5.0},{"damage":2.0,"enemies":"Chosen","floor":22.0,"turns":6.0},{"damage":12.0,"enemies":"Centurion and Healer","floor":24.0,"turns":8.0},{"damage":27,"enemies":"Snake Plant","floor":29,"turns":4},{"damage":25,"enemies":"Automaton","floor":33,"turns":4}],"seed_played":"6108204860987963617","potions_obtained":[{"floor":5.0,"key":"Energy Potion"},{"floor":7.0,"key":"Ancient Potion"},{"floor":22.0,"key":"AttackPotion"}],"is_trial":false,"path_per_floor":["M","M","$","?","M","R","E","R","T","?","E","M","?","$","R","B",null,"M","?","?","$","M","R","M","R","T","R","?","M","?","$","R"],"character_chosen":"THE_SILENT","items_purchased":["Noxious Fumes","Explosive Potion","Poisoned Stab","Footwork","Madness"],"campfire_rested":1,"item_purchase_floors":[3,3,3,14,21],"current_hp_per_floor":[58,58,58,58,58,58,21,21,21,37,17,15,31,31,31,12,53,35,35,35,35,45,45,46,46,46,46,25,6,6,6,19,0],"gold":46,"neow_bonus":"HUNDRED_GOLD","is_prod":false,"is_daily":false,"chose_seed":false,"campfire_upgraded":6,"win_rate":0,"timestamp":1540177285,"path_taken":["M","M","$","?","M","R","E","R","T","?","E","?","?","$","R","BOSS","M","?","?","$","M","R","?","R","T","R","?","?","?","$","R","BOSS"],"build_version":"2018-10-18","purchased_purges":1,"victory":false,"max_hp_per_floor":[66,66,66,66,66,66,66,66,66,66,66,66,66,66,66,66,66,66,66,46,46,46,46,46,46,46,46,46,46,46,46,46,46],"card_choices":[{"not_picked":["Outmaneuver","Setup"],"picked":"Well Laid Plans","floor":1.0},{"not_picked":["Acrobatics","Dagger Throw"],"picked":"Leg Sweep","floor":2.0},{"not_picked":["Masterful Stab","Infinite Blades"],"picked":"Backflip","floor":5.0},{"not_picked":["Finisher","Poisoned Stab","Flying Knee"],"picked":"SKIP","floor":7.0},{"not_picked":["Flying Knee","Envenom"],"picked":"Dodge and Roll","floor":11.0},{"not_picked":["Quick Slash","Finisher","Choke"],"picked":"SKIP","floor":12.0},{"not_picked":["Doppelganger","Storm of Steel"],"picked":"Malaise","floor":16.0},{"not_picked":["Prepared","Predator"],"picked":"Flying Knee","floor":18.0},{"not_picked":["Reflex","Masterful Stab"],"picked":"Dagger Spray","floor":22.0},{"not_picked":["Sucker Punch","Dagger Spray"],"picked":"Deflect","floor":24.0},{"not_picked":["PiercingWail","Calculated Gamble"],"picked":"Terror+1","floor":29}],"player_experience":793809,"relics_obtained":[{"floor":7.0,"key":"Turnip"},{"floor":9.0,"key":"Bottled Tornado"},{"floor":11.0,"key":"Smiling Mask"},{"floor":26.0,"key":"Mercury Hourglass"},{"floor":28.0,"key":"Nilry\u0027s Codex"}],"event_choices":[{"damage_healed":0.0,"max_hp_gain":0.0,"max_hp_loss":0.0,"gold_gain":0.0,"event_name":"Liars Game","player_choice":"Ignored","floor":4.0,"gold_loss":0.0,"damage_taken":0.0},{"damage_healed":16.0,"max_hp_gain":0.0,"max_hp_loss":0.0,"gold_gain":0.0,"event_name":"Mushrooms","player_choice":"Healed and dodged fight","floor":10.0,"gold_loss":0.0,"damage_taken":0.0,"cards_obtained":["Parasite"]},{"damage_healed":16.0,"max_hp_gain":0.0,"max_hp_loss":0.0,"gold_gain":0.0,"event_name":"The Cleric","player_choice":"Healed","floor":13.0,"gold_loss":35.0,"damage_taken":0.0},{"damage_healed":0.0,"max_hp_gain":0.0,"max_hp_loss":0.0,"gold_gain":50.0,"event_name":"Nest","player_choice":"Stole From Cult","floor":19.0,"gold_loss":0.0,"damage_taken":0.0},{"damage_healed":0.0,"max_hp_gain":0.0,"max_hp_loss":20.0,"gold_gain":0.0,"event_name":"Vampires","player_choice":"Became a vampire","floor":20.0,"gold_loss":0.0,"damage_taken":0.0,"cards_obtained":["Bite","Bite","Bite","Bite","Bite"]},{"damage_healed":0.0,"max_hp_gain":0.0,"max_hp_loss":0.0,"gold_gain":0.0,"event_name":"Cursed Tome","player_choice":"Obtained Book","floor":28.0,"gold_loss":0.0,"damage_taken":21.0},{"damage_healed":0,"gold_gain":0,"player_choice":"Trade","damage_taken":0,"relics_obtained":["NlothsMask"],"max_hp_gain":0,"max_hp_loss":0,"event_name":"FaceTrader","floor":30,"gold_loss":0}],"is_beta":false,"boss_relics":[{"not_picked":["Coffee Dripper","WristBlade"],"picked":"Astrolabe"}],"items_purged_floors":[14],"is_endless":false,"potions_floor_spawned":[5,7,22],"killed_by":"Automaton","ascension_level":19}