{"path_per_floor":["M","M","M","M","$","R","?","E","T","R","M","R","$","E","R","B",null,"M","?","T","M","M","R","$","M","T","E","?","?","$","M","R"],"character_chosen":"IRONCLAD","items_purchased":["Ghostly Armor"],"gold_per_floor":[111,128,146,163,88,88,88,127,127,127,151,151,51,91,91,217,255,271,196,196,174,187,187,119,133,133,174,174,174,49,64,64],"floor_reached":33,"campfire_rested":2,"playtime":1816,"current_hp_per_floor":[80,78,77,65,65,65,45,31,31,55,56,80,80,59,59,49,85,67,67,67,64,57,57,57,31,31,39,39,39,39,38,38],"items_purged":["Strike_R","Strike_R","Thunderclap"],"gold":64,"score":330,"play_id":"9510f6c9-6311-44d3-b186-f06e6a8208ff","is_prod":false,"is_daily":false,"is_ascension_mode":true,"campfire_upgraded":1,"path_taken":["M","M","M","M","$","R","?","E","T","R","M","R","$","E","R","BOSS","M","?","?","M","?","R","$","M","T","E","?","?","$","M","R","BOSS"],"build_version":"2018-02-15-PROD1","purchased_purges":3,"victory":false,"master_deck":["Defend_R","Defend_R","Defend_R","Defend_R","Bash","Reckless Charge","Body Slam+1","Armaments+1","Shrug It Off","Flame Barrier","Offering","Shrug It Off","Searing Blow+1","Ghostly Armor","Dual Wield"],"max_hp_per_floor":[80,80,80,80,80,80,80,80,80,80,80,80,80,80,80,80,85,85,85,85,85,85,85,85,85,85,92,92,92,92,92,92],"relics":["Burning Blood","Golden Idol","Kunai","Calipers","Peace Pipe","Tiny House","Du-Vu Doll","Shovel","Strawberry","Shuriken"],"card_choices":[{"not_picked":["Twin Strike","Perfected Strike"],"picked":"Thunderclap"},{"not_picked":["Armaments","Clash"],"picked":"Body Slam"},{"not_picked":["Feed","Sword Boomerang"],"picked":"Armaments"},{"not_picked":["Sever Soul","Combust"],"picked":"Shrug It Off"},{"not_picked":["Pommel Strike","Carnage"],"picked":"Rampage"},{"not_picked":["Combust","Warcry"],"picked":"Flame Barrier"},{"not_picked":["Bludgeon","Dark Embrace"],"picked":"Offering"},{"not_picked":["Iron Wave","Anger"],"picked":"Shrug It Off"},{"not_picked":["Rampage","Perfected Strike"],"picked":"Searing Blow"},{"not_picked":["Combust","True Grit"],"picked":"Dual Wield"}],"player_experience":159008,"potions_floor_usage":[8,18,18,22,27,33,33],"damage_taken":[{"damage":1,"enemies":"Cultist","floor":1,"turns":3},{"damage":8,"enemies":"2 Louse","floor":2,"turns":2},{"damage":7,"enemies":"Jaw Worm","floor":3,"turns":3},{"damage":18,"enemies":"Large Slime","floor":4,"turns":6},{"damage":20,"enemies":"Lagavulin","floor":8,"turns":8},{"damage":5,"enemies":"3 Louse","floor":11,"turns":4},{"damage":27,"enemies":"3 Sentries","floor":14,"turns":10},{"damage":16,"enemies":"Slime Boss","floor":16,"turns":12},{"damage":24,"enemies":"Spheric Guardian","floor":18,"turns":6},{"damage":9,"enemies":"2 Thieves","floor":21,"turns":5},{"damage":28,"enemies":"Centurion and Healer","floor":22,"turns":9},{"damage":32,"enemies":"Chosen and Byrds","floor":25,"turns":11},{"damage":5,"enemies":"Book of Stabbing","floor":27,"turns":4},{"damage":7,"enemies":"Snake Plant","floor":31,"turns":3},{"damage":55,"enemies":"Collector","floor":33,"turns":5}],"event_choices":[{"event_name":"Golden Idol","player_choice":"Take Damage","floor":7,"damage_taken":0},{"event_name":"Beggar","player_choice":"Gave Gold","floor":19,"damage_taken":0},{"event_name":"Drug Dealer","player_choice":"Ignored","floor":28,"damage_taken":0},{"event_name":"The Lab","player_choice":"Got Potions","floor":29,"damage_taken":0}],"boss_relics":[{"not_picked":["Orrery","Question Card"],"picked":"Tiny House"}],"potions_floor_spawned":[3,11,14,16,18,31],"seed_played":"9022850575044751839","killed_by":"Collector","ascension_level":4,"is_trial":false}