{"gold_per_floor":[111,129,129,145,320,349,349,377,377,392,154,154,169,244,244,341,341,358,358,112,129,141,141],"floor_reached":23,"playtime":1086,"items_purged":["Doubt","Strike_B"],"score":281,"play_id":"13a48c0c-35e0-4307-a7b2-d396f8bfc72f","local_time":"20190127180734","is_ascension_mode":true,"campfire_choices":[{"data":"White Noise","floor":7,"key":"SMITH"},{"floor":15,"key":"REST"}],"neow_cost":"NONE","seed_source_timestamp":866240408590190,"circlet_count":0,"master_deck":["Strike_B","Strike_B","Strike_B","Defend_B","Defend_B","Defend_B","Defend_B","Zap+1","Dualcast+1","Coolheaded","Self Repair","Steam+1","White Noise+1","Glacier","Electrodynamics","Sweeping Beam","Bandage Up","Ball Lightning","Multi-Cast","Redo","Conserve Battery","Cold Snap"],"relics":["Nuclear Battery","Potion Belt","Kunai","Vajra","Inserter","Happy Flower","War Paint"],"potions_floor_usage":[6,8,16],"damage_taken":[{"damage":0,"enemies":"Jaw Worm","floor":1,"turns":5},{"damage":0,"enemies":"Cultist","floor":2,"turns":4},{"damage":2,"enemies":"Small Slimes","floor":4,"turns":5},{"damage":23,"enemies":"Gremlin Nob","floor":6,"turns":5},{"damage":22,"enemies":"3 Sentries","floor":8,"turns":12},{"damage":8,"enemies":"Looter","floor":10,"turns":5},{"damage":5,"enemies":"Red Slaver","floor":13,"turns":3},{"damage":40,"enemies":"Hexaghost","floor":16,"turns":10},{"damage":16,"enemies":"Spheric Guardian","floor":18,"turns":7},{"damage":9,"enemies":"Chosen","floor":21,"turns":6},{"damage":9,"enemies":"Centurion and Healer","floor":22,"turns":8},{"damage":74,"enemies":"Gremlin Leader","floor":23,"turns":8}],"seed_played":"-4264701728012640948","potions_obtained":[{"floor":4,"key":"PowerPotion"},{"floor":6,"key":"SteroidPotion"},{"floor":10,"key":"PowerPotion"},{"floor":18,"key":"SpeedPotion"},{"floor":22,"key":"Energy Potion"}],"is_trial":false,"path_per_floor":["M","M","?","M","?","E","R","E","T","M","$","?","M","?","R","B",null,"M","?","$","M","M","E"],"character_chosen":"DEFECT","items_purchased":["Electrodynamics","Sweeping Beam","War Paint"],"campfire_rested":1,"item_purchase_floors":[11,11,20],"current_hp_per_floor":[68,68,68,73,73,57,57,42,42,41,41,41,43,32,54,25,63,58,58,58,60,62,0],"gold":141,"neow_bonus":"BOSS_RELIC","is_prod":false,"is_daily":false,"chose_seed":false,"campfire_upgraded":1,"win_rate":0,"timestamp":1548630454,"path_taken":["M","M","?","?","?","E","R","E","T","M","$","?","?","?","R","BOSS","M","?","$","M","?","E"],"build_version":"2019-01-23","purchased_purges":2,"victory":false,"max_hp_per_floor":[75,75,75,75,75,75,75,75,75,75,75,75,75,75,75,75,75,75,75,75,75,75,75],"card_choices":[{"not_picked":["Beam Cell","Reinforced Body"],"picked":"Coolheaded","floor":1},{"not_picked":["Leap","Steam"],"picked":"Self Repair","floor":2},{"not_picked":["Coolheaded","Gash"],"picked":"Steam","floor":4},{"not_picked":["Aggregate","Double Energy"],"picked":"White Noise","floor":6},{"not_picked":["Gash","Consume"],"picked":"Glacier","floor":8},{"not_picked":["Force Field","Streamline","Heatsinks"],"picked":"SKIP","floor":10},{"not_picked":["Hologram","Steam"],"picked":"Ball Lightning","floor":13},{"not_picked":["Rainbow","Thunder Strike"],"picked":"Multi-Cast","floor":16},{"not_picked":["Force Field","Rebound"],"picked":"Redo","floor":18},{"not_picked":["Gash","Barrage"],"picked":"Conserve Battery","floor":21},{"not_picked":["Beam Cell+1","Tempest"],"picked":"Cold Snap","floor":22}],"player_experience":228251,"relics_obtained":[{"floor":6,"key":"Potion Belt"},{"floor":8,"key":"Kunai"},{"floor":9,"key":"Vajra"}],"event_choices":[{"damage_healed":0,"gold_gain":0,"player_choice":"Forge","damage_taken":0,"max_hp_gain":0,"max_hp_loss":0,"event_name":"Accursed Blacksmith","floor":3,"gold_loss":0,"cards_upgraded":["Zap"]},{"damage_healed":0,"gold_gain":175,"player_choice":"AGREE","damage_taken":0,"max_hp_gain":0,"max_hp_loss":0,"event_name":"Liars Game","floor":5,"gold_loss":0,"cards_obtained":["Doubt"]},{"damage_healed":0,"gold_gain":0,"player_choice":"1 cards matched","damage_taken":0,"max_hp_gain":0,"max_hp_loss":0,"event_name":"Match and Keep!","floor":12,"gold_loss":0,"cards_obtained":["Bandage Up"]},{"damage_healed":0,"gold_gain":75,"player_choice":"Gather Gold","damage_taken":11,"max_hp_gain":0,"max_hp_loss":0,"event_name":"World of Goop","floor":14,"gold_loss":0},{"damage_healed":0,"gold_gain":0,"player_choice":"Gave Potion","damage_taken":0,"relics_obtained":["Happy Flower"],"max_hp_gain":0,"max_hp_loss":0,"event_name":"WeMeetAgain","floor":19,"gold_loss":0}],"is_beta":false,"boss_relics":[{"not_picked":["Cursed Key","Eternal Feather"],"picked":"Inserter"}],"items_purged_floors":[11,20],"is_endless":false,"potions_floor_spawned":[4,6,10,18,22],"killed_by":"Gremlin Leader","ascension_level":8}