{"gold_per_floor":[11,29,46,57,3,3,30,30,82,94,156,168],"floor_reached":12,"playtime":451,"items_purged":[],"score":176,"play_id":"d8a3c9b5-e95d-4458-877b-72662129a832","local_time":"20181031170641","is_ascension_mode":true,"campfire_choices":[{"data":"True Grit","floor":6,"key":"SMITH"},{"floor":8,"key":"REST"}],"neow_cost":"NO_GOLD","seed_source_timestamp":1889488297886894,"circlet_count":0,"master_deck":["Strike_R","Strike_R","Strike_R","Strike_R","Defend_R","Defend_R","Defend_R","Bash","AscendersBane","Iron Wave","Body Slam","Hemokinesis","Spot Weakness","True Grit+1","Clothesline"],"relics":["Burning Blood","Mummified Hand","MawBank"],"potions_floor_usage":[10],"damage_taken":[{"damage":9,"enemies":"2 Louse","floor":1,"turns":3},{"damage":2,"enemies":"Cultist","floor":2,"turns":4},{"damage":9,"enemies":"Jaw Worm","floor":3,"turns":3},{"damage":23,"enemies":"Red Slaver","floor":4,"turns":4},{"damage":46,"enemies":"Lagavulin","floor":7,"turns":9},{"damage":28,"enemies":"3 Sentries","floor":10,"turns":5},{"damage":2,"enemies":"Exordium Wildlife","floor":12,"turns":2}],"seed_played":"7465749410969764664","potions_obtained":[{"floor":2,"key":"SmokeBomb"}],"is_trial":false,"path_per_floor":["M","M","M","M","$","R","E","R","T","E","?"],"character_chosen":"IRONCLAD","items_purchased":["True Grit"],"campfire_rested":1,"item_purchase_floors":[5],"current_hp_per_floor":[65,69,66,49,49,49,9,31,31,9,9,7],"gold":168,"neow_bonus":"REMOVE_TWO","is_prod":false,"is_daily":false,"chose_seed":false,"campfire_upgraded":1,"win_rate":0,"timestamp":1541020001,"path_taken":["M","M","M","M","$","R","E","R","T","E","?","M"],"build_version":"2018-10-25v2","purchased_purges":0,"victory":false,"max_hp_per_floor":[75,75,75,75,75,75,75,75,75,75,75,75],"card_choices":[{"not_picked":["Clash","Sword Boomerang"],"picked":"Iron Wave","floor":1},{"not_picked":["Rupture","Heavy Blade"],"picked":"Body Slam","floor":2},{"not_picked":["Flex","Sever Soul"],"picked":"Hemokinesis","floor":3},{"not_picked":["Ghostly Armor","Battle Trance"],"picked":"Spot Weakness","floor":4},{"not_picked":["Impervious","Cleave"],"picked":"Clothesline","floor":7}],"player_experience":873949,"relics_obtained":[{"floor":7,"key":"Mummified Hand"},{"floor":9,"key":"MawBank"}],"event_choices":[{"damage_healed":0,"gold_gain":100,"player_choice":"Pray","damage_taken":0,"max_hp_gain":0,"max_hp_loss":0,"event_name":"Golden Shrine","floor":11,"gold_loss":0}],"is_beta":false,"boss_relics":[],"items_purged_floors":[],"is_endless":false,"potions_floor_spawned":[2,10],"killed_by":"Exordium Wildlife","ascension_level":20}