{"gold_per_floor":[109,129,129,129,129,129,129,129,153,171,185,224,240,260,260,260],"floor_reached":16,"playtime":374,"items_purged":[],"score":173,"play_id":"ba5ac915-6efb-4a33-8c0b-5f394b173b37","local_time":"20190224095633","is_ascension_mode":true,"campfire_choices":[{"data":"Dualcast","floor":6,"key":"SMITH"},{"data":"Go for the Eyes","floor":8,"key":"SMITH"},{"data":"Hologram","floor":15,"key":"SMITH"}],"neow_cost":"NONE","seed_source_timestamp":985004292596309,"circlet_count":0,"master_deck":["AscendersBane","Strike_B","Strike_B","Strike_B","Strike_B","Defend_B+1","Defend_B","Defend_B","Defend_B","Zap+1","Dualcast+1","Cold Snap","Go for the Eyes+1","Steam","Cold Snap","Steam","Hologram+1","Beam Cell"],"relics":["Cracked Core","NeowsBlessing","Golden Idol","Sundial","CultistMask","Oddly Smooth Stone","Bag of Marbles"],"potions_floor_usage":[],"damage_taken":[{"damage":0,"enemies":"Small Slimes","floor":1,"turns":1},{"damage":0,"enemies":"Jaw Worm","floor":2,"turns":1},{"damage":0,"enemies":"Cultist","floor":10,"turns":1},{"damage":3,"enemies":"Blue Slaver","floor":11,"turns":3},{"damage":10,"enemies":"Lagavulin","floor":12,"turns":7},{"damage":7,"enemies":"Exordium Wildlife","floor":13,"turns":4},{"damage":12,"enemies":"Exordium Thugs","floor":14,"turns":4},{"damage":19,"enemies":"Hexaghost","floor":16,"turns":11}],"seed_played":"6193524211434494649","potions_obtained":[{"floor":1,"key":"Explosive Potion"},{"floor":2,"key":"Ancient Potion"}],"is_trial":false,"path_per_floor":["M","M","?","?","T","R","?","R","T","M","M","E","M","M","R","B"],"character_chosen":"DEFECT","items_purchased":[],"campfire_rested":0,"item_purchase_floors":[],"current_hp_per_floor":[64,64,50,50,50,50,50,50,50,50,47,37,30,18,18,0],"gold":260,"neow_bonus":"THREE_ENEMY_KILL","is_prod":false,"is_daily":false,"chose_seed":false,"campfire_upgraded":3,"win_rate":0,"timestamp":1551020193,"path_taken":["M","M","?","?","?","R","?","R","T","M","M","E","?","M","R","BOSS"],"build_version":"2019-01-23","purchased_purges":0,"victory":false,"max_hp_per_floor":[71,71,71,66,66,66,66,66,66,66,66,66,66,66,66,66],"card_choices":[{"not_picked":["Auto Shields","Aggregate"],"picked":"Cold Snap","floor":1},{"not_picked":["Barrage","Beam Cell"],"picked":"Go for the Eyes","floor":2},{"not_picked":["Scrape","Coolheaded"],"picked":"Steam","floor":10},{"not_picked":["Coolheaded","Recycle"],"picked":"Cold Snap","floor":11},{"not_picked":["Auto Shields","Steam Power"],"picked":"Steam","floor":12},{"not_picked":["Skim","Streamline"],"picked":"Hologram","floor":13},{"not_picked":["Barrage","Aggregate"],"picked":"Beam Cell","floor":14}],"player_experience":359269,"relics_obtained":[{"floor":5,"key":"Sundial"},{"floor":9,"key":"Oddly Smooth Stone"},{"floor":12,"key":"Bag of Marbles"}],"event_choices":[{"damage_healed":0,"gold_gain":0,"player_choice":"Entered Light","damage_taken":14,"max_hp_gain":0,"max_hp_loss":0,"event_name":"Shining Light","floor":3,"gold_loss":0,"cards_upgraded":["Defend_B","Zap"]},{"damage_healed":0,"gold_gain":0,"player_choice":"Lose Max HP","damage_taken":0,"relics_obtained":["Golden Idol"],"max_hp_gain":0,"max_hp_loss":5,"event_name":"Golden Idol","floor":4,"gold_loss":0},{"damage_healed":0,"gold_gain":0,"player_choice":"Trade","damage_taken":0,"relics_obtained":["CultistMask"],"max_hp_gain":0,"max_hp_loss":0,"event_name":"FaceTrader","floor":7,"gold_loss":0}],"is_beta":false,"boss_relics":[],"items_purged_floors":[],"is_endless":false,"potions_floor_spawned":[1,2,10,14],"killed_by":"Hexaghost","ascension_level":14}