{"gold_per_floor":[115,133,233,253,273,273,307,324,324,350,350,368,241,241,241,344,344,358,378,477,392,409,409,438,438,438,450,526,549,561,598,610,622],"floor_reached":33,"playtime":1871,"items_purged":["Strike_G"],"score":543,"play_id":"c7adf9db-7933-4e09-9d9f-a3e8356695a0","local_time":"20190218111801","is_ascension_mode":true,"campfire_choices":[{"data":"Noxious Fumes","floor":6,"key":"SMITH"},{"floor":11,"key":"REST"},{"floor":15,"key":"REST"},{"data":"Concentrate","floor":23,"key":"SMITH"},{"floor":27,"key":"REST"},{"data":"Envenom","floor":30,"key":"SMITH"},{"data":"Cloak And Dagger","floor":32,"key":"SMITH"}],"neow_cost":"NONE","seed_source_timestamp":469991441621214,"circlet_count":0,"master_deck":["Defend_G","Defend_G","Defend_G","Defend_G","Defend_G","Strike_G","Survivor","Neutralize","Quick Slash+1","Eviscerate+1","Expertise+1","Noxious Fumes+1","Backstab","Deadly Poison","Concentrate+1","Backflip","Dagger Spray","Sucker Punch","Cloak And Dagger+1","Backflip","Envenom+1","Deflect+1","Calculated Gamble+1","Backflip+1","Dodge and Roll+1","Ghostly+1","Ghostly+1","Ghostly+1","Ghostly+1","Ghostly+1","Infinite Blades+1","Backflip+1","Die Die Die"],"relics":["Astrolabe","Bag of Preparation","Gremlin Horn","Question Card","Toxic Egg 2","WristBlade","Unceasing Top","Ornamental Fan","MawBank","Tiny Chest","StoneCalendar"],"potions_floor_usage":[10,16,31,33,33],"damage_taken":[{"damage":4,"enemies":"Small Slimes","floor":1,"turns":4},{"damage":0,"enemies":"Cultist","floor":2,"turns":4},{"damage":0,"enemies":"2 Louse","floor":4,"turns":3},{"damage":1,"enemies":"Looter","floor":5,"turns":4},{"damage":24,"enemies":"3 Sentries","floor":7,"turns":9},{"damage":0,"enemies":"3 Louse","floor":8,"turns":3},{"damage":8,"enemies":"Gremlin Nob","floor":10,"turns":3},{"damage":0,"enemies":"Large Slime","floor":12,"turns":3},{"damage":19,"enemies":"Hexaghost","floor":16,"turns":8},{"damage":10,"enemies":"Shell Parasite","floor":18,"turns":6},{"damage":7,"enemies":"Chosen","floor":19,"turns":4},{"damage":8,"enemies":"3 Cultists","floor":22,"turns":8},{"damage":29,"enemies":"Gremlin Leader","floor":24,"turns":8},{"damage":0,"enemies":"Slavers","floor":28,"turns":7},{"damage":4,"enemies":"Sentry and Sphere","floor":29,"turns":8},{"damage":1,"enemies":"Book of Stabbing","floor":31,"turns":7},{"damage":30,"enemies":"Champ","floor":33,"turns":14}],"seed_played":"-7906049809763289938","potions_obtained":[{"floor":4,"key":"Dexterity Potion"},{"floor":8,"key":"Swift Potion"},{"floor":10,"key":"Fire Potion"},{"floor":12,"key":"Poison Potion"},{"floor":24,"key":"Energy Potion"}],"is_trial":false,"path_per_floor":["M","M","?","M","M","R","E","M","T","E","R","M","$","?","R","B",null,"M","M","?","?","M","R","E","?","T","R","E","M","R","E","R","B"],"character_chosen":"THE_SILENT","items_purchased":["Backflip"],"campfire_rested":3,"item_purchase_floors":[13],"current_hp_per_floor":[59,59,59,59,58,58,34,34,34,26,47,47,47,29,50,31,60,50,43,43,43,35,35,6,6,6,16,16,12,12,11,11,0],"gold":622,"neow_bonus":"BOSS_RELIC","is_prod":false,"is_daily":false,"chose_seed":false,"campfire_upgraded":4,"win_rate":0,"timestamp":1550506681,"path_taken":["M","M","?","?","M","R","E","M","T","E","R","M","$","?","R","BOSS","M","M","?","?","M","R","E","?","T","R","E","M","R","E","R","BOSS"],"build_version":"2019-01-23","purchased_purges":1,"victory":false,"max_hp_per_floor":[70,70,70,70,70,70,70,70,70,70,70,70,70,70,70,70,70,70,70,70,70,70,70,70,35,35,35,35,35,35,35,35,35],"card_choices":[{"not_picked":["Outmaneuver","Predator"],"picked":"Noxious Fumes","floor":1},{"not_picked":["Dagger Throw","Flying Knee"],"picked":"Backstab","floor":2},{"not_picked":["Dodge and Roll","Deflect"],"picked":"Deadly Poison","floor":4},{"not_picked":["Slice","Outmaneuver"],"picked":"Concentrate","floor":5},{"not_picked":["A Thousand Cuts","Skewer"],"picked":"Backflip","floor":7},{"not_picked":["Infinite Blades","Acrobatics"],"picked":"Dagger Spray","floor":8},{"not_picked":["Storm of Steel","Underhanded Strike"],"picked":"Sucker Punch","floor":10},{"not_picked":["Leg Sweep","Expertise","Blade Dance"],"picked":"Cloak And Dagger","floor":12},{"not_picked":["Grand Finale","After Image","Storm of Steel+1"],"picked":"Envenom","floor":16},{"not_picked":["Dagger Throw","Leg Sweep+1","Bane"],"picked":"Deflect+1","floor":18},{"not_picked":["Prepared+1","Deadly Poison+1","Skewer"],"picked":"Calculated Gamble+1","floor":19},{"not_picked":["Dodge and Roll+1","Outmaneuver+1","Underhanded Strike"],"picked":"Backflip+1","floor":22},{"not_picked":["Predator","Bane","Expertise+1"],"picked":"Dodge and Roll+1","floor":24},{"not_picked":["Die Die Die","Underhanded Strike","Expertise+1"],"picked":"Infinite Blades+1","floor":28},{"not_picked":["Blur+1","Bane+1","Acrobatics+1"],"picked":"Backflip+1","floor":29},{"not_picked":["Outmaneuver+1","Leg Sweep+1","Footwork+1"],"picked":"Die Die Die","floor":31}],"player_experience":303705,"relics_obtained":[{"floor":7,"key":"Bag of Preparation"},{"floor":9,"key":"Gremlin Horn"},{"floor":10,"key":"Question Card"},{"floor":24,"key":"Ornamental Fan"},{"floor":26,"key":"MawBank"},{"floor":28,"key":"Tiny Chest"},{"floor":31,"key":"StoneCalendar"}],"event_choices":[{"damage_healed":0,"gold_gain":100,"player_choice":"Pray","damage_taken":0,"max_hp_gain":0,"max_hp_loss":0,"event_name":"Golden Shrine","floor":3,"gold_loss":0},{"damage_healed":0,"gold_gain":0,"player_choice":"Success","damage_taken":18,"relics_obtained":["Toxic Egg 2"],"max_hp_gain":0,"max_hp_loss":0,"event_name":"Scrap Ooze","floor":14,"gold_loss":0},{"damage_healed":0,"gold_gain":99,"player_choice":"Stole From Cult","damage_taken":0,"max_hp_gain":0,"max_hp_loss":0,"event_name":"Nest","floor":20,"gold_loss":0},{"damage_healed":0,"gold_gain":0,"player_choice":"Obtained Relic","damage_taken":0,"relics_obtained":["Unceasing Top"],"max_hp_gain":0,"max_hp_loss":0,"event_name":"Addict","floor":21,"gold_loss":85},{"damage_healed":0,"gold_gain":0,"player_choice":"Became a Ghost","damage_taken":0,"max_hp_gain":0,"max_hp_loss":35,"event_name":"Ghosts","floor":25,"gold_loss":0,"cards_obtained":["Ghostly","Ghostly","Ghostly","Ghostly","Ghostly"]}],"is_beta":false,"boss_relics":[{"not_picked":["Empty Cage","Sozu"],"picked":"WristBlade"}],"items_purged_floors":[13],"is_endless":false,"potions_floor_spawned":[4,8,10,12,24,28,29],"killed_by":"Champ","ascension_level":9}