{"gold_per_floor":[144,144,194,239,239,239,329,329,329,374,419,78,103,193,193,493,493,538,453,168,213,258,348,393,483,483,528,528,528,103,148,148,448,448,493,518,563,563,18,120,177,189,201,303,360,375,387,444,456,468],"floor_reached":51,"playtime":2152,"items_purged":["Strike_G","Strike_G","Writhe","Defend_G"],"score":1105,"play_id":"761c1298-0fbd-4e1e-85d0-ae0ed1b372ed","local_time":"20180721234400","daily_mods":["Allstar","Midas","Lethality"],"is_ascension_mode":false,"campfire_choices":[{"floor":6,"key":"REST"},{"floor":8,"key":"REST"},{"floor":15,"key":"REST"},{"floor":32,"key":"REST"},{"floor":42,"key":"REST"},{"floor":47,"key":"DIG"},{"floor":49,"key":"DIG"}],"neow_cost":"","seed_source_timestamp":0,"circlet_count":0,"master_deck":["Defend_G","Defend_G","Defend_G","Defend_G","Strike_G","Strike_G","Strike_G","Survivor","Neutralize","Secret Technique","Secret Weapon","Apotheosis+1","Finesse","Secret Weapon","Dodge and Roll","Good Instincts","Adrenaline","Blur","All Out Attack","Dagger Spray","Infinite Blades","Adrenaline","Venomology","Accuracy","Well Laid Plans","Terror+1","Backstab","Backstab","Deflect+1","Escape Plan","Glass Knife","Acrobatics+1","Dagger Throw+1","Panache","Flash of Steel","Prepared","Cloak And Dagger+1","Phantasmal Killer","Calculated Gamble+1","Reflex+1","Calculated Gamble+1"],"special_seed":17734,"relics":["Ring of the Snake","Pen Nib","Blood Vial","Bronze Scales","Juzu Bracelet","Omamori","Dream Catcher","Calling Bell","Regal Pillow","Ninja Scroll","Tough Bandages","Letter Opener","Potion Belt","Bag of Preparation","Bag of Marbles","Boot","Calipers","Black Star","Oddly Smooth Stone","Toy Ornithopter","MawBank","Pear","Mummified Hand","Question Card","Orichalcum","Happy Flower","Shovel","Bottled Tornado","Molten Egg 2"],"potions_floor_usage":[16,21,23,24,25,25,25,33,33,33,33,33,35,37,46,50,50,50,50,50,50],"damage_taken":[{"damage":0,"enemies":"Jaw Worm","floor":1,"turns":2},{"damage":5,"enemies":"2 Louse","floor":4,"turns":2},{"damage":6,"enemies":"Lagavulin","floor":7,"turns":6},{"damage":0,"enemies":"Cultist","floor":10,"turns":2},{"damage":0,"enemies":"2 Fungi Beasts","floor":11,"turns":3},{"damage":0,"enemies":"3 Sentries","floor":14,"turns":2},{"damage":0,"enemies":"The Guardian","floor":16,"turns":10},{"damage":0,"enemies":"Shell Parasite","floor":18,"turns":3},{"damage":0,"enemies":"3 Byrds","floor":21,"turns":2},{"damage":0,"enemies":"3 Cultists","floor":22,"turns":2},{"damage":0,"enemies":"Gremlin Leader","floor":23,"turns":3},{"damage":8,"enemies":"Centurion and Healer","floor":24,"turns":3},{"damage":10,"enemies":"Book of Stabbing","floor":25,"turns":4},{"damage":0,"enemies":"Snecko","floor":27,"turns":1},{"damage":0,"enemies":"Slaver and Parasite","floor":31,"turns":1},{"damage":0,"enemies":"Automaton","floor":33,"turns":7},{"damage":0,"enemies":"3 Darklings","floor":35,"turns":2},{"damage":15,"enemies":"3 Shapes","floor":37,"turns":1},{"damage":0,"enemies":"2 Orb Walkers","floor":40,"turns":1},{"damage":0,"enemies":"Spire Growth","floor":41,"turns":1},{"damage":0,"enemies":"Nemesis","floor":44,"turns":1},{"damage":13,"enemies":"Maw","floor":45,"turns":5},{"damage":0,"floor":46,"turns":2},{"damage":0,"enemies":"4 Shapes","floor":48,"turns":1},{"damage":11,"enemies":"Donu and Deca","floor":50,"turns":5}],"seed_played":"-8213505433300872967","potions_obtained":[{"floor":4,"key":"Weak Potion"},{"floor":7,"key":"SkillPotion"},{"floor":14,"key":"Swift Potion"},{"floor":21,"key":"Regen Potion"},{"floor":24,"key":"SneckoOil"},{"floor":25,"key":"Swift Potion"},{"floor":31,"key":"Block Potion"},{"floor":33,"key":"Dexterity Potion"},{"floor":35,"key":"Explosive Potion"},{"floor":37,"key":"Strength Potion"},{"floor":45,"key":"GhostInAJar"},{"floor":46,"key":"Swift Potion"}],"is_trial":false,"path_per_floor":["M","?","T","M","?","R","E","R","T","M","M","$","T","E","R","B",null,"M","?","$","M","M","E","M","E","T","M","?","?","$","M","R","B",null,"M","T","M","?","$","E","M","R","T","E","M","?","R","M","R","B"],"character_chosen":"THE_SILENT","items_purchased":["Dagger Spray","Infinite Blades","Juzu Bracelet","Well Laid Plans","Potion Belt","Calipers","Prepared","Toy Ornithopter","MawBank"],"campfire_rested":5,"item_purchase_floors":[12,12,12,20,20,30,39,39,39],"current_hp_per_floor":[70,70,70,65,65,70,64,70,70,70,70,70,70,70,70,70,70,70,70,70,70,70,70,62,66,66,68,68,55,55,57,75,75,75,75,75,60,55,55,67,69,85,85,85,72,77,77,79,79,74],"gold":480,"neow_bonus":"","is_prod":false,"is_daily":true,"chose_seed":false,"campfire_upgraded":0,"win_rate":0,"timestamp":1532231040,"path_taken":["M","?","?","?","?","R","E","R","T","M","M","$","?","E","R","BOSS","M","?","$","M","M","E","M","E","T","M","?","?","$","M","R","BOSS","M","?","M","?","$","E","M","R","T","E","M","?","R","M","R","BOSS"],"build_version":"2018-07-19v2","purchased_purges":4,"victory":true,"max_hp_per_floor":[70,70,70,70,70,70,70,70,70,70,70,70,70,70,70,70,70,70,70,70,70,70,70,70,70,70,70,70,75,75,75,75,75,75,75,75,75,75,75,85,85,85,85,85,85,85,85,85,85,85],"card_choices":[{"not_picked":["Dagger Throw","Catalyst"],"picked":"Dodge and Roll","floor":1},{"not_picked":["Bouncing Flask","Outmaneuver","Underhanded Strike"],"picked":"SKIP","floor":4},{"not_picked":["Acrobatics","Prepared"],"picked":"Adrenaline","floor":7},{"not_picked":["Caltrops","Dodge and Roll"],"picked":"Blur","floor":10},{"not_picked":["Underhanded Strike","PiercingWail"],"picked":"All Out Attack","floor":11},{"not_picked":["Deflect","Dagger Spray"],"picked":"Adrenaline","floor":14},{"not_picked":["Corpse Explosion","Unload"],"picked":"Venomology","floor":16},{"not_picked":["Masterful Stab+1","Prepared"],"picked":"Accuracy","floor":18},{"not_picked":["Distraction","PiercingWail"],"picked":"Terror+1","floor":21},{"not_picked":["Infinite Blades","PiercingWail","Quick Slash"],"picked":"SKIP","floor":22},{"not_picked":["Envenom","Setup"],"picked":"Backstab","floor":23},{"not_picked":["Poisoned Stab+1","Acrobatics"],"picked":"Backstab","floor":24},{"not_picked":["Leg Sweep+1","Underhanded Strike","Infinite Blades"],"picked":"SKIP","floor":25},{"not_picked":["Dash","Quick Slash","Outmaneuver+1"],"picked":"SKIP","floor":27},{"not_picked":["Accuracy+1","Well Laid Plans"],"picked":"Deflect+1","floor":31},{"not_picked":["PiercingWail","Noxious Fumes"],"picked":"Escape Plan","floor":32},{"not_picked":["Envenom","Night Terror"],"picked":"Glass Knife","floor":33},{"not_picked":["Sucker Punch+1","Dodge and Roll"],"picked":"Acrobatics+1","floor":35},{"not_picked":["Prepared","Dodge and Roll+1"],"picked":"Dagger Throw+1","floor":37},{"not_picked":["Thinking Ahead","Jack Of All Trades"],"picked":"Panache","floor":38},{"not_picked":["Panacea","Purity"],"picked":"Flash of Steel","floor":38},{"not_picked":["Poisoned Stab","Prepared"],"picked":"Cloak And Dagger+1","floor":40},{"not_picked":["Slice+1","Quick Slash+1"],"picked":"Phantasmal Killer","floor":41},{"not_picked":["Catalyst+1","Underhanded Strike+1"],"picked":"Calculated Gamble+1","floor":42},{"not_picked":["Noxious Fumes+1","Blur","Poisoned Stab"],"picked":"Reflex+1","floor":44},{"not_picked":["Underhanded Strike","Dodge and Roll","Noxious Fumes+1","Bane+1"],"picked":"SKIP","floor":45},{"not_picked":["Dodge and Roll","Outmaneuver","Backflip"],"picked":"Calculated Gamble+1","floor":48}],"player_experience":513369,"relics_obtained":[{"floor":3,"key":"Pen Nib"},{"floor":7,"key":"Blood Vial"},{"floor":9,"key":"Bronze Scales"},{"floor":13,"key":"Omamori"},{"floor":14,"key":"Dream Catcher"},{"floor":17,"key":"Regal Pillow"},{"floor":17,"key":"Ninja Scroll"},{"floor":17,"key":"Tough Bandages"},{"floor":23,"key":"Bag of Preparation"},{"floor":25,"key":"Bag of Marbles"},{"floor":26,"key":"Boot"},{"floor":36,"key":"Oddly Smooth Stone"},{"floor":40,"key":"Pear"},{"floor":40,"key":"Mummified Hand"},{"floor":43,"key":"Question Card"},{"floor":44,"key":"Orichalcum"},{"floor":44,"key":"Happy Flower"},{"floor":46,"key":"Shovel"},{"floor":47,"key":"Bottled Tornado"},{"floor":49,"key":"Molten Egg 2"}],"event_choices":[{"event_name":"Living Wall","player_choice":"Grow","floor":2,"damage_taken":0},{"event_name":"Match and Keep!","player_choice":"1 cards matched","floor":5,"damage_taken":0},{"event_name":"Addict","player_choice":"Obtained Relic","floor":19,"damage_taken":0},{"event_name":"Ghosts","player_choice":"Ignored","floor":28,"damage_taken":0},{"event_name":"Forgotten Altar","player_choice":"Shed Blood","floor":29,"damage_taken":0},{"event_name":"SensoryStone","player_choice":"Memory 2","floor":38,"damage_taken":0},{"event_name":"Mysterious Sphere","player_choice":"Fight","floor":46,"damage_taken":0}],"is_beta":false,"boss_relics":[{"not_picked":["Philosopher\u0027s Stone","Empty Cage"],"picked":"Calling Bell"},{"not_picked":["Orrery","Eternal Feather"],"picked":"Black Star"}],"items_purged_floors":[12,20,30,39],"is_endless":false,"potions_floor_spawned":[4,7,14,18,21,24,25,31,33,35,37,45,46],"ascension_level":0}