{"path_per_floor":["M","M","M","?","?","R","M","M","T","R","M","M","?","$","R","B",null,"M","?","?","M","$","R","E","?","T","?","R","M","R","?","R","B",null,"M","?","M","?","T","R"],"character_chosen":"THE_SILENT","items_purchased":["Shovel","Snake Skull"],"gold_per_floor":[119,132,145,220,220,220,237,250,299,299,315,334,334,35,35,133,133,149,149,149,160,13,13,38,38,89,89,89,99,99,99,99,197,197,209,209,220,220,220,220],"floor_reached":41,"campfire_rested":3,"playtime":1581,"current_hp_per_floor":[56,56,56,45,45,45,41,36,36,36,30,23,23,23,44,26,59,40,40,27,21,21,43,19,19,19,19,41,41,41,41,41,17,58,20,63,56,48,48,48],"items_purged":[],"gold":220,"score":541,"play_id":"b8dd8d0b-0133-4d94-9bde-eea0518e5a08","is_prod":false,"is_daily":false,"is_ascension_mode":true,"campfire_upgraded":2,"path_taken":["M","?","?","?","?","R","M","M","T","R","M","M","?","$","R","BOSS","M","?","?","?","$","R","E","?","T","?","R","M","R","?","R","BOSS","M","?","M","?","?","R","E"],"build_version":"2018-02-22-PROD2","purchased_purges":0,"victory":false,"master_deck":["Survivor","Neutralize","Quick Slash","Bouncing Flask+1","Tools of the Trade","All Out Attack","Noxious Fumes+1","Malaise","Footwork","Die Die Die","Dagger Spray","Underhanded Strike","Dagger Spray","PiercingWail","Deflect+1","Noxious Fumes","Accuracy","Acrobatics+1","Backflip","Well Laid Plans","Prepared+1","Footwork","Adrenaline","Burst","Leg Sweep","Madness","Madness"],"max_hp_per_floor":[70,70,70,70,70,70,70,70,70,70,70,70,70,70,70,70,70,70,70,75,75,75,75,75,75,75,75,75,75,75,72,72,72,72,72,63,63,63,63,63],"relics":["Sozu","Vajra","Shovel","Pandora\u0027s Box","Snake Skull","War Paint","Omamori","Tough Bandages","Juzu Bracelet","The Specimen","Molten Egg 2","Orichalcum"],"card_choices":[{"not_picked":["Flying Knee","Poisoned Stab"],"picked":"Quick Slash"},{"not_picked":["Infinite Blades","Dagger Throw"],"picked":"Bouncing Flask"},{"not_picked":["Deflect","Underhanded Strike"],"picked":"Tools of the Trade"},{"not_picked":["Dagger Throw","Setup"],"picked":"All Out Attack"},{"not_picked":["Deadly Poison","Slice"],"picked":"Noxious Fumes"},{"not_picked":["Cloak And Dagger","Underhanded Strike"],"picked":"Malaise"},{"not_picked":["Deadly Poison","Backflip"],"picked":"Footwork"},{"not_picked":["Venomology","Phantasmal Killer"],"picked":"Die Die Die"},{"not_picked":["Deflect","Deadly Poison"],"picked":"Backflip"},{"not_picked":["Outmaneuver","Prepared"],"picked":"Well Laid Plans"},{"not_picked":["Deflect","Acrobatics"],"picked":"Prepared"},{"not_picked":["Sucker Punch","Leg Sweep"],"picked":"Adrenaline"},{"not_picked":["Grand Finale","Die Die Die"],"picked":"Burst"},{"not_picked":["Backflip","Deadly Poison"],"picked":"Leg Sweep"}],"player_experience":269691,"potions_floor_usage":[],"damage_taken":[{"damage":7.0,"enemies":"Cultist","floor":1.0,"turns":6.0},{"damage":0.0,"enemies":"2 Louse","floor":2.0,"turns":2.0},{"damage":0.0,"enemies":"Jaw Worm","floor":3.0,"turns":3.0},{"damage":4.0,"enemies":"Looter","floor":7.0,"turns":3.0},{"damage":5.0,"enemies":"Red Slaver","floor":8.0,"turns":3.0},{"damage":6.0,"enemies":"2 Fungi Beasts","floor":11.0,"turns":3.0},{"damage":7.0,"enemies":"Exordium Wildlife","floor":12.0,"turns":4.0},{"damage":18.0,"enemies":"The Guardian","floor":16.0,"turns":9.0},{"damage":19.0,"enemies":"Shell Parasite","floor":18.0,"turns":4.0},{"damage":6.0,"enemies":"3 Byrds","floor":21.0,"turns":4.0},{"damage":24.0,"enemies":"Book of Stabbing","floor":24.0,"turns":6.0},{"damage":0.0,"enemies":"Snake Plant","floor":29.0,"turns":5.0},{"damage":24.0,"enemies":"Collector","floor":33.0,"turns":7.0},{"damage":38.0,"enemies":"3 Shapes","floor":35.0,"turns":5.0},{"damage":7.0,"enemies":"Orb Walker","floor":37.0,"turns":4.0},{"damage":60,"enemies":"2 Orb Walkers","floor":41,"turns":5}],"event_choices":[{"event_name":"World of Goop","player_choice":"Gather Gold","floor":4.0,"damage_taken":0.0},{"event_name":"Purifier","player_choice":"One Purge","floor":5.0,"damage_taken":0.0},{"event_name":"Living Wall","player_choice":"Forget","floor":13.0,"damage_taken":0.0},{"event_name":"Cursed Tome","player_choice":"Ignored","floor":19.0,"damage_taken":0.0},{"event_name":"Forgotten Altar","player_choice":"Shed Blood","floor":20.0,"damage_taken":0.0},{"event_name":"Drug Dealer","player_choice":"Ignored","floor":25.0,"damage_taken":0.0},{"event_name":"Duplicator","player_choice":"One dupe","floor":27.0,"damage_taken":0.0},{"event_name":"Purifier","player_choice":"One Purge","floor":31.0,"damage_taken":0.0},{"event_name":"The Moai Head","player_choice":"Heal","floor":36.0,"damage_taken":0.0},{"event_name":"Winding Halls","player_choice":"Embrace Madness","floor":38.0,"damage_taken":0.0}],"boss_relics":[],"potions_floor_spawned":[2,3,11,16,24,33],"seed_played":"5456973959109191556","killed_by":"2 Orb Walkers","ascension_level":11,"is_trial":false}