{"gold_per_floor":[117,117,131,131,141,141,169,181,218,259,271,283,295,307,319,331],"floor_reached":16,"playtime":552,"items_purged":[],"score":207,"play_id":"cf19f767-ad76-41c4-8852-c7fd5d1af30c","local_time":"20181021103232","is_ascension_mode":true,"campfire_choices":[{"data":"Glass Knife","floor":6.0,"key":"SMITH"},{"data":"Neutralize","floor":8.0,"key":"SMITH"},{"floor":13.0,"key":"REST"},{"data":"Bane","floor":15.0,"key":"SMITH"}],"neow_cost":"PERCENT_DAMAGE","seed_source_timestamp":1001630745937252,"circlet_count":0,"master_deck":["Defend_G","Defend_G","Defend_G","Defend_G","Defend_G","Strike_G","Strike_G","Strike_G","Strike_G","Strike_G","Survivor","Neutralize+1","AscendersBane","Glass Knife+1","PiercingWail","Dodge and Roll","Backstab","Corpse Explosion","Bane+1"],"special_seed":0,"relics":["Ring of the Snake","MawBank","Happy Flower","Centennial Puzzle","Golden Idol","Meat on the Bone"],"potions_floor_usage":[],"damage_taken":[{"damage":1.0,"enemies":"Cultist","floor":1.0,"turns":4.0},{"damage":2.0,"enemies":"2 Louse","floor":3.0,"turns":3.0},{"damage":0.0,"enemies":"Small Slimes","floor":5.0,"turns":5.0},{"damage":16.0,"enemies":"3 Sentries","floor":7.0,"turns":9.0},{"damage":14.0,"enemies":"Lagavulin","floor":10.0,"turns":6.0},{"damage":18,"enemies":"Slime Boss","floor":16,"turns":6}],"seed_played":"4248060204817513986","potions_obtained":[{"floor":1.0,"key":"GamblersBrew"},{"floor":7.0,"key":"Energy Potion"}],"is_trial":false,"path_per_floor":["M","?","M","?","M","R","E","R","T","E","?","$","R","T","R"],"character_chosen":"THE_SILENT","items_purchased":[],"campfire_rested":1,"item_purchase_floors":[],"current_hp_per_floor":[43,43,41,41,41,41,25,25,25,11,11,11,29,29,29,11],"gold":331,"neow_bonus":"THREE_RARE_CARDS","is_prod":false,"is_daily":false,"chose_seed":false,"campfire_upgraded":3,"win_rate":0,"timestamp":1540132352,"path_taken":["M","?","M","?","M","R","E","R","T","E","?","$","R","?","R","BOSS"],"build_version":"2018-10-18","purchased_purges":0,"victory":false,"max_hp_per_floor":[66,66,66,66,66,66,66,66,66,66,60,60,60,60,60,60],"card_choices":[{"not_picked":["Night Terror","Corpse Explosion"],"picked":"Glass Knife","floor":0.0},{"not_picked":["Flechettes","Blade Dance"],"picked":"PiercingWail","floor":1.0},{"not_picked":["PiercingWail","Distraction"],"picked":"Dodge and Roll","floor":3.0},{"not_picked":["Well Laid Plans","Calculated Gamble"],"picked":"Backstab","floor":5.0},{"not_picked":["Heel Hook","Concentrate"],"picked":"Corpse Explosion","floor":7.0},{"not_picked":["Poisoned Stab","Tactician"],"picked":"Bane","floor":10.0}],"player_experience":781137,"relics_obtained":[{"floor":7.0,"key":"MawBank"},{"floor":9.0,"key":"Happy Flower"},{"floor":10.0,"key":"Centennial Puzzle"},{"floor":14.0,"key":"Meat on the Bone"}],"event_choices":[{"damage_healed":0.0,"max_hp_gain":0.0,"max_hp_loss":0.0,"gold_gain":0.0,"event_name":"Liars Game","player_choice":"Ignored","floor":2.0,"gold_loss":0.0,"damage_taken":0.0},{"damage_healed":0.0,"max_hp_gain":0.0,"max_hp_loss":0.0,"gold_gain":0.0,"event_name":"Scrap Ooze","player_choice":"Fled","floor":4.0,"gold_loss":0.0,"damage_taken":0.0},{"damage_healed":0.0,"max_hp_gain":0.0,"max_hp_loss":6.0,"gold_gain":0.0,"event_name":"Golden Idol","player_choice":"Lose Max HP","floor":11.0,"gold_loss":0.0,"damage_taken":0.0,"relics_obtained":["Golden Idol"]}],"is_beta":false,"boss_relics":[],"items_purged_floors":[],"is_endless":false,"potions_floor_spawned":[1,7],"killed_by":"Slime Boss","ascension_level":19}