{"gold_per_floor":[117,192,42,61,61,61,91,91,140,150,150,168,181,35,35,131,131,143,158,158,172,192,192],"floor_reached":23,"playtime":1309,"items_purged":["Strike_B","Strike_B"],"score":212,"play_id":"41770e8b-c7c7-4bfb-b60d-a08ce6effb7a","local_time":"20180818165406","is_ascension_mode":true,"campfire_choices":[{"data":"Defragment","floor":6,"key":"SMITH"},{"floor":11,"key":"REST"},{"floor":15,"key":"REST"}],"neow_cost":"NONE","seed_source_timestamp":53530665547578,"circlet_count":0,"master_deck":["Strike_B","Strike_B","Defend_B","Defend_B","Defend_B","Zap","Dualcast+1","Defragment+1","Defragment","Loop+1","Ball Lightning","Self Repair","Leap","Electrodynamics","Capacitor"],"relics":["Cracked Core","Pen Nib","Art of War","Nuclear Battery"],"potions_floor_usage":[12,16,21],"damage_taken":[{"damage":0,"enemies":"2 Louse","floor":1,"turns":2},{"damage":4,"enemies":"Small Slimes","floor":4,"turns":3},{"damage":30,"enemies":"Gremlin Nob","floor":7,"turns":4},{"damage":7,"enemies":"Jaw Worm","floor":10,"turns":3},{"damage":7,"enemies":"Exordium Wildlife","floor":12,"turns":4},{"damage":7,"enemies":"Looter","floor":13,"turns":3},{"damage":9,"enemies":"The Guardian","floor":16,"turns":7},{"damage":21,"enemies":"Shell Parasite","floor":18,"turns":6},{"damage":10,"enemies":"3 Byrds","floor":19,"turns":3},{"damage":24,"enemies":"Centurion and Healer","floor":21,"turns":3},{"damage":23,"enemies":"Sentry and Sphere","floor":22,"turns":4},{"damage":17,"enemies":"Gremlin Leader","floor":23,"turns":2}],"seed_played":"-8031127503898550187","potions_obtained":[{"floor":1,"key":"Dexterity Potion"},{"floor":12,"key":"Poison Potion"},{"floor":13,"key":"FearPotion"},{"floor":16,"key":"Strength Potion"},{"floor":18,"key":"Energy Potion"},{"floor":19,"key":"PowerPotion"},{"floor":22,"key":"Energy Potion"}],"is_trial":false,"path_per_floor":["M","?","$","M","?","R","E","?","T","M","R","M","M","$","R","B",null,"M","M","?","M","M"],"character_chosen":"DEFECT","items_purchased":["Defragment","Leap"],"campfire_rested":2,"item_purchase_floors":[3,14],"current_hp_per_floor":[75,64,64,60,53,53,23,23,23,16,38,31,31,31,53,51,75,61,58,44,27,11,0],"gold":192,"neow_bonus":"UPGRADE_CARD","is_prod":false,"is_daily":false,"chose_seed":false,"campfire_upgraded":1,"win_rate":0,"timestamp":1534607646,"path_taken":["M","?","$","M","?","R","E","?","T","M","R","M","?","$","R","BOSS","M","M","?","M","M","E"],"build_version":"2018-08-16","purchased_purges":2,"victory":false,"max_hp_per_floor":[75,75,75,75,75,75,75,75,75,75,75,75,75,75,75,75,75,75,75,80,80,80,80],"card_choices":[{"not_picked":["Darkness","Skim"],"picked":"Defragment","floor":1},{"not_picked":["Aggregate","Streamline","Scrape"],"picked":"SKIP","floor":4},{"not_picked":["Darkness","Turbo"],"picked":"Loop","floor":7},{"not_picked":["Blizzard","Barrage"],"picked":"Ball Lightning","floor":10},{"not_picked":["Sweeping Beam","Machine Learning"],"picked":"Self Repair","floor":12},{"not_picked":["Stack","Ball Lightning","Fusion"],"picked":"SKIP","floor":13},{"not_picked":["Rainbow","Hyperbeam"],"picked":"Electrodynamics","floor":16},{"not_picked":["Streamline","Compile Driver","Recycle"],"picked":"SKIP","floor":18},{"not_picked":["Sweeping Beam+1","Streamline+1","Hologram"],"picked":"SKIP","floor":19},{"not_picked":["Gash","Thunder Strike","Ball Lightning"],"picked":"SKIP","floor":21},{"not_picked":["Rip and Tear","Hologram+1"],"picked":"Capacitor","floor":22}],"player_experience":434420,"relics_obtained":[{"floor":7,"key":"Pen Nib"},{"floor":9,"key":"Art of War"}],"event_choices":[{"event_name":"World of Goop","player_choice":"Gather Gold","floor":2,"damage_taken":0},{"event_name":"Golden Wing","player_choice":"Card Removal","floor":5,"damage_taken":0},{"event_name":"Living Wall","player_choice":"Grow","floor":8,"damage_taken":0},{"event_name":"Forgotten Altar","player_choice":"Shed Blood","floor":20,"damage_taken":0}],"is_beta":false,"boss_relics":[{"not_picked":["Runic Dome","Lizard Tail"],"picked":"Nuclear Battery"}],"items_purged_floors":[3,14],"is_endless":false,"potions_floor_spawned":[1,12,13,16,18,19,22],"killed_by":"Gremlin Leader","ascension_level":2}