{"gold_per_floor":[117,16,31,45,56,56,85,85,108,118,168,168,187,205,205,205],"floor_reached":16,"playtime":556,"items_purged":["Strike_B"],"score":208,"play_id":"9df8a2fb-e750-4ffc-9e50-6f1a1872e56a","local_time":"20181111121901","is_ascension_mode":true,"campfire_choices":[{"data":"Ball Lightning","floor":6,"key":"SMITH"},{"floor":8,"key":"REST"},{"floor":12,"key":"REST"},{"data":"Reinforced Body","floor":15,"key":"SMITH"}],"neow_cost":"NONE","seed_source_timestamp":77734574456484,"circlet_count":0,"master_deck":["AscendersBane","Strike_B","Strike_B","Strike_B","Defend_B","Defend_B","Defend_B","Defend_B","Zap+1","Dualcast","FTL","Ball Lightning+1","Hologram","Glacier","Reinforced Body+1","Core Surge","Chaos","Conserve Battery"],"relics":["Cracked Core","Orichalcum","Dream Catcher"],"potions_floor_usage":[5,7,10,16],"damage_taken":[{"damage":0,"enemies":"2 Louse","floor":1,"turns":3},{"damage":7,"enemies":"Jaw Worm","floor":3,"turns":2},{"damage":5,"enemies":"Small Slimes","floor":4,"turns":3},{"damage":1,"enemies":"Looter","floor":5,"turns":3},{"damage":46,"enemies":"Gremlin Nob","floor":7,"turns":5},{"damage":0,"enemies":"Gremlin Gang","floor":10,"turns":4},{"damage":0,"enemies":"Lots of Slimes","floor":13,"turns":4},{"damage":13,"enemies":"Exordium Wildlife","floor":14,"turns":4},{"damage":26,"enemies":"Slime Boss","floor":16,"turns":10}],"seed_played":"7052072087398664342","potions_obtained":[{"floor":3,"key":"Dexterity Potion"},{"floor":4,"key":"Fruit Juice"},{"floor":5,"key":"SteroidPotion"},{"floor":13,"key":"Block Potion"}],"is_trial":false,"path_per_floor":["M","$","M","M","M","R","E","R","T","M","?","R","M","M","R","B"],"character_chosen":"DEFECT","items_purchased":["Ball Lightning"],"campfire_rested":2,"item_purchase_floors":[2],"current_hp_per_floor":[64,64,57,52,56,56,10,32,32,32,32,54,54,41,41,15],"gold":205,"neow_bonus":"UPGRADE_CARD","is_prod":false,"is_daily":false,"chose_seed":false,"campfire_upgraded":2,"win_rate":0,"timestamp":1541956741,"path_taken":["M","$","M","M","M","R","E","R","T","M","?","R","M","M","R","BOSS"],"build_version":"2018-11-08","purchased_purges":1,"victory":false,"max_hp_per_floor":[71,71,71,71,76,76,76,76,76,76,76,76,76,76,76,76],"card_choices":[{"not_picked":["Barrage","Chaos"],"picked":"FTL","floor":1},{"not_picked":["Gash","Melter"],"picked":"Hologram","floor":3},{"not_picked":["Redo","Cold Snap"],"picked":"Glacier","floor":4},{"not_picked":["Gash","Barrage"],"picked":"Reinforced Body","floor":5},{"not_picked":["Hologram","Streamline"],"picked":"Core Surge","floor":7},{"not_picked":["Rebound","Redo","Gash"],"picked":"SKIP","floor":10},{"not_picked":["Stack","Consume"],"picked":"Chaos","floor":12},{"not_picked":["Barrage","Rebound"],"picked":"Conserve Battery","floor":13},{"not_picked":["Hologram","Gash","Hello World"],"picked":"SKIP","floor":14}],"player_experience":893595,"relics_obtained":[{"floor":7,"key":"Orichalcum"},{"floor":9,"key":"Dream Catcher"}],"event_choices":[{"damage_healed":0,"gold_gain":50,"player_choice":"Gained Gold","damage_taken":0,"max_hp_gain":0,"max_hp_loss":0,"event_name":"Golden Wing","floor":11,"gold_loss":0}],"is_beta":false,"boss_relics":[],"items_purged_floors":[2],"is_endless":false,"potions_floor_spawned":[3,4,5,13],"killed_by":"Slime Boss","ascension_level":20}