{"gold_per_floor":[17,36,49,59,34,34,63,63,63,98,98,108,31,31,31,127,127,148,63,63,86,101,101,134,134,134,172,172,172,185,135,135,135],"floor_reached":33,"playtime":1421,"items_purged":["Survivor"],"score":513,"play_id":"de7eacc4-12d0-49a8-92f4-42cd08c20852","local_time":"20180809201650","is_ascension_mode":true,"campfire_choices":[{"data":"Predator","floor":6,"key":"SMITH"},{"data":"Envenom","floor":8,"key":"SMITH"},{"data":"Glass Knife","floor":11,"key":"SMITH"},{"data":"Neutralize","floor":15,"key":"SMITH"},{"floor":23,"key":"REST"},{"data":"Tools of the Trade","floor":25,"key":"SMITH"},{"floor":28,"key":"REST"},{"data":"Tactician","floor":32,"key":"SMITH"}],"neow_cost":"NO_GOLD","seed_source_timestamp":300617868154036,"circlet_count":0,"master_deck":["Defend_G+1","Defend_G+1","Defend_G+1","Defend_G+1","Defend_G+1","Strike_G+1","Strike_G+1","Strike_G+1","Strike_G+1","Strike_G+1","Neutralize+1","AscendersBane","Dash+1","Bane","Predator+1","Glass Knife+1","Poisoned Stab","Envenom+1","Deflect","Caltrops","Tools of the Trade+1","Cloak And Dagger","Tactician+1","Well Laid Plans","Tools of the Trade","PiercingWail","Cloak And Dagger+1"],"relics":["Ring of the Snake","Whetstone","Smiling Mask","Bird Faced Urn","Golden Idol","Snecko Eye","Turnip","Letter Opener","Blue Candle","Ginger"],"potions_floor_usage":[7,16,22,24,30],"damage_taken":[{"damage":3,"enemies":"2 Louse","floor":1,"turns":5},{"damage":2,"enemies":"Jaw Worm","floor":2,"turns":4},{"damage":3,"enemies":"Small Slimes","floor":3,"turns":4},{"damage":4,"enemies":"Blue Slaver","floor":4,"turns":5},{"damage":17,"enemies":"Lagavulin","floor":7,"turns":4},{"damage":11,"enemies":"3 Sentries","floor":10,"turns":6},{"damage":0,"enemies":"2 Fungi Beasts","floor":12,"turns":3},{"damage":26,"enemies":"Slime Boss","floor":16,"turns":11},{"damage":17,"enemies":"2 Thieves","floor":18,"turns":5},{"damage":22,"enemies":"Spheric Guardian","floor":21,"turns":4},{"damage":12,"enemies":"Snecko","floor":22,"turns":6},{"damage":16,"enemies":"Slavers","floor":24,"turns":6},{"damage":28,"enemies":"Book of Stabbing","floor":27,"turns":6},{"damage":3,"enemies":"Centurion and Healer","floor":30,"turns":5},{"damage":38,"enemies":"Collector","floor":33,"turns":5}],"seed_played":"-1989836883502320924","potions_obtained":[{"floor":3,"key":"Strength Potion"},{"floor":7,"key":"GhostInAJar"},{"floor":18,"key":"SpeedPotion"},{"floor":22,"key":"Dexterity Potion"},{"floor":27,"key":"Swift Potion"}],"is_trial":false,"path_per_floor":["M","M","M","M","$","R","E","R","T","E","R","M","$","?","R","B",null,"M","?","?","M","M","R","E","R","T","E","R","?","M","$","R"],"character_chosen":"THE_SILENT","items_purchased":["Poisoned Stab","Caltrops"],"campfire_rested":2,"item_purchase_floors":[5,13],"current_hp_per_floor":[68,66,63,59,59,59,42,42,42,31,31,33,33,33,33,11,56,41,41,41,23,15,36,28,28,28,4,25,25,30,30,30,0],"gold":135,"neow_bonus":"TWENTY_PERCENT_HP_BONUS","is_prod":false,"is_daily":false,"chose_seed":false,"campfire_upgraded":6,"win_rate":0,"timestamp":1533860210,"path_taken":["M","M","M","M","$","R","E","R","T","E","R","M","$","?","R","BOSS","M","?","?","M","M","R","E","R","T","E","R","?","M","$","R","BOSS"],"build_version":"2018-08-02","purchased_purges":1,"victory":false,"max_hp_per_floor":[78,78,78,78,78,78,78,78,78,78,78,78,78,71,71,71,71,71,71,71,71,71,71,71,71,71,71,71,71,71,71,71,71],"card_choices":[{"not_picked":["Flying Knee","Backflip"],"picked":"Dash","floor":1},{"not_picked":["Outmaneuver","Distraction"],"picked":"Bane","floor":2},{"not_picked":["Dash","Flying Knee"],"picked":"Predator","floor":3},{"not_picked":["Acrobatics","Choke"],"picked":"Glass Knife","floor":4},{"not_picked":["Slice","Sucker Punch"],"picked":"Envenom","floor":7},{"not_picked":["Quick Slash","Underhanded Strike"],"picked":"Deflect","floor":10},{"not_picked":["Reflex","Outmaneuver","Bane"],"picked":"SKIP","floor":12},{"not_picked":["Adrenaline","Storm of Steel"],"picked":"Tools of the Trade","floor":16},{"not_picked":["Sucker Punch","Underhanded Strike"],"picked":"Cloak And Dagger","floor":18},{"not_picked":["Underhanded Strike+1","Blade Dance"],"picked":"Tactician","floor":21},{"not_picked":["Sucker Punch","Bane"],"picked":"Well Laid Plans","floor":22},{"not_picked":["Slice","Well Laid Plans"],"picked":"Tools of the Trade","floor":24},{"not_picked":["Cloak And Dagger","Quick Slash"],"picked":"PiercingWail","floor":27},{"not_picked":["Dagger Throw","Deflect"],"picked":"Cloak And Dagger+1","floor":30}],"player_experience":564014,"relics_obtained":[{"floor":7,"key":"Whetstone"},{"floor":9,"key":"Smiling Mask"},{"floor":10,"key":"Bird Faced Urn"},{"floor":24,"key":"Letter Opener"},{"floor":26,"key":"Blue Candle"},{"floor":27,"key":"Ginger"}],"event_choices":[{"event_name":"Golden Idol","player_choice":"Lose Max HP","floor":14,"damage_taken":0},{"event_name":"Addict","player_choice":"Obtained Relic","floor":19,"damage_taken":0},{"event_name":"Back to Basics","player_choice":"Simplicity","floor":20,"damage_taken":0},{"event_name":"Vampires","player_choice":"Ignored","floor":29,"damage_taken":0}],"is_beta":false,"boss_relics":[{"not_picked":["Velvet Choker","Cursed Key"],"picked":"Snecko Eye"}],"items_purged_floors":[31],"is_endless":false,"potions_floor_spawned":[3,7,18,22,27],"killed_by":"Collector","ascension_level":15}