{"gold_per_floor":[116,130,147,157,177,204,219,253,277,297,332,332,332,352,352,454,454,465,481,491,138,157,157,191,191,244,2,17,42,57,90,90,187,187,207,217,72,127,147,178,178,178,178,178,196,211,211,211,211,211],"floor_reached":50,"playtime":8409,"items_purged":["Strike_R","Strike_R"],"score":614,"play_id":"5e1c6acf-2e3c-4e30-9880-c4c4951c73d5","local_time":"20190114224450","is_ascension_mode":true,"campfire_choices":[{"data":"Pommel Strike","floor":13.0,"key":"SMITH"},{"data":"Pommel Strike","floor":15.0,"key":"SMITH"},{"floor":23,"key":"REST"},{"floor":25,"key":"REST"},{"floor":32,"key":"REST"},{"floor":42,"key":"REST"},{"data":"Double Tap","floor":44,"key":"SMITH"},{"data":"Double Tap","floor":47,"key":"SMITH"},{"data":"Flex","floor":49,"key":"SMITH"}],"neow_cost":"NONE","seed_source_timestamp":440655705272327,"circlet_count":0,"master_deck":["Strike_R","Strike_R","Defend_R","Defend_R","Defend_R","Bash","Pommel Strike+1","Cleave+1","Iron Wave","Battle Trance","Twin Strike+1","Thunderclap","Iron Wave","Immolate","Pommel Strike+1","Immolate","Heavy Blade+1","Anger","Iron Wave+1","Inflame","Dark Shackles","Sadistic Nature","Anger","Bloodletting+1","Dropkick","Double Tap+1","Double Tap+1","Clash","Flex+1","Cleave+1","Whirlwind+1","Blind"],"special_seed":0,"relics":["Black Blood","Potion Belt","Pantograph","Strawberry","Red Skull","Regal Pillow","Lantern","Bag of Preparation","Bag of Marbles","Dream Catcher","Sozu","Magic Flower","Boot","Whetstone"],"potions_floor_usage":[18,19,24,33,50],"damage_taken":[{"damage":12.0,"enemies":"Jaw Worm","floor":1.0,"turns":3.0},{"damage":1.0,"enemies":"Cultist","floor":2.0,"turns":3.0},{"damage":0.0,"enemies":"2 Louse","floor":3.0,"turns":2.0},{"damage":6.0,"enemies":"2 Fungi Beasts","floor":4.0,"turns":3.0},{"damage":13.0,"enemies":"Exordium Thugs","floor":5.0,"turns":4.0},{"damage":23.0,"enemies":"Gremlin Nob","floor":6.0,"turns":4.0},{"damage":1.0,"enemies":"3 Louse","floor":7.0,"turns":2.0},{"damage":31.0,"enemies":"3 Sentries","floor":8.0,"turns":6.0},{"damage":5.0,"enemies":"Exordium Wildlife","floor":10.0,"turns":3.0},{"damage":5.0,"enemies":"Gremlin Nob","floor":11.0,"turns":4.0},{"damage":0.0,"enemies":"Lots of Slimes","floor":14.0,"turns":1.0},{"damage":51.0,"enemies":"Hexaghost","floor":16.0,"turns":7.0},{"damage":41,"enemies":"Spheric Guardian","floor":18,"turns":6},{"damage":16,"enemies":"Chosen","floor":19,"turns":5},{"damage":32,"enemies":"Snake Plant","floor":20,"turns":4},{"damage":37,"enemies":"Centurion and Healer","floor":22,"turns":4},{"damage":26,"enemies":"Slavers","floor":24,"turns":3},{"damage":28,"enemies":"Sentry and Sphere","floor":28,"turns":4},{"damage":33,"enemies":"Book of Stabbing","floor":29,"turns":4},{"damage":14,"enemies":"Snake Plant","floor":30,"turns":2},{"damage":13,"enemies":"Gremlin Leader","floor":31,"turns":2},{"damage":71,"enemies":"Automaton","floor":33,"turns":8},{"damage":0,"enemies":"3 Darklings","floor":35,"turns":1},{"damage":25,"enemies":"3 Shapes","floor":36,"turns":4},{"damage":17,"enemies":"2 Orb Walkers","floor":38,"turns":3},{"damage":28,"enemies":"Maw","floor":39,"turns":4},{"damage":24,"enemies":"Reptomancer","floor":40,"turns":3},{"damage":0,"enemies":"3 Darklings","floor":45,"turns":1},{"damage":31,"enemies":"Sphere and 2 Shapes","floor":46,"turns":3},{"damage":95,"enemies":"Time Eater","floor":50,"turns":7}],"seed_played":"4352746662035244124","potions_obtained":[{"floor":1.0,"key":"FairyPotion"},{"floor":3.0,"key":"SkillPotion"},{"floor":4.0,"key":"SkillPotion"},{"floor":8.0,"key":"AttackPotion"},{"floor":10.0,"key":"Block Potion"},{"floor":16.0,"key":"FearPotion"},{"floor":20,"key":"GamblersBrew"},{"floor":22,"key":"PowerPotion"},{"floor":30,"key":"Poison Potion"},{"floor":33,"key":"SteroidPotion"}],"is_trial":false,"path_per_floor":["M","M","M","M","M","E","M","E","T","M","E","?","R","M","R","B",null,"M","M","M","$","M","R","E","R","T","$","M","E","M","E","R","B",null,"M","M","$","?","M","E","?","R","T","R","M","M","R","?","R","B"],"character_chosen":"IRONCLAD","items_purchased":["Inflame","Regal Pillow","Dark Shackles","Sadistic Nature","Anger","Clash"],"campfire_rested":4,"item_purchase_floors":[21,21,21,27,27,37],"current_hp_per_floor":[74,79,80,80,73,56,61,36,43,44,45,45,45,51,51,31,87,56,50,28,28,18,59,43,84,84,84,66,43,39,36,77,26,87,87,72,72,65,52,43,43,84,84,84,87,71,71,71,71,0],"gold":211,"neow_bonus":"REMOVE_CARD","is_prod":false,"is_daily":false,"chose_seed":false,"campfire_upgraded":5,"win_rate":1,"timestamp":1547523890,"path_taken":["M","M","M","M","M","E","M","E","T","M","E","?","R","M","R","BOSS","M","M","M","$","M","R","E","R","T","?","M","E","M","E","R","BOSS","M","M","$","?","M","E","?","R","T","R","?","M","R","?","R","BOSS"],"build_version":"2019-01-10","purchased_purges":2,"victory":false,"max_hp_per_floor":[80,80,80,80,80,80,80,80,87,87,87,87,87,87,87,87,87,87,87,87,87,87,87,87,87,87,87,87,87,87,87,87,87,87,87,87,87,87,87,87,87,87,87,87,87,87,87,87,87,87],"card_choices":[{"not_picked":["Perfected Strike","Entrench"],"picked":"Pommel Strike","floor":1.0},{"not_picked":["Reckless Charge","Combust"],"picked":"Cleave","floor":2.0},{"not_picked":["Seeing Red","Rampage","Blood for Blood"],"picked":"SKIP","floor":3.0},{"not_picked":["Power Through","Carnage"],"picked":"Iron Wave","floor":4.0},{"not_picked":["Spot Weakness","Body Slam"],"picked":"Battle Trance","floor":5.0},{"not_picked":["Rampage","Warcry"],"picked":"Twin Strike","floor":6.0},{"not_picked":["Flame Barrier","Hemokinesis"],"picked":"Thunderclap","floor":7.0},{"not_picked":["Body Slam","Warcry"],"picked":"Iron Wave","floor":8.0},{"not_picked":["Heavy Blade","Wild Strike"],"picked":"Immolate","floor":10.0},{"not_picked":["Carnage","Warcry"],"picked":"Pommel Strike","floor":11.0},{"not_picked":["Armaments","Disarm","Blood for Blood"],"picked":"SKIP","floor":14.0},{"not_picked":["Dark Embrace","Impervious"],"picked":"Immolate","floor":16.0},{"not_picked":["Armaments","Pommel Strike"],"picked":"Heavy Blade+1","floor":18},{"not_picked":["Pommel Strike","Fire Breathing"],"picked":"Anger","floor":19},{"not_picked":["Spot Weakness+1","Rupture+1"],"picked":"Iron Wave+1","floor":20},{"not_picked":["True Grit","Heavy Blade","Headbutt"],"picked":"SKIP","floor":22},{"not_picked":["Sword Boomerang","Body Slam+1","Headbutt"],"picked":"SKIP","floor":24},{"not_picked":["Feel No Pain","Whirlwind+1"],"picked":"Bloodletting+1","floor":28},{"not_picked":["Thunderclap","Headbutt+1"],"picked":"Dropkick","floor":29},{"not_picked":["Shrug It Off","Reckless Charge+1"],"picked":"Double Tap","floor":30},{"not_picked":["Perfected Strike","True Grit","Pommel Strike"],"picked":"SKIP","floor":31},{"not_picked":["Brutality","Limit Break"],"picked":"Double Tap","floor":33},{"not_picked":["Headbutt","Metallicize+1","Infernal Blade"],"picked":"SKIP","floor":35},{"not_picked":["Iron Wave","Warcry","Hemokinesis"],"picked":"SKIP","floor":36},{"not_picked":["Demon Form","Pommel Strike"],"picked":"Flex","floor":39},{"not_picked":["Heavy Blade+1","Spot Weakness","Barricade"],"picked":"SKIP","floor":40},{"not_picked":["Rampage","Metallicize+1"],"picked":"Cleave+1","floor":42},{"not_picked":["Clothesline+1","Flex"],"picked":"Whirlwind+1","floor":45},{"not_picked":["Feel No Pain","True Grit+1","Headbutt"],"picked":"SKIP","floor":46},{"not_picked":["Transmutation","Good Instincts"],"picked":"Blind","floor":48}],"player_experience":23049,"relics_obtained":[{"floor":6.0,"key":"Potion Belt"},{"floor":8.0,"key":"Pantograph"},{"floor":9.0,"key":"Strawberry"},{"floor":11.0,"key":"Red Skull"},{"floor":24,"key":"Lantern"},{"floor":26,"key":"Bag of Preparation"},{"floor":29,"key":"Bag of Marbles"},{"floor":31,"key":"Dream Catcher"},{"floor":38,"key":"Magic Flower"},{"floor":40,"key":"Boot"},{"floor":43,"key":"Whetstone"}],"event_choices":[{"damage_healed":0.0,"max_hp_gain":0.0,"max_hp_loss":0.0,"gold_gain":0.0,"event_name":"The Woman in Blue","player_choice":"Bought 0 Potions","floor":12.0,"gold_loss":0.0,"damage_taken":0.0},{"damage_healed":0,"gold_gain":0,"player_choice":"Fight","damage_taken":0,"max_hp_gain":0,"max_hp_loss":0,"event_name":"Mysterious Sphere","floor":38,"gold_loss":0},{"cards_removed":["Strike_R"],"damage_healed":0,"gold_gain":0,"player_choice":"Removed Attack","damage_taken":0,"max_hp_gain":0,"max_hp_loss":0,"event_name":"Falling","floor":41,"gold_loss":0},{"damage_healed":0,"gold_gain":0,"player_choice":"Memory 1","damage_taken":0,"max_hp_gain":0,"max_hp_loss":0,"event_name":"SensoryStone","floor":48,"gold_loss":0}],"is_beta":false,"boss_relics":[{"not_picked":["Snecko Eye","Runic Pyramid"],"picked":"Black Blood"},{"not_picked":["Runic Dome","Velvet Choker"],"picked":"Sozu"}],"items_purged_floors":[21,37],"is_endless":false,"potions_floor_spawned":[1,3,4,8,10,16,20,22,30,33,38,40],"killed_by":"Time Eater","ascension_level":2}