{"gold_per_floor":[114,114,114,54,133,163,163,193,217,217,182,182,192,224,224,303,303,317,317,333,344,16,50,64,91,139,3,3,3,41,72,84,173,185,216,328,357,385,3,3,38,38,38,38,69,19,32,61,61,61,61],"floor_reached":52,"playtime":2465,"items_purged":["Strike_G","Strike_G","Writhe","Defend_G"],"score":2199,"play_id":"2dfd60be-ad55-4a29-9cd7-9efb37f3ed23","local_time":"20181028021552","is_ascension_mode":true,"campfire_choices":[{"data":"Heel Hook","floor":7.0,"key":"SMITH"},{"data":"All Out Attack","floor":10.0,"key":"SMITH"},{"data":"Strike_G","floor":12.0,"key":"SMITH"},{"data":"Caltrops","floor":15.0,"key":"SMITH"},{"floor":28.0,"key":"REST"},{"floor":32.0,"key":"REST"},{"data":"1","floor":40.0,"key":"LIFT"},{"data":"2","floor":42.0,"key":"LIFT"},{"data":"Envenom","floor":49.0,"key":"SMITH"}],"neow_cost":"NONE","seed_source_timestamp":1566658017622140,"circlet_count":0,"master_deck":["Defend_G","Defend_G+1","Defend_G","Defend_G","Strike_G+1","Survivor","Neutralize+1","AscendersBane","Heel Hook+1","Caltrops+1","All Out Attack+1","Cloak And Dagger+1","Backflip+1","Malaise+1","Bouncing Flask+1","Footwork","Blade Dance+1","Infinite Blades","Corpse Explosion+1","Catalyst+1","Backflip+1","Backstab","Blade Dance+1","Dodge and Roll+1","Envenom+1","Escape Plan+1","Backflip+1","PiercingWail+1","Backflip+1","Bouncing Flask+1","Outmaneuver+1","Blur+1"],"special_seed":0,"relics":["Ring of the Snake","NeowsBlessing","Toxic Egg 2","Matryoshka","Boot","PreservedInsect","Centennial Puzzle","Potion Belt","Vajra","WristBlade","Oddly Smooth Stone","Darkstone Periapt","Smiling Mask","Art of War","Snake Skull","MawBank","Girya","Empty Cage","Ginger","Meat on the Bone","Incense Burner","Molten Egg 2","Bottled Tornado","Letter Opener"],"potions_floor_usage":[51,51],"damage_taken":[{"damage":0.0,"enemies":"Jaw Worm","floor":1.0,"turns":1.0},{"damage":0.0,"enemies":"Gremlin Nob","floor":6.0,"turns":1.0},{"damage":0.0,"enemies":"3 Sentries","floor":8.0,"turns":1.0},{"damage":0.0,"enemies":"2 Louse","floor":13.0,"turns":1.0},{"damage":3.0,"enemies":"Lagavulin","floor":14.0,"turns":4.0},{"damage":11.0,"enemies":"Hexaghost","floor":16.0,"turns":9.0},{"damage":5.0,"enemies":"Chosen","floor":18.0,"turns":7.0},{"damage":5.0,"enemies":"Spheric Guardian","floor":20.0,"turns":5.0},{"damage":8.0,"enemies":"Shelled Parasite and Fungi","floor":21.0,"turns":6.0},{"damage":8.0,"enemies":"Gremlin Leader","floor":23.0,"turns":4.0},{"damage":9.0,"enemies":"Centurion and Healer","floor":24.0,"turns":4.0},{"damage":16.0,"enemies":"Book of Stabbing","floor":25.0,"turns":5.0},{"damage":2.0,"enemies":"Slavers","floor":30.0,"turns":3.0},{"damage":0.0,"enemies":"Chosen and Byrds","floor":31.0,"turns":3.0},{"damage":44.0,"enemies":"Collector","floor":33.0,"turns":8.0},{"damage":0.0,"enemies":"Orb Walker","floor":35.0,"turns":3.0},{"damage":0.0,"enemies":"Mind Bloom Boss Battle","floor":36.0,"turns":5.0},{"damage":0.0,"enemies":"3 Shapes","floor":37.0,"turns":5.0},{"damage":31.0,"enemies":"Maw","floor":38.0,"turns":8.0},{"damage":0.0,"enemies":"Nemesis","floor":41.0,"turns":5.0},{"damage":9.0,"enemies":"Giant Head","floor":45.0,"turns":7.0},{"damage":0.0,"enemies":"Jaw Worm Horde","floor":47.0,"turns":2.0},{"damage":12.0,"enemies":"Nemesis","floor":48.0,"turns":5.0},{"damage":32.0,"enemies":"Time Eater","floor":50.0,"turns":8.0},{"damage":17,"enemies":"Awakened One","floor":51,"turns":18}],"seed_played":"-2933815870558159357","potions_obtained":[{"floor":8.0,"key":"Block Potion"},{"floor":13.0,"key":"AttackPotion"},{"floor":14.0,"key":"FearPotion"},{"floor":23.0,"key":"AttackPotion"},{"floor":30.0,"key":"SteroidPotion"},{"floor":31.0,"key":"EssenceOfSteel"},{"floor":36.0,"key":"GhostInAJar"},{"floor":41.0,"key":"SpeedPotion"}],"is_trial":false,"path_per_floor":["M","?","?","?","T","E","R","E","T","R","?","R","M","E","R","B",null,"M","?","M","M","$","E","M","E","T","$","R","?","E","M","R","B",null,"M","?","M","M","$","R","E","R","T","$","E","$","M","E","R","B","B"],"character_chosen":"THE_SILENT","items_purchased":["Oddly Smooth Stone","Corpse Explosion+1","GhostInAJar","Meat on the Bone","Bouncing Flask+1"],"campfire_rested":2,"item_purchase_floors":[22,22,27,39,39],"current_hp_per_floor":[59,66,46,46,46,46,46,46,46,46,62,62,62,59,59,48,62,57,57,52,44,44,36,27,11,11,11,30,36,34,34,55,11,57,57,57,57,26,26,26,38,38,38,38,41,41,41,41,41,21,16],"gold":61,"neow_bonus":"THREE_ENEMY_KILL","is_prod":false,"is_daily":false,"chose_seed":false,"campfire_upgraded":5,"win_rate":0,"timestamp":1540707352,"path_taken":["M","?","?","?","?","E","R","E","T","R","?","R","M","E","R","BOSS","M","?","?","M","$","E","M","E","T","$","R","?","E","?","R","BOSS","M","?","M","?","$","R","E","R","T","?","E","$","M","E","R","BOSS","BOSS"],"build_version":"2018-10-25v2","purchased_purges":4,"victory":true,"max_hp_per_floor":[66,66,66,66,66,66,66,66,66,66,66,66,66,66,66,66,66,66,66,66,66,66,66,66,66,66,66,66,72,72,72,72,72,72,72,72,72,72,72,72,72,72,72,72,72,72,72,72,72,72,72],"card_choices":[{"not_picked":["Blade Dance","Terror"],"picked":"Heel Hook","floor":1.0},{"not_picked":["Blur+1","Slice"],"picked":"Caltrops","floor":6.0},{"not_picked":["Escape Plan+1","Phantasmal Killer+1"],"picked":"All Out Attack","floor":8.0},{"not_picked":["Flying Knee","Sucker Punch"],"picked":"Cloak And Dagger+1","floor":13.0},{"not_picked":["Quick Slash","Dagger Throw"],"picked":"Backflip+1","floor":14.0},{"not_picked":["Night Terror+1","Corpse Explosion+1"],"picked":"Malaise+1","floor":16.0},{"not_picked":["Dagger Spray+1","Sucker Punch"],"picked":"Bouncing Flask+1","floor":18.0},{"not_picked":["Poisoned Stab","Heel Hook"],"picked":"Blade Dance+1","floor":20.0},{"not_picked":["Leg Sweep+1","Well Laid Plans"],"picked":"Infinite Blades","floor":21.0},{"not_picked":["Dagger Throw","Backflip+1"],"picked":"Catalyst+1","floor":23.0},{"not_picked":["Blade Dance+1","Dagger Throw"],"picked":"Backflip+1","floor":24.0},{"not_picked":["Escape Plan+1","Glass Knife"],"picked":"Backstab","floor":25.0},{"not_picked":["Slice","Underhanded Strike"],"picked":"Blade Dance+1","floor":30.0},{"not_picked":["Acrobatics+1","Concentrate+1"],"picked":"Dodge and Roll+1","floor":31.0},{"not_picked":["Phantasmal Killer+1","A Thousand Cuts"],"picked":"Envenom","floor":33.0},{"not_picked":["Endless Agony+1","Prepared+1"],"picked":"Escape Plan+1","floor":35.0},{"not_picked":["Dagger Throw","Quick Slash"],"picked":"Backflip+1","floor":36.0},{"not_picked":["Eviscerate","All Out Attack"],"picked":"PiercingWail+1","floor":37.0},{"not_picked":["Concentrate+1","Dash"],"picked":"Backflip+1","floor":38.0},{"not_picked":["Predator","Outmaneuver+1","Poisoned Stab"],"picked":"SKIP","floor":41.0},{"not_picked":["Outmaneuver+1","Concentrate+1","Flechettes+1"],"picked":"SKIP","floor":45.0},{"not_picked":["Outmaneuver+1","Concentrate+1","Flechettes+1"],"picked":"SKIP","floor":45.0},{"not_picked":["Dagger Throw+1","Bouncing Flask+1"],"picked":"Outmaneuver+1","floor":47.0},{"not_picked":["Dagger Throw+1","Quick Slash+1"],"picked":"Blur+1","floor":48.0}],"player_experience":857449,"relics_obtained":[{"floor":5.0,"key":"Matryoshka"},{"floor":6.0,"key":"Boot"},{"floor":8.0,"key":"PreservedInsect"},{"floor":9.0,"key":"Centennial Puzzle"},{"floor":9.0,"key":"Potion Belt"},{"floor":14.0,"key":"Vajra"},{"floor":23.0,"key":"Darkstone Periapt"},{"floor":25.0,"key":"Smiling Mask"},{"floor":26.0,"key":"Art of War"},{"floor":26.0,"key":"Snake Skull"},{"floor":30.0,"key":"Girya"},{"floor":36.0,"key":"Ginger"},{"floor":41.0,"key":"Incense Burner"},{"floor":43.0,"key":"Molten Egg 2"},{"floor":45.0,"key":"Bottled Tornado"},{"floor":48.0,"key":"Letter Opener"}],"event_choices":[{"damage_healed":22.0,"max_hp_gain":0.0,"max_hp_loss":0.0,"gold_gain":0.0,"event_name":"Big Fish","player_choice":"Banana","floor":2.0,"gold_loss":0.0,"damage_taken":0.0},{"damage_healed":0.0,"max_hp_gain":0.0,"max_hp_loss":0.0,"gold_gain":0.0,"event_name":"Shining Light","player_choice":"Entered Light","floor":3.0,"gold_loss":0.0,"damage_taken":20.0,"cards_upgraded":["Neutralize","Defend_G"]},{"damage_healed":0.0,"max_hp_gain":0.0,"max_hp_loss":0.0,"gold_gain":0.0,"event_name":"WeMeetAgain","player_choice":"Paid Gold","floor":4.0,"gold_loss":60.0,"damage_taken":0.0,"relics_obtained":["Toxic Egg 2"]},{"damage_healed":16.0,"max_hp_gain":0.0,"max_hp_loss":0.0,"gold_gain":0.0,"event_name":"The Cleric","player_choice":"Healed","floor":11.0,"gold_loss":35.0,"damage_taken":0.0},{"damage_healed":0.0,"max_hp_gain":0.0,"max_hp_loss":0.0,"gold_gain":0.0,"event_name":"The Library","player_choice":"Read","floor":19.0,"gold_loss":0.0,"damage_taken":0.0,"cards_obtained":["Footwork"]},{"damage_healed":0.0,"max_hp_gain":0.0,"max_hp_loss":0.0,"gold_gain":0.0,"event_name":"The Mausoleum","player_choice":"Opened","floor":29.0,"gold_loss":0.0,"damage_taken":0.0,"relics_obtained":["MawBank"],"cards_obtained":["Writhe"]},{"damage_healed":0.0,"max_hp_gain":0.0,"max_hp_loss":0.0,"gold_gain":0.0,"event_name":"MindBloom","player_choice":"Fight","floor":36.0,"gold_loss":0.0,"damage_taken":0.0}],"is_beta":false,"boss_relics":[{"not_picked":["Busted Crown","Snecko Eye"],"picked":"WristBlade"},{"not_picked":["Tiny House","Ring of the Serpent"],"picked":"Empty Cage"}],"items_purged_floors":[22,27,39,46],"is_endless":false,"potions_floor_spawned":[8,13,14,23,30,31,36,41],"ascension_level":20}