{"gold_per_floor":[118,131,131,145,160,160,189,201,201,201,217,217,217,252,252,357,357,371,294,305,230,248,248],"floor_reached":23,"playtime":1354,"items_purged":[],"score":203,"play_id":"bd6f4ee6-6f47-4862-b0f3-95f2fed59cf7","local_time":"20180628022734","is_ascension_mode":false,"campfire_choices":[{"data":"Terror","floor":6,"key":"SMITH"},{"data":"Glass Knife","floor":13,"key":"SMITH"},{"data":"Caltrops","floor":15,"key":"SMITH"}],"neow_cost":"NONE","seed_source_timestamp":262815303115814,"circlet_count":0,"master_deck":["Defend_G","Defend_G","Defend_G","Defend_G","Defend_G","Strike_G","Strike_G","Strike_G","Survivor","Neutralize","Backstab","Die Die Die","Setup","Riddle With Holes","Blur","Terror+1","Unload","Glass Knife+1","Blade Dance","Outmaneuver","Caltrops+1","Endless Agony","Flying Knee","Tools of the Trade+1","J.A.X.","Accuracy+1"],"relics":["Orrery","Mummified Hand","Bottled Lightning","Gremlin Horn","Frozen Egg 2","Black Star"],"potions_floor_usage":[14,16,18],"damage_taken":[{"damage":1,"enemies":"Cultist","floor":1,"turns":3},{"damage":0,"enemies":"Jaw Worm","floor":2,"turns":3},{"damage":0,"enemies":"Small Slimes","floor":4,"turns":1},{"damage":0,"enemies":"Gremlin Gang","floor":5,"turns":2},{"damage":11,"enemies":"Gremlin Nob","floor":7,"turns":4},{"damage":6,"enemies":"2 Fungi Beasts","floor":8,"turns":3},{"damage":3,"enemies":"Exordium Thugs","floor":11,"turns":4},{"damage":6,"enemies":"3 Sentries","floor":14,"turns":4},{"damage":17,"enemies":"Slime Boss","floor":16,"turns":10},{"damage":4,"enemies":"Shell Parasite","floor":18,"turns":4},{"damage":0,"enemies":"Spheric Guardian","floor":20,"turns":3},{"damage":35,"enemies":"Centurion and Healer","floor":22,"turns":11},{"damage":36,"enemies":"Book of Stabbing","floor":23,"turns":4}],"seed_played":"6566197364988433844","potions_obtained":[{"floor":4,"key":"Weak Potion"},{"floor":7,"key":"Energy Potion"},{"floor":11,"key":"SteroidPotion"},{"floor":14,"key":"GhostInAJar"}],"is_trial":false,"path_per_floor":["M","M","?","M","M","R","E","M","T","?","M","?","R","E","R","B",null,"M","?","M","?","M"],"character_chosen":"THE_SILENT","items_purchased":[],"campfire_rested":0,"item_purchase_floors":[],"current_hp_per_floor":[69,69,69,69,69,69,58,52,52,52,49,49,49,43,43,26,70,66,66,66,66,31,0],"gold":248,"neow_bonus":"BOSS_RELIC","is_prod":false,"is_daily":false,"chose_seed":false,"campfire_upgraded":3,"win_rate":0.0,"timestamp":1530181654,"path_taken":["M","M","?","M","?","R","E","M","T","?","?","?","R","E","R","BOSS","M","?","?","?","M","E"],"build_version":"2018-06-21v2","purchased_purges":0,"victory":false,"max_hp_per_floor":[70,70,70,70,70,70,70,70,70,70,70,70,70,70,70,70,70,70,70,70,70,70,70],"card_choices":[{"not_picked":["PiercingWail","Masterful Stab"],"picked":"Backstab","floor":0},{"not_picked":["Slice","Cloak And Dagger"],"picked":"Die Die Die","floor":0},{"not_picked":["Dagger Spray","Deflect"],"picked":"Setup","floor":0},{"not_picked":["Bane","Dagger Throw"],"picked":"Riddle With Holes","floor":0},{"not_picked":["PiercingWail","Poisoned Stab"],"picked":"Blur","floor":0},{"not_picked":["Poisoned Stab","Malaise","Cloak And Dagger"],"picked":"SKIP","floor":1},{"not_picked":["Outmaneuver","Prepared"],"picked":"Terror","floor":2},{"not_picked":["Sucker Punch","Expertise"],"picked":"Glass Knife","floor":4},{"not_picked":["Dash","Flying Knee"],"picked":"Blade Dance","floor":5},{"not_picked":["Dodge and Roll","Underhanded Strike"],"picked":"Outmaneuver","floor":7},{"not_picked":["Prepared","Deadly Poison"],"picked":"Caltrops","floor":8},{"not_picked":["Terror","Reflex"],"picked":"Endless Agony","floor":11},{"not_picked":["Malaise","Prepared"],"picked":"Flying Knee","floor":14},{"not_picked":["Storm of Steel","Wraith Form v2+1"],"picked":"Tools of the Trade+1","floor":16},{"not_picked":["Heel Hook","Slice","Predator"],"picked":"SKIP","floor":18},{"not_picked":["PiercingWail","Deadly Poison+1","Slice"],"picked":"SKIP","floor":20},{"not_picked":["Noxious Fumes+1","Acrobatics"],"picked":"Accuracy+1","floor":22}],"player_experience":286056,"relics_obtained":[{"floor":7,"key":"Mummified Hand"},{"floor":9,"key":"Bottled Lightning"},{"floor":14,"key":"Frozen Egg 2"}],"event_choices":[{"event_name":"Living Wall","player_choice":"Change","floor":3,"damage_taken":0},{"event_name":"Purifier","player_choice":"One Purge","floor":10,"damage_taken":0},{"event_name":"Accursed Blacksmith","player_choice":"Rummage","floor":12,"damage_taken":0},{"event_name":"Drug Dealer","player_choice":"Got JAXXED","floor":19,"damage_taken":0},{"event_name":"Beggar","player_choice":"Gave Gold","floor":21,"damage_taken":0}],"boss_relics":[{"not_picked":["Busted Crown","Ectoplasm"],"picked":"Black Star"}],"items_purged_floors":[],"is_endless":false,"potions_floor_spawned":[4,7,11,14],"killed_by":"Book of Stabbing","ascension_level":0}