{"gold_per_floor":[111,111,111,22,34,34,50,77,77,77,77,93,35,35,35,109,109,121,0,0],"floor_reached":20,"playtime":636,"items_purged":[],"score":344,"play_id":"788ce714-2c72-4c64-9278-0aca6e15036e","local_time":"20181026162925","is_ascension_mode":true,"campfire_choices":[{"data":"Skewer","floor":6,"key":"SMITH"},{"data":"Concentrate","floor":10,"key":"SMITH"},{"data":"Underhanded Strike","floor":15,"key":"SMITH"}],"neow_cost":"NONE","seed_source_timestamp":1455058934536402,"circlet_count":0,"master_deck":["Defend_G","Defend_G","Defend_G","Defend_G","Strike_G","Strike_G","Strike_G","Strike_G","Strike_G","Survivor","Neutralize+1","AscendersBane","Skewer+1","Concentrate+1","Underhanded Strike+1","Dagger Throw","Escape Plan","PiercingWail","Corpse Explosion","Infinite Blades"],"relics":["Ring of the Snake","Omamori","The Specimen","Meat on the Bone","HoveringKite"],"potions_floor_usage":[11],"damage_taken":[{"damage":11,"enemies":"Small Slimes","floor":1,"turns":5},{"damage":0,"enemies":"Cultist","floor":5,"turns":3},{"damage":0,"enemies":"2 Louse","floor":7,"turns":2},{"damage":36,"enemies":"Lagavulin","floor":8,"turns":7},{"damage":0,"enemies":"Exordium Thugs","floor":11,"turns":1},{"damage":4,"enemies":"Blue Slaver","floor":12,"turns":3},{"damage":29,"enemies":"The Guardian","floor":16,"turns":13},{"damage":30,"enemies":"Chosen","floor":18,"turns":4},{"damage":37,"enemies":"Shell Parasite","floor":20,"turns":5}],"seed_played":"6735251734871317978","potions_obtained":[{"floor":1,"key":"SmokeBomb"},{"floor":16,"key":"Dexterity Potion"}],"is_trial":false,"path_per_floor":["M","?","?","$","M","R","M","E","T","R","M","M","$","?","R","B",null,"M","?"],"character_chosen":"THE_SILENT","items_purchased":["Skewer","PiercingWail"],"campfire_rested":0,"item_purchase_floors":[4,13],"current_hp_per_floor":[48,48,41,41,41,41,41,5,5,5,17,25,25,41,41,24,56,38,38,1],"gold":0,"neow_bonus":"RANDOM_COMMON_RELIC","is_prod":false,"is_daily":false,"chose_seed":false,"campfire_upgraded":3,"win_rate":0,"timestamp":1540585765,"path_taken":["M","?","?","$","M","R","?","E","T","R","M","M","$","?","R","BOSS","M","?","M"],"build_version":"2018-10-25v2","purchased_purges":0,"victory":false,"max_hp_per_floor":[66,66,66,66,66,66,66,66,66,66,66,66,66,66,66,66,66,66,66,66],"card_choices":[{"not_picked":["Catalyst","Escape Plan","Calculated Gamble"],"picked":"SKIP","floor":1},{"not_picked":["Sucker Punch","Choke"],"picked":"Concentrate","floor":5},{"not_picked":["Prepared","Dagger Throw"],"picked":"Underhanded Strike","floor":7},{"not_picked":["Quick Slash","Blade Dance"],"picked":"Dagger Throw","floor":8},{"not_picked":["PiercingWail","Slice"],"picked":"Escape Plan","floor":12},{"not_picked":["Glass Knife","Grand Finale"],"picked":"Corpse Explosion","floor":16},{"not_picked":["Dagger Throw","PiercingWail+1"],"picked":"Infinite Blades","floor":18}],"player_experience":835393,"relics_obtained":[{"floor":8,"key":"The Specimen"},{"floor":9,"key":"Meat on the Bone"}],"event_choices":[{"damage_healed":0,"gold_gain":0,"player_choice":"Grow","damage_taken":0,"max_hp_gain":0,"max_hp_loss":0,"event_name":"Living Wall","floor":2,"gold_loss":0,"cards_upgraded":["Neutralize"]},{"cards_removed":["Defend_G"],"damage_healed":0,"gold_gain":0,"player_choice":"Card Removal","damage_taken":7,"max_hp_gain":0,"max_hp_loss":0,"event_name":"Golden Wing","floor":3,"gold_loss":0},{"damage_healed":16,"gold_gain":0,"player_choice":"Healed and dodged fight","damage_taken":0,"max_hp_gain":0,"max_hp_loss":0,"event_name":"Mushrooms","floor":14,"gold_loss":0,"cards_obtained":["Parasite"]},{"damage_healed":0,"gold_gain":0,"player_choice":"Paid Fearfully","damage_taken":0,"max_hp_gain":0,"max_hp_loss":0,"event_name":"Masked Bandits","floor":19,"gold_loss":121}],"is_beta":false,"boss_relics":[{"not_picked":["Philosopher\u0027s Stone","Velvet Choker"],"picked":"HoveringKite"}],"items_purged_floors":[],"is_endless":false,"potions_floor_spawned":[1,11,16],"killed_by":"Shell Parasite","ascension_level":20}