{"gold_per_floor":[111,111,123,139,155,155,181,181,211,228,240,260,260,272,272,374,374,387,231,231,156,71,71,99,119,119,138,138,138,138,154,154,154],"floor_reached":33,"playtime":1539,"items_purged":["Lockon"],"score":404,"play_id":"a1329f14-e6d8-4561-9e66-9b0bbcf8434b","local_time":"20180708130757","is_ascension_mode":true,"campfire_choices":[{"data":"Zap","floor":6,"key":"SMITH"},{"floor":8,"key":"REST"},{"data":"Dualcast","floor":13,"key":"SMITH"},{"data":"Go for the Eyes","floor":15,"key":"SMITH"},{"data":"Streamline","floor":23,"key":"SMITH"},{"floor":28,"key":"REST"},{"data":"Hologram","floor":30,"key":"SMITH"},{"floor":32,"key":"REST"}],"neow_cost":"NONE","seed_source_timestamp":711016574794349,"circlet_count":0,"master_deck":["Zap+1","Dualcast+1","AscendersBane","Go for the Eyes+1","Turbo","Leap","Gash","Leap","Gash+1","Rebound+1","Sunder","Conserve Battery","Gash","Streamline+1","Skim","Reprogram","Go for the Eyes","Machine Learning","FTL","FTL","Hologram+1","Self Repair"],"relics":["Pandora\u0027s Box","Happy Flower","Tiny Chest","Sozu","Darkstone Periapt","Bottled Tornado","Boot"],"potions_floor_usage":[16,18,24,31],"damage_taken":[{"damage":2,"enemies":"Jaw Worm","floor":1,"turns":4},{"damage":0,"enemies":"Small Slimes","floor":3,"turns":4},{"damage":6,"enemies":"Cultist","floor":4,"turns":4},{"damage":18,"enemies":"Exordium Wildlife","floor":5,"turns":4},{"damage":9,"enemies":"3 Sentries","floor":7,"turns":7},{"damage":2,"enemies":"Looter","floor":10,"turns":2},{"damage":0,"enemies":"3 Louse","floor":11,"turns":3},{"damage":0,"enemies":"Exordium Wildlife","floor":12,"turns":3},{"damage":9,"enemies":"Large Slime","floor":14,"turns":4},{"damage":17,"enemies":"Slime Boss","floor":16,"turns":8},{"damage":0,"enemies":"3 Byrds","floor":18,"turns":4},{"damage":45,"enemies":"Book of Stabbing","floor":24,"turns":5},{"damage":6,"enemies":"Shell Parasite","floor":25,"turns":5},{"damage":0,"enemies":"Chosen and Byrds","floor":27,"turns":4},{"damage":12,"enemies":"Centurion and Healer","floor":31,"turns":5},{"damage":52,"enemies":"Champ","floor":33,"turns":8}],"seed_played":"-1907622881751653333","potions_obtained":[{"floor":5,"key":"LiquidBronze"},{"floor":7,"key":"SpeedPotion"},{"floor":11,"key":"Strength Potion"},{"floor":16,"key":"FearPotion"}],"is_trial":false,"path_per_floor":["M","?","M","M","M","R","E","R","T","M","M","M","R","M","R","B",null,"M","$","?","?","?","R","E","M","T","M","R","?","R","M","R"],"character_chosen":"DEFECT","items_purchased":["FTL"],"campfire_rested":3,"item_purchase_floors":[19],"current_hp_per_floor":[66,51,51,45,27,27,18,40,40,38,38,38,38,29,29,12,59,59,59,59,59,59,59,14,8,8,8,30,30,30,25,47,0],"gold":154,"neow_bonus":"BOSS_RELIC","is_prod":false,"is_daily":false,"chose_seed":false,"campfire_upgraded":5,"win_rate":0,"timestamp":1531069677,"path_taken":["M","?","M","M","M","R","E","R","T","M","M","M","R","M","R","BOSS","M","$","?","?","?","R","E","?","T","M","R","?","R","M","R","BOSS"],"build_version":"2018-07-05","purchased_purges":1,"victory":false,"max_hp_per_floor":[75,75,75,75,75,75,75,75,75,75,75,75,75,75,75,75,75,75,75,75,75,75,75,75,75,75,75,75,75,75,75,75,75],"card_choices":[{"not_picked":["Cold Snap","Lockon"],"picked":"Coolheaded","floor":1},{"not_picked":["Compile Driver","Rebound","Auto Shields"],"picked":"SKIP","floor":3},{"not_picked":["Barrage","Turbo"],"picked":"Sunder","floor":4},{"not_picked":["Stack","Sweeping Beam"],"picked":"Conserve Battery","floor":5},{"not_picked":["Meteor Strike","Hologram"],"picked":"Gash","floor":7},{"not_picked":["Coolheaded","Redo"],"picked":"Streamline","floor":10},{"not_picked":["Cold Snap","Consume"],"picked":"Skim","floor":11},{"not_picked":["Ball Lightning","Streamline"],"picked":"Reprogram","floor":12},{"not_picked":["Skim","Redo"],"picked":"Go for the Eyes","floor":14},{"not_picked":["Multi-Cast","Electrodynamics"],"picked":"Machine Learning","floor":16},{"not_picked":["Capacitor+1","Leap","Melter"],"picked":"SKIP","floor":18},{"not_picked":["Streamline","Turbo"],"picked":"FTL","floor":24},{"not_picked":["Recycle","Darkness+1"],"picked":"Hologram","floor":25},{"not_picked":["Consume","Rebound+1"],"picked":"Self Repair","floor":27},{"not_picked":["Go for the Eyes+1","Hologram","Leap"],"picked":"SKIP","floor":31}],"player_experience":404984,"relics_obtained":[{"floor":7,"key":"Happy Flower"},{"floor":9,"key":"Tiny Chest"},{"floor":24,"key":"Bottled Tornado"},{"floor":26,"key":"Boot"}],"event_choices":[{"event_name":"Shining Light","player_choice":"Entered Light","floor":2,"damage_taken":0},{"event_name":"Cursed Tome","player_choice":"Ignored","floor":20,"damage_taken":0},{"event_name":"Beggar","player_choice":"Gave Gold","floor":21,"damage_taken":0},{"event_name":"Addict","player_choice":"Obtained Relic","floor":22,"damage_taken":0},{"event_name":"Vampires","player_choice":"Ignored","floor":29,"damage_taken":0}],"boss_relics":[{"not_picked":["Runic Dome","Coffee Dripper"],"picked":"Sozu"}],"items_purged_floors":[19],"is_endless":false,"potions_floor_spawned":[5,7,11,16,24],"killed_by":"Champ","ascension_level":10}