{"gold_per_floor":[117,129,129,152,152,167,167,202,248,248,271,311,311],"floor_reached":13,"playtime":593,"items_purged":[],"score":152,"play_id":"1065cf46-1990-4e88-9c36-29bad7bfbbd3","local_time":"20180711172528","is_ascension_mode":true,"campfire_choices":[{"data":"True Grit","floor":7.0,"key":"SMITH"},{"data":"Bash","floor":10.0,"key":"SMITH"}],"neow_cost":"NONE","seed_source_timestamp":72639962479117,"circlet_count":0,"master_deck":["Strike_R","Strike_R","Strike_R","Strike_R","Strike_R","Defend_R","Defend_R","Defend_R","Defend_R","Bash+1","AscendersBane","Clothesline","Seeing Red","True Grit+1","Thunderclap","Feel No Pain"],"special_seed":0,"relics":["Runic Pyramid","Golden Idol","Smiling Mask","Art of War","Strawberry","Ornamental Fan"],"potions_floor_usage":[],"damage_taken":[{"damage":9.0,"enemies":"Jaw Worm","floor":1.0,"turns":4.0},{"damage":12.0,"enemies":"Small Slimes","floor":2.0,"turns":4.0},{"damage":0.0,"enemies":"Cultist","floor":4.0,"turns":3.0},{"damage":24.0,"enemies":"Large Slime","floor":6.0,"turns":8.0},{"damage":14.0,"enemies":"3 Sentries","floor":8.0,"turns":12.0},{"damage":5.0,"enemies":"2 Fungi Beasts","floor":11.0,"turns":4.0},{"damage":15.0,"enemies":"Gremlin Nob","floor":12.0,"turns":4.0},{"damage":0,"enemies":"Blue Slaver","floor":13,"turns":1}],"seed_played":"-2716852387052533491","potions_obtained":[{"floor":4.0,"key":"Regen Potion"},{"floor":6.0,"key":"Block Potion"},{"floor":8.0,"key":"SkillPotion"},{"floor":11.0,"key":"Poison Potion"}],"is_trial":false,"path_per_floor":["M","M","?","M","?","M","R","E","T","R","M","E"],"character_chosen":"IRONCLAD","items_purchased":[],"campfire_rested":0,"item_purchase_floors":[],"current_hp_per_floor":[63,51,51,51,44,35,35,21,28,28,23,8,8],"gold":311,"neow_bonus":"BOSS_RELIC","is_prod":false,"is_daily":false,"chose_seed":false,"campfire_upgraded":2,"win_rate":0,"timestamp":1531344328,"path_taken":["M","M","?","M","?","M","R","E","T","R","M","E","M"],"build_version":"2018-07-05","purchased_purges":0,"victory":false,"max_hp_per_floor":[80,80,74,74,74,74,74,74,81,81,81,81,81],"card_choices":[{"not_picked":["Havoc","True Grit"],"picked":"Clothesline","floor":1.0},{"not_picked":["Spot Weakness","Clash"],"picked":"Seeing Red","floor":2.0},{"not_picked":["Havoc","Body Slam"],"picked":"True Grit","floor":4.0},{"not_picked":["Rupture","Wild Strike","Heavy Blade"],"picked":"SKIP","floor":6.0},{"not_picked":["Rupture","Entrench"],"picked":"Thunderclap","floor":8.0},{"not_picked":["Spot Weakness","Flex"],"picked":"Feel No Pain","floor":11.0},{"not_picked":["Cleave","Bloodletting","Flame Barrier"],"picked":"SKIP","floor":12.0}],"player_experience":432905,"relics_obtained":[{"floor":8.0,"key":"Art of War"},{"floor":9.0,"key":"Strawberry"},{"floor":12.0,"key":"Ornamental Fan"}],"event_choices":[{"event_name":"Golden Idol","player_choice":"Lose Max HP","floor":3.0,"damage_taken":0.0},{"event_name":"Scrap Ooze","player_choice":"success","floor":5.0,"damage_taken":7.0}],"boss_relics":[],"items_purged_floors":[],"is_endless":false,"potions_floor_spawned":[4,6,8,11],"killed_by":"Blue Slaver","ascension_level":12}