{"gold_per_floor":[119,72,87,107,125,125,157,187,241,252,276,276],"floor_reached":12,"playtime":375,"items_purged":[],"score":140,"play_id":"0a88ce8c-f246-4b1e-ba7c-e61ee5699596","local_time":"20181125141029","is_ascension_mode":true,"campfire_choices":[{"data":"Bludgeon","floor":6,"key":"SMITH"}],"neow_cost":"NONE","seed_source_timestamp":404750866469605,"circlet_count":0,"master_deck":["AscendersBane","Strike_R","Strike_R","Strike_R","Strike_R","Strike_R","Defend_R","Defend_R","Defend_R","Defend_R","Bash","Bludgeon+1","Warcry","Shrug It Off","Intimidate","Iron Wave","Cleave","Pommel Strike"],"relics":["Burning Blood","Ornamental Fan","Odd Mushroom","Omamori"],"potions_floor_usage":[7],"damage_taken":[{"damage":0,"enemies":"Cultist","floor":1,"turns":2},{"damage":6,"enemies":"Small Slimes","floor":3,"turns":2},{"damage":1,"enemies":"Jaw Worm","floor":4,"turns":4},{"damage":29,"enemies":"Exordium Thugs","floor":5,"turns":6},{"damage":26,"enemies":"Lagavulin","floor":7,"turns":6},{"damage":22,"enemies":"The Mushroom Lair","floor":8,"turns":5},{"damage":1,"enemies":"Looter","floor":10,"turns":3},{"damage":36,"enemies":"3 Sentries","floor":12,"turns":6}],"seed_played":"-5567384216963736837","potions_obtained":[{"floor":5,"key":"Block Potion"},{"floor":8,"key":"Energy Potion"},{"floor":10,"key":"FairyPotion"}],"is_trial":false,"path_per_floor":["M","$","M","M","M","R","E","?","T","M","T","E"],"character_chosen":"IRONCLAD","items_purchased":["Shrug It Off"],"campfire_rested":0,"item_purchase_floors":[2],"current_hp_per_floor":[74,74,74,75,52,52,32,16,16,21,21,0],"gold":276,"neow_bonus":"ONE_RANDOM_RARE_CARD","is_prod":false,"is_daily":false,"chose_seed":false,"campfire_upgraded":1,"win_rate":0,"timestamp":1543173029,"path_taken":["M","?","M","M","M","R","E","?","T","?","?","E"],"build_version":"2018-11-15","purchased_purges":0,"victory":false,"max_hp_per_floor":[75,75,75,75,75,75,75,75,75,75,75,75],"card_choices":[{"not_picked":["Havoc","Shockwave"],"picked":"Warcry","floor":1},{"not_picked":["Sword Boomerang","Wild Strike","Heavy Blade"],"picked":"SKIP","floor":3},{"not_picked":["Body Slam","Exhume"],"picked":"Intimidate","floor":4},{"not_picked":["Rupture","Second Wind","Dropkick"],"picked":"SKIP","floor":5},{"not_picked":["Anger","Flex"],"picked":"Iron Wave","floor":7},{"not_picked":["Entrench","True Grit"],"picked":"Cleave","floor":8},{"not_picked":["Sword Boomerang","Body Slam"],"picked":"Pommel Strike","floor":10}],"player_experience":941989,"relics_obtained":[{"floor":7,"key":"Ornamental Fan"},{"floor":8,"key":"Odd Mushroom"},{"floor":11,"key":"Omamori"}],"event_choices":[{"damage_healed":0,"gold_gain":0,"player_choice":"Fought Mushrooms","damage_taken":0,"max_hp_gain":0,"max_hp_loss":0,"event_name":"Mushrooms","floor":8,"gold_loss":0}],"is_beta":false,"boss_relics":[],"items_purged_floors":[],"is_endless":false,"potions_floor_spawned":[5,8,10],"killed_by":"3 Sentries","ascension_level":15}