{"gold_per_floor":[116,131,111,27,43,43,72,85,112,112,112,10,10,27,27,105,105,105,105,105,55,0,0,0,0,0,0,0,0,0,0,0,0],"floor_reached":33,"playtime":1058,"items_purged":["Strike_G","Defend_G"],"score":478,"play_id":"efd095cc-af40-4081-9cd3-7f503dc89c90","local_time":"20181021224100","is_ascension_mode":true,"campfire_choices":[{"data":"Noxious Fumes","floor":6,"key":"SMITH"},{"data":"Cloak And Dagger","floor":11,"key":"SMITH"},{"data":"Crippling Poison","floor":13,"key":"SMITH"},{"data":"Sucker Punch","floor":15,"key":"SMITH"},{"floor":23,"key":"REST"},{"floor":25,"key":"REST"},{"data":"Calculated Gamble","floor":28,"key":"SMITH"},{"floor":32,"key":"REST"}],"neow_cost":"NONE","seed_source_timestamp":1044921396773407,"circlet_count":0,"master_deck":["Defend_G","Defend_G","Defend_G","Defend_G","Strike_G","Strike_G","Survivor","Neutralize","AscendersBane","Sucker Punch+1","Dagger Spray","Noxious Fumes+1","Slice","Crippling Poison+1","Cloak And Dagger+1","Parasite","Bane","Calculated Gamble+1","Venomology","Backflip+1","RitualDagger","PiercingWail","Tactician","Deadly Poison+1","Bane","Dodge and Roll+1","Crippling Poison+1","Writhe"],"relics":["Ring of the Snake","NeowsBlessing","Boot","Smiling Mask","Ectoplasm","Toxic Egg 2","Lantern"],"potions_floor_usage":[7,16,16,18,18,22,24,24,29,29,30,33],"damage_taken":[{"damage":0,"enemies":"Cultist","floor":1,"turns":1},{"damage":0,"enemies":"2 Louse","floor":2,"turns":1},{"damage":0,"enemies":"Jaw Worm","floor":5,"turns":1},{"damage":42,"enemies":"Lagavulin","floor":7,"turns":9},{"damage":5,"enemies":"Blue Slaver","floor":8,"turns":5},{"damage":1,"enemies":"3 Louse","floor":14,"turns":2},{"damage":11,"enemies":"Hexaghost","floor":16,"turns":9},{"damage":19,"enemies":"Shell Parasite","floor":18,"turns":6},{"damage":17,"enemies":"Colosseum Slavers","floor":20,"turns":4},{"damage":11,"enemies":"2 Thieves","floor":22,"turns":5},{"damage":18,"enemies":"Shelled Parasite and Fungi","floor":24,"turns":5},{"damage":11,"enemies":"Centurion and Healer","floor":29,"turns":7},{"damage":19,"enemies":"3 Cultists","floor":30,"turns":5},{"damage":41,"enemies":"Collector","floor":33,"turns":5}],"seed_played":"-7435401259667877382","potions_obtained":[{"floor":1,"key":"GamblersBrew"},{"floor":3,"key":"Fire Potion"},{"floor":7,"key":"LiquidBronze"},{"floor":16,"key":"PowerPotion"},{"floor":22,"key":"Swift Potion"},{"floor":24,"key":"FearPotion"},{"floor":30,"key":"FearPotion"}],"is_trial":false,"path_per_floor":["M","M","?","$","M","R","E","M","T","?","R","$","R","M","R","B",null,"M","?","?","$","M","R","M","R","T","?","R","M","M","?","R"],"character_chosen":"THE_SILENT","items_purchased":["Noxious Fumes","Bane"],"campfire_rested":3,"item_purchase_floors":[4,12],"current_hp_per_floor":[59,59,59,59,59,59,17,12,12,28,28,28,28,27,27,16,54,35,29,12,12,1,20,2,21,21,21,21,24,5,5,24,0],"gold":0,"neow_bonus":"THREE_ENEMY_KILL","is_prod":false,"is_daily":false,"chose_seed":false,"campfire_upgraded":5,"win_rate":0,"timestamp":1540176060,"path_taken":["M","M","?","?","M","R","E","M","T","?","R","$","R","M","R","BOSS","M","?","?","?","M","R","?","R","T","?","R","M","M","?","R","BOSS"],"build_version":"2018-10-18","purchased_purges":2,"victory":false,"max_hp_per_floor":[66,66,66,66,66,66,66,66,66,66,66,66,66,66,66,66,66,66,66,66,66,66,66,66,66,66,66,66,66,66,66,66,66],"card_choices":[{"not_picked":["Choke","Dodge and Roll"],"picked":"Sucker Punch","floor":1},{"not_picked":["Reflex","Flying Knee"],"picked":"Dagger Spray","floor":2},{"not_picked":["Outmaneuver","Tactician"],"picked":"Slice","floor":5},{"not_picked":["Dagger Spray","Noxious Fumes"],"picked":"Crippling Poison","floor":7},{"not_picked":["Expertise","Accuracy"],"picked":"Cloak And Dagger","floor":8},{"not_picked":["Reflex","Bane"],"picked":"Calculated Gamble","floor":14},{"not_picked":["Storm of Steel","Doppelganger"],"picked":"Venomology","floor":16},{"not_picked":["Heel Hook","Cloak And Dagger"],"picked":"Backflip+1","floor":18},{"not_picked":["Outmaneuver+1","Underhanded Strike"],"picked":"PiercingWail","floor":22},{"not_picked":["Dagger Throw","PiercingWail"],"picked":"Tactician","floor":24},{"not_picked":["Flying Knee","Deadly Poison+1"],"picked":"Dodge and Roll+1","floor":29},{"not_picked":["Outmaneuver+1","Accuracy"],"picked":"Crippling Poison+1","floor":30}],"player_experience":792751,"relics_obtained":[{"floor":7,"key":"Boot"},{"floor":9,"key":"Smiling Mask"},{"floor":26,"key":"Toxic Egg 2"}],"event_choices":[{"damage_healed":0,"gold_gain":0,"player_choice":"Bought 1 Potion","damage_taken":0,"max_hp_gain":0,"max_hp_loss":0,"event_name":"The Woman in Blue","floor":3,"gold_loss":0},{"damage_healed":16,"gold_gain":0,"player_choice":"Healed and dodged fight","damage_taken":0,"max_hp_gain":0,"max_hp_loss":0,"event_name":"Mushrooms","floor":10,"gold_loss":0,"cards_obtained":["Parasite"]},{"damage_healed":0,"gold_gain":0,"player_choice":"Joined the Cult","damage_taken":6,"max_hp_gain":0,"max_hp_loss":0,"event_name":"Nest","floor":19,"gold_loss":0,"cards_obtained":["RitualDagger"]},{"damage_healed":0,"gold_gain":0,"player_choice":"Fight","damage_taken":0,"max_hp_gain":0,"max_hp_loss":0,"event_name":"Colosseum","floor":20,"gold_loss":0},{"damage_healed":0,"gold_gain":0,"player_choice":"Fled From Nobs","damage_taken":0,"max_hp_gain":0,"max_hp_loss":0,"event_name":"Colosseum","floor":20,"gold_loss":0},{"damage_healed":0,"gold_gain":0,"cards_transformed":["Strike_G","Strike_G"],"player_choice":"Became Test Subject","damage_taken":0,"max_hp_gain":0,"max_hp_loss":0,"event_name":"Drug Dealer","floor":27,"gold_loss":0,"cards_obtained":["Deadly Poison","Bane"]},{"damage_healed":0,"gold_gain":0,"player_choice":"Opened","damage_taken":0,"relics_obtained":["Lantern"],"max_hp_gain":0,"max_hp_loss":0,"event_name":"The Mausoleum","floor":31,"gold_loss":0,"cards_obtained":["Writhe"]}],"is_beta":false,"boss_relics":[{"not_picked":["Empty Cage","Calling Bell"],"picked":"Ectoplasm"}],"items_purged_floors":[12,21],"is_endless":false,"potions_floor_spawned":[1,7,16,22,24,30],"killed_by":"Collector","ascension_level":19}