{"gold_per_floor":[11,31,31,43,43,43,76,76,76,89,89,89,100,120,120,198,198,216,141,118,118,136,136,149,149,223,223],"floor_reached":27,"playtime":7255,"items_purged":["Strike_B"],"score":515,"play_id":"523619c1-c9e0-44b5-90b3-c76fac13ccd2","local_time":"20180923193448","is_ascension_mode":true,"campfire_choices":[{"data":"Gash","floor":6,"key":"SMITH"},{"data":"Seek","floor":11,"key":"SMITH"},{"data":"Creative AI","floor":15,"key":"SMITH"},{"data":"Recycle","floor":23,"key":"SMITH"},{"data":"Meteor Strike","floor":25,"key":"SMITH"}],"neow_cost":"NO_GOLD","seed_source_timestamp":697742525547863,"circlet_count":0,"master_deck":["Strike_B","Strike_B","Strike_B","Defend_B","Defend_B","Defend_B","Defend_B","Zap","Dualcast","AscendersBane","Seek+1","Gash+1","Cold Snap","Creative AI+1","Go for the Eyes","Glacier","Meteor Strike+1","Recycle+1","Ghostly","Ghostly","Ghostly","Ghostly","Ghostly","Chill+1"],"relics":["Cracked Core","GremlinMask","Bottled Lightning","Bronze Scales","Philosopher\u0027s Stone","Darkstone Periapt"],"potions_floor_usage":[10,14,14,16,18,20,20,24],"damage_taken":[{"damage":4,"enemies":"Jaw Worm","floor":1,"turns":4},{"damage":1,"enemies":"Small Slimes","floor":2,"turns":3},{"damage":0,"enemies":"2 Louse","floor":4,"turns":3},{"damage":38,"enemies":"Lagavulin","floor":7,"turns":8},{"damage":5,"enemies":"Exordium Thugs","floor":10,"turns":5},{"damage":7,"enemies":"Blue Slaver","floor":13,"turns":4},{"damage":0,"enemies":"Looter","floor":14,"turns":2},{"damage":0,"enemies":"Hexaghost","floor":16,"turns":9},{"damage":9,"enemies":"Spheric Guardian","floor":18,"turns":6},{"damage":35,"enemies":"2 Thieves","floor":20,"turns":4},{"damage":3,"enemies":"Centurion and Healer","floor":22,"turns":9},{"damage":0,"enemies":"3 Cultists","floor":24,"turns":7},{"damage":0,"enemies":"Cultist and Chosen","floor":27,"turns":3}],"seed_played":"-7890798988315197037","potions_obtained":[{"floor":7,"key":"Poison Potion"},{"floor":10,"key":"Poison Potion"},{"floor":13,"key":"EntropicBrew"},{"floor":16,"key":"PowerPotion"},{"floor":18,"key":"Weak Potion"},{"floor":22,"key":"Fire Potion"}],"is_trial":false,"path_per_floor":["M","M","?","M","?","R","E","?","T","M","R","?","M","M","R","B",null,"M","$","M","?","M","R","M","R","T"],"character_chosen":"DEFECT","items_purchased":[],"campfire_rested":0,"item_purchase_floors":[],"current_hp_per_floor":[60,59,59,59,59,59,21,21,21,16,16,16,9,9,9,9,56,47,47,12,12,9,9,9,9,9,9],"gold":223,"neow_bonus":"THREE_RARE_CARDS","is_prod":false,"is_daily":false,"chose_seed":false,"campfire_upgraded":5,"win_rate":0,"timestamp":1537745688,"path_taken":["M","M","?","M","?","R","E","?","T","?","R","?","M","?","R","BOSS","M","$","?","?","M","R","M","R","T","M"],"build_version":"2018-09-20","purchased_purges":1,"victory":false,"max_hp_per_floor":[71,71,71,71,71,71,71,71,71,71,71,71,71,71,71,71,71,71,71,71,35,35,35,35,35,35,35],"card_choices":[{"not_picked":["Fission","Thunder Strike"],"picked":"Seek","floor":0},{"not_picked":["Compile Driver","Steam Power"],"picked":"Gash","floor":1},{"not_picked":["White Noise","Barrage","Turbo"],"picked":"SKIP","floor":2},{"not_picked":["Reprogram","Steam Power"],"picked":"Cold Snap","floor":4},{"not_picked":["Compile Driver","Stack"],"picked":"Creative AI","floor":7},{"not_picked":["Hologram","Turbo"],"picked":"Go for the Eyes","floor":10},{"not_picked":["Darkness","Machine Learning"],"picked":"Glacier","floor":13},{"not_picked":["Barrage","Melter","Streamline"],"picked":"SKIP","floor":14},{"not_picked":["Seek","Multi-Cast"],"picked":"Meteor Strike","floor":16},{"not_picked":["Conserve Battery+1","Skim"],"picked":"Recycle","floor":18},{"not_picked":["Aggregate","Compile Driver","Melter"],"picked":"SKIP","floor":20},{"not_picked":["Beam Cell+1","Doom and Gloom"],"picked":"Chill+1","floor":22},{"not_picked":["Rebound","Compile Driver","Skim"],"picked":"SKIP","floor":24}],"player_experience":698906,"relics_obtained":[{"floor":7,"key":"Bottled Lightning"},{"floor":9,"key":"Bronze Scales"},{"floor":26,"key":"Darkstone Periapt"}],"event_choices":[{"event_name":"The Cleric","player_choice":"Leave","floor":3,"damage_taken":0},{"event_name":"FaceTrader","player_choice":"Trade","floor":5,"damage_taken":0},{"event_name":"Scrap Ooze","player_choice":"unsuccessful","floor":8,"damage_taken":0},{"event_name":"Liars Game","player_choice":"disagreed","floor":12,"damage_taken":0},{"event_name":"Ghosts","player_choice":"Became a Ghost","floor":21,"damage_taken":0}],"is_beta":false,"boss_relics":[{"not_picked":["FrozenCore","Tiny House"],"picked":"Philosopher\u0027s Stone"}],"items_purged_floors":[19],"is_endless":false,"potions_floor_spawned":[7,10,13,16,18,22],"killed_by":"Cultist and Chosen","ascension_level":17}