{"gold_per_floor":[119,119,142,50,74,74,107,107,164,204,204,227,227,252,252,345,345,360,360,83,97,522,522,10,41,41,61,61],"floor_reached":28,"playtime":1580,"items_purged":[],"score":443,"play_id":"c3c8fa2f-cf34-486d-b61d-1eccd0dc7f1a","local_time":"20190508105722","is_ascension_mode":true,"campfire_choices":[{"floor":6,"key":"REST"},{"floor":11,"key":"REST"},{"data":"Bouncing Flask","floor":13,"key":"SMITH"},{"data":"Neutralize","floor":15,"key":"SMITH"},{"floor":23,"key":"REST"}],"neow_cost":"NONE","seed_source_timestamp":232180294356303,"circlet_count":0,"master_deck":["AscendersBane","Defend_G","Defend_G","Defend_G","Defend_G","Defend_G","Strike_G","Strike_G","Strike_G","Strike_G","Strike_G","Survivor","Neutralize+1","Dagger Spray","Escape Plan","Dramatic Entrance+1","Quick Slash","Bouncing Flask+1","Prepared","Bouncing Flask","Acrobatics","After Image","Backflip","Footwork","Backflip","Well Laid Plans","Acrobatics","Metamorphosis","Slice+1","Glass Knife"],"relics":["Ring of the Snake","Bag of Marbles","Golden Idol","Art of War","Tiny Chest","Dodecahedron","Sozu","Lantern","Old Coin","Matryoshka","Unceasing Top","Omamori","Singing Bowl","Ancient Tea Set"],"potions_floor_usage":[7,7,16,22],"damage_taken":[{"damage":3,"enemies":"Jaw Worm","floor":1,"turns":4},{"damage":2,"enemies":"Small Slimes","floor":3,"turns":3},{"damage":0,"enemies":"Cultist","floor":5,"turns":2},{"damage":24,"enemies":"Gremlin Nob","floor":7,"turns":5},{"damage":25,"enemies":"Lagavulin","floor":10,"turns":6},{"damage":0,"enemies":"Lots of Slimes","floor":12,"turns":1},{"damage":0,"enemies":"Blue Slaver","floor":14,"turns":1},{"damage":8,"enemies":"Hexaghost","floor":16,"turns":8},{"damage":6,"enemies":"3 Byrds","floor":18,"turns":5},{"damage":0,"enemies":"Chosen","floor":21,"turns":4},{"damage":17,"enemies":"Colosseum Slavers","floor":22,"turns":5},{"damage":0,"enemies":"Colosseum Nobs","floor":22,"turns":2},{"damage":21,"enemies":"Book of Stabbing","floor":25,"turns":5},{"damage":15,"enemies":"Shelled Parasite and Fungi","floor":27,"turns":7},{"damage":8,"enemies":"Centurion and Healer","floor":28,"turns":2}],"seed_played":"908709987290883242","potions_obtained":[{"floor":1,"key":"SteroidPotion"},{"floor":5,"key":"Weak Potion"},{"floor":10,"key":"PowerPotion"},{"floor":16,"key":"SteroidPotion"}],"is_trial":false,"path_per_floor":["M","?","M","$","M","R","E","?","T","E","R","M","R","M","R","B",null,"M","?","$","M","?","R","$","E","T","M","M"],"character_chosen":"THE_SILENT","items_purchased":["Dramatic Entrance","Lantern","Footwork","Backflip","Unceasing Top","Metamorphosis"],"campfire_rested":3,"item_purchase_floors":[4,20,20,20,24,24],"current_hp_per_floor":[56,33,31,31,31,50,26,26,26,1,20,20,20,20,20,12,53,47,38,38,38,21,40,40,19,19,4,0],"gold":61,"neow_bonus":"RANDOM_COMMON_RELIC","is_prod":false,"is_daily":false,"chose_seed":false,"campfire_upgraded":2,"win_rate":0,"timestamp":1557338242,"path_taken":["M","?","M","$","M","R","E","?","T","E","R","?","R","?","R","BOSS","M","?","?","M","?","R","$","E","T","M","?"],"build_version":"2019-01-23","purchased_purges":0,"victory":false,"max_hp_per_floor":[66,66,66,66,66,66,66,66,66,66,66,66,66,66,66,66,66,66,66,66,66,66,66,66,66,66,66,66],"card_choices":[{"not_picked":["Distraction","Deadly Poison"],"picked":"Dagger Spray","floor":1},{"not_picked":["Crippling Poison","Riddle With Holes"],"picked":"Escape Plan","floor":3},{"not_picked":["Underhanded Strike","Caltrops"],"picked":"Quick Slash","floor":5},{"not_picked":["Poisoned Stab","Leg Sweep"],"picked":"Bouncing Flask","floor":7},{"not_picked":["All Out Attack","Concentrate"],"picked":"Prepared","floor":10},{"not_picked":["Sucker Punch","Skewer"],"picked":"Bouncing Flask","floor":12},{"not_picked":["Dash","Flying Knee"],"picked":"Acrobatics","floor":14},{"not_picked":["Wraith Form v2","Grand Finale"],"picked":"After Image","floor":16},{"not_picked":["Slice","Calculated Gamble"],"picked":"Backflip","floor":18},{"not_picked":["Deadly Poison","Slice"],"picked":"Well Laid Plans","floor":21},{"not_picked":["Skewer","Poisoned Stab"],"picked":"Acrobatics","floor":22},{"not_picked":["Prepared","Leg Sweep"],"picked":"Slice+1","floor":25},{"not_picked":["Deadly Poison","Concentrate"],"picked":"Glass Knife","floor":27}],"player_experience":636300,"relics_obtained":[{"floor":7,"key":"Art of War"},{"floor":9,"key":"Tiny Chest"},{"floor":10,"key":"Dodecahedron"},{"floor":22,"key":"Old Coin"},{"floor":22,"key":"Matryoshka"},{"floor":25,"key":"Omamori"},{"floor":26,"key":"Singing Bowl"},{"floor":26,"key":"Ancient Tea Set"}],"event_choices":[{"damage_healed":0,"gold_gain":0,"player_choice":"Take Damage","damage_taken":23,"relics_obtained":["Golden Idol"],"max_hp_gain":0,"max_hp_loss":0,"event_name":"Golden Idol","floor":2,"gold_loss":0},{"damage_healed":0,"gold_gain":0,"player_choice":"Upgraded","damage_taken":0,"max_hp_gain":0,"max_hp_loss":0,"event_name":"Upgrade Shrine","floor":8,"gold_loss":0,"cards_upgraded":["Dramatic Entrance"]},{"damage_healed":0,"gold_gain":0,"player_choice":"Damaged","damage_taken":9,"max_hp_gain":0,"max_hp_loss":0,"event_name":"Wheel of Change","floor":19,"gold_loss":0},{"damage_healed":0,"gold_gain":0,"player_choice":"Fight","damage_taken":0,"max_hp_gain":0,"max_hp_loss":0,"event_name":"Colosseum","floor":22,"gold_loss":0},{"damage_healed":0,"gold_gain":0,"player_choice":"Fought Nobs","damage_taken":0,"max_hp_gain":0,"max_hp_loss":0,"event_name":"Colosseum","floor":22,"gold_loss":0}],"is_beta":false,"boss_relics":[{"not_picked":["Snecko Eye","Tiny House"],"picked":"Sozu"}],"items_purged_floors":[],"is_endless":false,"potions_floor_spawned":[1,5,10,16,22,25],"killed_by":"Centurion and Healer","ascension_level":16}