{"gold_per_floor":[112,128,93,63,74,108,108,126,126,126,156,156,199,199,199,289,289,313,313,363,66,79,79,106,121,121,156,169,195,211,211,211,287,287,303,303,303,313,42,42,61,88,88,30,30,42,42,57,57,57],"floor_reached":51,"playtime":3211,"items_purged":["Strike_G","Writhe"],"score":1380,"play_id":"5e6216a9-f0f1-4b11-a1a7-b111877d9dbc","local_time":"20180912231444","is_ascension_mode":true,"campfire_choices":[{"data":"Noxious Fumes","floor":7.0,"key":"SMITH"},{"data":"Sucker Punch","floor":10.0,"key":"SMITH"},{"data":"Leg Sweep","floor":15.0,"key":"SMITH"},{"floor":23.0,"key":"REST"},{"floor":32.0,"key":"DIG"},{"floor":40.0,"key":"DIG"},{"floor":47.0,"key":"DIG"},{"floor":49.0,"key":"REST"}],"neow_cost":"NONE","seed_source_timestamp":9045813570023,"circlet_count":0,"master_deck":["Defend_G","Defend_G","Defend_G","Defend_G","Defend_G","Strike_G","Strike_G","Strike_G","Strike_G","Survivor","Neutralize","AscendersBane","Sucker Punch+1","Underhanded Strike+1","Dagger Spray","Noxious Fumes+1","Underhanded Strike+1","Leg Sweep+1","Tools of the Trade+1","Terror+1","Dagger Spray+1","Bane","Backflip","Escape Plan","Skewer","A Thousand Cuts","Acrobatics","Acrobatics+1","Flying Knee+1","Footwork+1","Underhanded Strike+1"],"special_seed":0,"relics":["Snecko Eye","Bronze Scales","Pen Nib","Matryoshka","Bloody Idol","Ancient Tea Set","Fusion Hammer","PreservedInsect","Shovel","Happy Flower","Ninja Scroll","Girya","Bottled Tornado","Mercury Hourglass","White Beast Statue","Tingsha","Whetstone","Gremlin Horn","Potion Belt","Blood Vial","Toxic Egg 2","Art of War"],"potions_floor_usage":[50],"damage_taken":[{"damage":1.0,"enemies":"Small Slimes","floor":1.0,"turns":6.0},{"damage":0.0,"enemies":"2 Louse","floor":2.0,"turns":3.0},{"damage":0.0,"enemies":"Jaw Worm","floor":5.0,"turns":4.0},{"damage":17.0,"enemies":"3 Sentries","floor":6.0,"turns":6.0},{"damage":5.0,"enemies":"2 Fungi Beasts","floor":8.0,"turns":3.0},{"damage":11.0,"enemies":"Lagavulin","floor":11.0,"turns":7.0},{"damage":6.0,"enemies":"Gremlin Nob","floor":13.0,"turns":3.0},{"damage":12.0,"enemies":"Slime Boss","floor":16.0,"turns":12.0},{"damage":8.0,"enemies":"2 Thieves","floor":18.0,"turns":4.0},{"damage":0.0,"enemies":"3 Byrds","floor":22.0,"turns":3.0},{"damage":12.0,"enemies":"Gremlin Leader","floor":24.0,"turns":5.0},{"damage":9.0,"enemies":"Snake Plant","floor":25.0,"turns":3.0},{"damage":0.0,"enemies":"Book of Stabbing","floor":27.0,"turns":3.0},{"damage":14.0,"enemies":"3 Cultists","floor":28.0,"turns":4.0},{"damage":0.0,"enemies":"Gremlin Leader","floor":29.0,"turns":4.0},{"damage":9.0,"enemies":"Centurion and Healer","floor":30.0,"turns":5.0},{"damage":29.0,"enemies":"Champ","floor":33.0,"turns":10.0},{"damage":21.0,"enemies":"3 Darklings","floor":35.0,"turns":5.0},{"damage":0.0,"enemies":"Mind Bloom Boss Battle","floor":36.0,"turns":5.0},{"damage":9.0,"enemies":"Orb Walker","floor":38.0,"turns":4.0},{"damage":18.0,"enemies":"Spire Growth","floor":41.0,"turns":4.0},{"damage":11.0,"enemies":"Giant Head","floor":42.0,"turns":6.0},{"damage":1.0,"enemies":"3 Darklings","floor":46.0,"turns":3.0},{"damage":6.0,"enemies":"Transient","floor":48.0,"turns":5.0},{"damage":43,"enemies":"Awakened One","floor":50,"turns":14}],"seed_played":"4810647499439838493","potions_obtained":[{"floor":1.0,"key":"Explosive Potion"},{"floor":5.0,"key":"GhostInAJar"},{"floor":6.0,"key":"Fire Potion"},{"floor":24.0,"key":"AttackPotion"},{"floor":27.0,"key":"Fire Potion"},{"floor":29.0,"key":"Weak Potion"},{"floor":33.0,"key":"Fire Potion"},{"floor":35.0,"key":"Strength Potion"},{"floor":42.0,"key":"Energy Potion"},{"floor":46.0,"key":"Weak Potion"},{"floor":48.0,"key":"SteroidPotion"}],"is_trial":false,"path_per_floor":["M","M","?","$","M","E","R","M","T","R","E","?","E","?","R","B",null,"M","?","?","$","M","R","E","M","T","E","M","E","M","?","R","B",null,"M","?","?","M","$","R","M","E","T","$","?","M","R","M","R","B"],"character_chosen":"THE_SILENT","items_purchased":["Dagger Spray","PreservedInsect","Energy Potion","Whetstone","SkillPotion"],"campfire_rested":2,"item_purchase_floors":[4,21,21,39,44],"current_hp_per_floor":[58,58,66,66,66,49,49,44,44,44,33,33,27,27,27,15,49,41,41,46,46,51,60,53,49,49,54,45,50,46,46,46,22,51,35,35,47,43,43,43,30,24,24,24,24,30,30,31,49,8],"gold":57,"neow_bonus":"BOSS_RELIC","is_prod":false,"is_daily":false,"chose_seed":false,"campfire_upgraded":3,"win_rate":0,"timestamp":1536808484,"path_taken":["M","M","?","$","M","E","R","M","T","R","E","?","E","?","R","BOSS","M","?","?","$","M","R","E","?","T","E","M","E","M","?","R","BOSS","M","?","?","M","$","R","?","E","T","$","?","M","R","M","R","BOSS"],"build_version":"2018-09-06","purchased_purges":2,"victory":true,"max_hp_per_floor":[66,66,66,66,66,66,66,66,66,66,66,60,60,60,60,60,60,60,60,60,60,60,60,60,60,60,60,60,60,60,60,60,60,60,60,60,60,60,60,60,60,60,60,60,60,60,60,60,60,60],"card_choices":[{"not_picked":["Accuracy","Well Laid Plans"],"picked":"Sucker Punch","floor":1.0},{"not_picked":["Concentrate","Outmaneuver"],"picked":"Underhanded Strike","floor":2.0},{"not_picked":["Deadly Poison","Prepared"],"picked":"Noxious Fumes","floor":5.0},{"not_picked":["Doppelganger","Heel Hook","Catalyst"],"picked":"SKIP","floor":6.0},{"not_picked":["Backflip","Well Laid Plans"],"picked":"Underhanded Strike","floor":8.0},{"not_picked":["Deadly Poison","Distraction","Blade Dance"],"picked":"SKIP","floor":11.0},{"not_picked":["Backstab","Envenom"],"picked":"Leg Sweep","floor":13.0},{"not_picked":["Adrenaline","Die Die Die"],"picked":"Tools of the Trade","floor":16.0},{"not_picked":["Well Laid Plans","Flying Knee","Infinite Blades"],"picked":"SKIP","floor":18.0},{"not_picked":["PiercingWail+1","Deadly Poison"],"picked":"Terror+1","floor":22.0},{"not_picked":["Dagger Throw","Flying Knee"],"picked":"Dagger Spray+1","floor":24.0},{"not_picked":["Outmaneuver","Unload"],"picked":"Bane","floor":25.0},{"not_picked":["Eviscerate+1","Noxious Fumes+1"],"picked":"Backflip","floor":27.0},{"not_picked":["Prepared+1","Noxious Fumes","Underhanded Strike"],"picked":"SKIP","floor":28.0},{"not_picked":["Quick Slash","Sucker Punch"],"picked":"Escape Plan","floor":29.0},{"not_picked":["Slice","PiercingWail"],"picked":"Skewer","floor":30.0},{"not_picked":["Glass Knife","Unload"],"picked":"A Thousand Cuts","floor":33.0},{"not_picked":["Dagger Throw","Well Laid Plans"],"picked":"Acrobatics","floor":35.0},{"not_picked":["Backflip","Eviscerate"],"picked":"Acrobatics+1","floor":36.0},{"not_picked":["Finisher","Sucker Punch"],"picked":"Flying Knee+1","floor":38.0},{"not_picked":["PiercingWail","Cloak And Dagger","Burst"],"picked":"SKIP","floor":41.0},{"not_picked":["Blade Dance","Well Laid Plans+1"],"picked":"Footwork+1","floor":42.0},{"not_picked":["Acrobatics+1","Slice+1","Underhanded Strike"],"picked":"SKIP","floor":46.0},{"not_picked":["Acrobatics+1","Dagger Spray"],"picked":"Underhanded Strike+1","floor":48.0}],"player_experience":645823,"relics_obtained":[{"floor":6.0,"key":"Bronze Scales"},{"floor":9.0,"key":"Pen Nib"},{"floor":11.0,"key":"Matryoshka"},{"floor":13.0,"key":"Ancient Tea Set"},{"floor":24.0,"key":"Shovel"},{"floor":26.0,"key":"Happy Flower"},{"floor":26.0,"key":"Ninja Scroll"},{"floor":27.0,"key":"Girya"},{"floor":29.0,"key":"Bottled Tornado"},{"floor":32.0,"key":"Mercury Hourglass"},{"floor":36.0,"key":"Tingsha"},{"floor":40.0,"key":"Gremlin Horn"},{"floor":42.0,"key":"Potion Belt"},{"floor":43.0,"key":"Blood Vial"},{"floor":43.0,"key":"Toxic Egg 2"},{"floor":47.0,"key":"Art of War"}],"event_choices":[{"event_name":"The Cleric","player_choice":"Healed","floor":3.0,"damage_taken":0.0},{"event_name":"Golden Idol","player_choice":"Lose Max HP","floor":12.0,"damage_taken":0.0},{"event_name":"Scrap Ooze","player_choice":"unsuccessful","floor":14.0,"damage_taken":0.0},{"event_name":"Forgotten Altar","player_choice":"Gave Idol","floor":19.0,"damage_taken":0.0},{"event_name":"Nest","player_choice":"Stole From Cult","floor":20.0,"damage_taken":0.0},{"event_name":"Ghosts","player_choice":"Ignored","floor":31.0,"damage_taken":0.0},{"event_name":"MindBloom","player_choice":"Fight","floor":36.0,"damage_taken":0.0},{"event_name":"Winding Halls","player_choice":"Writhe","floor":37.0,"damage_taken":0.0},{"event_name":"Accursed Blacksmith","player_choice":"Forge","floor":45.0,"damage_taken":0.0}],"is_beta":false,"boss_relics":[{"not_picked":["Velvet Choker","Philosopher\u0027s Stone"],"picked":"Fusion Hammer"},{"not_picked":["Black Star","Eternal Feather"],"picked":"White Beast Statue"}],"items_purged_floors":[21,39],"is_endless":false,"potions_floor_spawned":[1,5,6,24,27,29,33,35,36,38,41,42,46,48],"ascension_level":16}