{"gold_per_floor":[111,111,124,59,76,109,109,74,74,33,83,83,99,111,111,111],"floor_reached":16,"playtime":415,"items_purged":[],"score":200,"play_id":"317bcaaa-1687-4e51-a229-bcb7c5efa88b","local_time":"20181027185712","is_ascension_mode":true,"campfire_choices":[{"floor":7,"key":"REST"},{"data":"Infinite Blades","floor":12,"key":"SMITH"},{"data":"Choke","floor":15,"key":"SMITH"}],"neow_cost":"NONE","seed_source_timestamp":1550549737445489,"circlet_count":0,"master_deck":["Defend_G","Defend_G+1","Defend_G","Defend_G","Defend_G","Strike_G","Strike_G","Strike_G","Strike_G","Strike_G","Survivor+1","Neutralize","AscendersBane","Crippling Poison","Backflip","Dash","Backstab","Infinite Blades+1","Choke+1","Escape Plan","Slice","Predator"],"relics":["Ring of the Snake","NeowsBlessing","Prayer Wheel","Singing Bowl","Ancient Tea Set"],"potions_floor_usage":[6,16],"damage_taken":[{"damage":0,"enemies":"2 Louse","floor":1,"turns":1},{"damage":0,"enemies":"Small Slimes","floor":3,"turns":1},{"damage":0,"enemies":"Jaw Worm","floor":5,"turns":1},{"damage":28,"enemies":"Lagavulin","floor":6,"turns":8},{"damage":3,"enemies":"Blue Slaver","floor":13,"turns":4},{"damage":7,"enemies":"Exordium Wildlife","floor":14,"turns":5},{"damage":37,"enemies":"The Guardian","floor":16,"turns":13}],"seed_played":"-6447068153210263952","potions_obtained":[{"floor":5,"key":"Poison Potion"},{"floor":6,"key":"Explosive Potion"}],"is_trial":false,"path_per_floor":["M","?","M","?","M","E","R","?","T","$","T","R","M","M","R"],"character_chosen":"THE_SILENT","items_purchased":["Infinite Blades"],"campfire_rested":1,"item_purchase_floors":[10],"current_hp_per_floor":[59,39,39,39,39,11,30,46,46,46,46,46,43,36,36,0],"gold":111,"neow_bonus":"THREE_ENEMY_KILL","is_prod":false,"is_daily":false,"chose_seed":false,"campfire_upgraded":2,"win_rate":0,"timestamp":1540681032,"path_taken":["M","?","M","?","M","E","R","?","T","$","?","R","M","?","R","BOSS"],"build_version":"2018-10-25v2","purchased_purges":0,"victory":false,"max_hp_per_floor":[66,66,66,66,66,66,66,66,66,66,66,66,66,66,66,66],"card_choices":[{"not_picked":["Dagger Spray","Distraction"],"picked":"Crippling Poison","floor":1},{"not_picked":["Prepared","Distraction"],"picked":"Backflip","floor":3},{"not_picked":["Cloak And Dagger","Slice"],"picked":"Dash","floor":5},{"not_picked":["Adrenaline","Backflip"],"picked":"Backstab","floor":6},{"not_picked":["Slice","PiercingWail"],"picked":"Choke","floor":13},{"not_picked":["Blade Dance","Dodge and Roll"],"picked":"Escape Plan","floor":13},{"not_picked":["Outmaneuver","Bane"],"picked":"Slice","floor":14},{"not_picked":["Acrobatics","Bane"],"picked":"Predator","floor":14}],"player_experience":851597,"relics_obtained":[{"floor":6,"key":"Prayer Wheel"},{"floor":9,"key":"Singing Bowl"},{"floor":11,"key":"Ancient Tea Set"}],"event_choices":[{"damage_healed":0,"gold_gain":0,"player_choice":"Entered Light","damage_taken":20,"max_hp_gain":0,"max_hp_loss":0,"event_name":"Shining Light","floor":2,"gold_loss":0,"cards_upgraded":["Defend_G","Survivor"]},{"damage_healed":0,"gold_gain":0,"player_choice":"Left Gold","damage_taken":0,"max_hp_gain":0,"max_hp_loss":0,"event_name":"World of Goop","floor":4,"gold_loss":65},{"damage_healed":16,"gold_gain":0,"player_choice":"Healed","damage_taken":0,"max_hp_gain":0,"max_hp_loss":0,"event_name":"The Cleric","floor":8,"gold_loss":35}],"is_beta":false,"boss_relics":[],"items_purged_floors":[],"is_endless":false,"potions_floor_spawned":[5,6],"killed_by":"The Guardian","ascension_level":20}