{"gold_per_floor":[116,116,130,130,142,167,167,55,105,280,31,60,73,107,107,107],"floor_reached":16,"playtime":637,"items_purged":["Strike_B","Doubt"],"score":189,"play_id":"811ac4d1-fe19-46c1-9058-cbea6af6dccd","local_time":"20190219191909","is_ascension_mode":true,"campfire_choices":[{"data":"Echo Form","floor":7,"key":"SMITH"},{"data":"Fission","floor":15,"key":"SMITH"}],"neow_cost":"NONE","seed_source_timestamp":586491335015335,"circlet_count":0,"master_deck":["AscendersBane","Strike_B","Strike_B","Strike_B","Defend_B","Defend_B","Defend_B","Defend_B","Zap","Dualcast","Beam Cell","Steam","Cold Snap","Echo Form+1","Loop","Self Repair","Ball Lightning","Conserve Battery","Creative AI","Force Field","Fission+1"],"relics":["Cracked Core","Dream Catcher","Oddly Smooth Stone","Centennial Puzzle","Boot","Ornamental Fan","Omamori"],"potions_floor_usage":[6,14,16],"damage_taken":[{"damage":1,"enemies":"Cultist","floor":1,"turns":3},{"damage":6,"enemies":"Small Slimes","floor":3,"turns":3},{"damage":10,"enemies":"Jaw Worm","floor":5,"turns":4},{"damage":26,"enemies":"Lagavulin","floor":6,"turns":8},{"damage":10,"enemies":"3 Sentries","floor":12,"turns":8},{"damage":2,"enemies":"Looter","floor":13,"turns":4},{"damage":15,"enemies":"Lagavulin","floor":14,"turns":9},{"damage":34,"enemies":"Hexaghost","floor":16,"turns":9}],"seed_played":"551832176211904136","potions_obtained":[{"floor":3,"key":"SteroidPotion"},{"floor":12,"key":"Weak Potion"},{"floor":14,"key":"GamblersBrew"}],"is_trial":false,"path_per_floor":["M","T","M","?","M","E","R","$","T","?","$","E","M","E","R","B"],"character_chosen":"DEFECT","items_purchased":["Loop","Self Repair","Ball Lightning","Conserve Battery"],"campfire_rested":0,"item_purchase_floors":[8,11,11,11],"current_hp_per_floor":[67,67,61,66,56,30,30,30,30,30,30,27,32,31,31,0],"gold":107,"neow_bonus":"RANDOM_COMMON_RELIC","is_prod":false,"is_daily":false,"chose_seed":false,"campfire_upgraded":2,"win_rate":0,"timestamp":1550621949,"path_taken":["M","?","?","?","M","E","R","?","T","?","$","E","M","E","R","BOSS"],"build_version":"2019-01-23","purchased_purges":2,"victory":false,"max_hp_per_floor":[75,75,75,80,80,80,80,80,80,80,80,80,80,80,80,80],"card_choices":[{"not_picked":["Stack","Barrage"],"picked":"Beam Cell","floor":1},{"not_picked":["Reinforced Body","Rebound"],"picked":"Steam","floor":3},{"not_picked":["Redo","Stack"],"picked":"Cold Snap","floor":5},{"not_picked":["Static Discharge","Stack"],"picked":"Echo Form","floor":6},{"not_picked":["Coolheaded","Static Discharge"],"picked":"Creative AI","floor":12},{"not_picked":["Steam","Streamline"],"picked":"Force Field","floor":13},{"not_picked":["Beam Cell","Stack"],"picked":"Fission","floor":14}],"player_experience":321345,"relics_obtained":[{"floor":2,"key":"Oddly Smooth Stone"},{"floor":6,"key":"Centennial Puzzle"},{"floor":9,"key":"Boot"},{"floor":12,"key":"Ornamental Fan"},{"floor":14,"key":"Omamori"}],"event_choices":[{"damage_healed":0,"gold_gain":0,"player_choice":"Donut","damage_taken":0,"max_hp_gain":5,"max_hp_loss":0,"event_name":"Big Fish","floor":4,"gold_loss":0},{"damage_healed":0,"gold_gain":175,"player_choice":"AGREE","damage_taken":0,"max_hp_gain":0,"max_hp_loss":0,"event_name":"Liars Game","floor":10,"gold_loss":0,"cards_obtained":["Doubt"]}],"is_beta":false,"boss_relics":[],"items_purged_floors":[8,11],"is_endless":false,"potions_floor_spawned":[3,12,14],"killed_by":"Hexaghost","ascension_level":12}