{"path_per_floor":["M","M","?","$","?","E","R","M","T","R","M","R","E","$","R","B",null,"M","M","?","M","$","?","?","R","T","M","R","M","R","M","R"],"character_chosen":"IRONCLAD","items_purchased":["Flex","Weak Potion"],"gold_per_floor":[109,122,72,20,20,54,54,66,92,92,109,109,144,19,19,115,115,128,97,97,109,9,9,9,9,9,24,24,36,36,50,50,50],"floor_reached":33,"campfire_rested":1,"playtime":3488,"current_hp_per_floor":[80,80,80,80,73,30,30,32,32,32,45,45,48,48,80,19,80,71,55,55,47,47,31,57,57,57,42,42,46,46,52,52,0],"items_purged":["Strike_R","Strike_R"],"gold":50,"score":280,"play_id":"e44e521a-9db5-4fab-8fea-55c86fd48afe","local_time":"20180520222333","is_prod":false,"is_daily":false,"chose_seed":false,"is_ascension_mode":false,"campfire_upgraded":7,"timestamp":1526851413,"campfire_choices":[{"data":"Searing Blow","floor":7,"key":"SMITH"},{"data":"Searing Blow+1","floor":10,"key":"SMITH"},{"data":"Searing Blow+2","floor":12,"key":"SMITH"},{"floor":15,"key":"REST"},{"data":"Searing Blow+3","floor":25,"key":"SMITH"},{"data":"Searing Blow+4","floor":28,"key":"SMITH"},{"data":"Searing Blow+5","floor":30,"key":"SMITH"},{"data":"True Grit","floor":32,"key":"SMITH"}],"path_taken":["M","M","?","$","?","E","R","M","T","R","M","R","E","$","R","BOSS","M","M","?","M","$","?","?","R","T","M","R","M","R","M","R","BOSS"],"build_version":"2018-05-17","seed_source_timestamp":104710116196220,"purchased_purges":2,"victory":false,"master_deck":["Strike_R","Defend_R","Defend_R","Defend_R","Defend_R","Bash","Searing Blow+6","Flex","Dual Wield","Iron Wave+1","Headbutt+1","Armaments","True Grit+1"],"max_hp_per_floor":[80,80,80,80,80,80,80,80,80,80,80,80,80,80,80,80,80,80,80,80,80,80,80,80,80,80,80,80,80,80,80,80,80],"relics":["Burning Blood","Pen Nib","Happy Flower","Regal Pillow","Sozu","Enchiridion","Question Card"],"card_choices":[{"not_picked":["Anger","Hemokinesis"],"picked":"Searing Blow","floor":1},{"not_picked":["Body Slam","Heavy Blade","Iron Wave"],"picked":"SKIP","floor":2},{"not_picked":["Dark Embrace","Pommel Strike","Wild Strike"],"picked":"SKIP","floor":6},{"not_picked":["Iron Wave","Cleave"],"picked":"Dual Wield","floor":8},{"not_picked":["Sword Boomerang","Havoc","Perfected Strike"],"picked":"SKIP","floor":11},{"not_picked":["Reckless Charge","Twin Strike","Anger"],"picked":"SKIP","floor":13},{"not_picked":["Body Slam","Flex"],"picked":"Iron Wave+1","floor":18},{"not_picked":["Searing Blow","Thunderclap","Heavy Blade+1"],"picked":"SKIP","floor":19},{"not_picked":["Body Slam","Berserk"],"picked":"Headbutt+1","floor":21},{"not_picked":["Bloodletting","Pommel Strike+1","Thunderclap"],"picked":"Armaments","floor":27},{"not_picked":["Inflame","Flex","Iron Wave","Limit Break"],"picked":"SKIP","floor":29},{"not_picked":["Pommel Strike","Intimidate","Clash"],"picked":"True Grit","floor":31}],"player_experience":108569,"potions_floor_usage":[1,6,8,11,11,11,13,13,16,16],"damage_taken":[{"damage":2,"enemies":"2 Louse","floor":1,"turns":3},{"damage":5,"enemies":"Small Slimes","floor":2,"turns":3},{"damage":49,"enemies":"Lagavulin","floor":6,"turns":10},{"damage":4,"enemies":"Jaw Worm","floor":8,"turns":2},{"damage":5,"enemies":"Blue Slaver","floor":11,"turns":4},{"damage":3,"enemies":"3 Sentries","floor":13,"turns":7},{"damage":67,"enemies":"The Guardian","floor":16,"turns":10},{"damage":15,"enemies":"Shell Parasite","floor":18,"turns":4},{"damage":22,"enemies":"2 Thieves","floor":19,"turns":5},{"damage":14,"enemies":"Slaver and Parasite","floor":21,"turns":6},{"damage":21,"enemies":"Snake Plant","floor":27,"turns":3},{"damage":2,"enemies":"3 Cultists","floor":29,"turns":5},{"damage":0,"enemies":"Centurion and Healer","floor":31,"turns":3},{"damage":72,"enemies":"Collector","floor":33,"turns":8}],"relics_obtained":[{"floor":6,"key":"Pen Nib"},{"floor":9,"key":"Happy Flower"},{"floor":13,"key":"Regal Pillow"},{"floor":23,"key":"Enchiridion"},{"floor":26,"key":"Question Card"}],"event_choices":[{"event_name":"The Cleric","player_choice":"Card Removal","floor":3,"damage_taken":0},{"event_name":"Golden Wing","player_choice":"Card Removal","floor":5,"damage_taken":0},{"event_name":"Drug Dealer","player_choice":"Ignored","floor":20,"damage_taken":0},{"event_name":"Cursed Tome","player_choice":"Obtained Book","floor":23,"damage_taken":0},{"event_name":"The Library","player_choice":"Heal","floor":24,"damage_taken":0}],"boss_relics":[{"not_picked":["Orrery","Runic Dome"],"picked":"Sozu"}],"potions_floor_spawned":[1,8,11,18,31],"seed_played":"-8845650595082197680","killed_by":"Collector","ascension_level":0,"potions_obtained":[{"floor":1,"key":"Dexterity Potion"},{"floor":8,"key":"EntropicBrew"},{"floor":11,"key":"Poison Potion"}],"is_trial":false}