{"gold_per_floor":[109,124,49,69,69,69,97,111,411,423,423],"floor_reached":11,"playtime":418,"items_purged":[],"score":139,"play_id":"64a69c4a-6397-46e6-850c-21771ea19a1c","local_time":"20190419215110","is_ascension_mode":true,"campfire_choices":[{"data":"Neutralize","floor":6,"key":"SMITH"}],"neow_cost":"NONE","seed_source_timestamp":382799319346389,"circlet_count":0,"master_deck":["AscendersBane","Defend_G","Defend_G","Defend_G","Defend_G","Defend_G","Strike_G","Strike_G","Strike_G","Strike_G","Survivor","Neutralize+1","Calculated Gamble","Crippling Poison","Noxious Fumes","Burst","Backflip"],"relics":["Lizard Tail","Sundial","Old Coin"],"potions_floor_usage":[7,10,11],"damage_taken":[{"damage":3,"enemies":"Cultist","floor":1,"turns":5},{"damage":4,"enemies":"Small Slimes","floor":2,"turns":4},{"damage":7,"enemies":"Jaw Worm","floor":4,"turns":7},{"damage":53,"enemies":"Lagavulin","floor":7,"turns":12},{"damage":9,"enemies":"Exordium Wildlife","floor":8,"turns":4},{"damage":7,"enemies":"Lots of Slimes","floor":10,"turns":4},{"damage":21,"enemies":"Gremlin Nob","floor":11,"turns":5}],"seed_played":"5808917582902050173","potions_obtained":[{"floor":4,"key":"SteroidPotion"},{"floor":7,"key":"SkillPotion"},{"floor":8,"key":"GhostInAJar"}],"is_trial":false,"path_per_floor":["M","M","?","M","$","R","E","M","T","M","E"],"character_chosen":"THE_SILENT","items_purchased":[],"campfire_rested":0,"item_purchase_floors":[],"current_hp_per_floor":[56,52,52,45,45,45,33,24,24,17,0],"gold":423,"neow_bonus":"BOSS_RELIC","is_prod":false,"is_daily":false,"chose_seed":false,"campfire_upgraded":1,"win_rate":0,"timestamp":1555725070,"path_taken":["M","?","?","M","$","R","E","M","T","M","E"],"build_version":"2019-01-23","purchased_purges":0,"victory":false,"max_hp_per_floor":[66,66,66,66,66,66,66,66,66,66,66],"card_choices":[{"not_picked":["Dodge and Roll","Concentrate","Heel Hook"],"picked":"SKIP","floor":1},{"not_picked":["Prepared","Bane"],"picked":"Calculated Gamble","floor":2},{"not_picked":["Blade Dance","Setup"],"picked":"Crippling Poison","floor":4},{"not_picked":["Cloak And Dagger","Tactician"],"picked":"Noxious Fumes","floor":7},{"not_picked":["All Out Attack","Slice"],"picked":"Burst","floor":8},{"not_picked":["Tactician","Outmaneuver"],"picked":"Backflip","floor":10}],"player_experience":495507,"relics_obtained":[{"floor":7,"key":"Sundial"},{"floor":9,"key":"Old Coin"}],"event_choices":[{"cards_removed":["Strike_G"],"damage_healed":0,"gold_gain":0,"player_choice":"Card Removal","damage_taken":0,"max_hp_gain":0,"max_hp_loss":0,"event_name":"The Cleric","floor":3,"gold_loss":75}],"is_beta":false,"boss_relics":[],"items_purged_floors":[],"is_endless":false,"potions_floor_spawned":[4,7,8],"killed_by":"Gremlin Nob","ascension_level":17}