{"gold_per_floor":[119,119,139,155,169,169,199,252,276,276,296,309,309,325,325,430,430,442,454,454],"floor_reached":20,"playtime":1826,"items_purged":[],"score":178,"play_id":"df128d04-bb06-4de1-b08c-c6ce303ed45b","local_time":"20181016201430","is_ascension_mode":false,"campfire_choices":[{"data":"Clash","floor":6,"key":"SMITH"},{"data":"Heavy Blade","floor":10,"key":"SMITH"},{"floor":15,"key":"REST"}],"neow_cost":"NONE","seed_source_timestamp":0,"circlet_count":0,"master_deck":["Strike_R","Strike_R+1","Strike_R","Strike_R","Strike_R","Defend_R","Defend_R","Defend_R","Defend_R","Bash+1","Clash+1","Iron Wave+1","Inflame","Fire Breathing","Heavy Blade+1","Shrug It Off+1","Rampage","Bludgeon","Clothesline","Rampage"],"special_seed":0,"relics":["Burning Blood","Regal Pillow","Whetstone","Lizard Tail"],"potions_floor_usage":[16,16,16],"damage_taken":[{"damage":0.0,"enemies":"Cultist","floor":1.0,"turns":4.0},{"damage":2,"enemies":"2 Louse","floor":3,"turns":2},{"damage":0,"enemies":"Jaw Worm","floor":4,"turns":3},{"damage":4,"enemies":"Blue Slaver","floor":5,"turns":3},{"damage":16,"enemies":"3 Sentries","floor":7,"turns":7},{"damage":19,"enemies":"Exordium Thugs","floor":11,"turns":4},{"damage":3,"enemies":"Exordium Wildlife","floor":12,"turns":3},{"damage":8,"enemies":"2 Fungi Beasts","floor":14,"turns":3},{"damage":67,"enemies":"Hexaghost","floor":16,"turns":11},{"damage":10,"enemies":"Chosen","floor":18,"turns":4},{"damage":37,"enemies":"Spheric Guardian","floor":19,"turns":7},{"damage":18,"enemies":"Snake Plant","floor":20,"turns":4}],"seed_played":"4461496069708780201","potions_obtained":[{"floor":1,"key":"Strength Potion"},{"floor":5,"key":"SpeedPotion"},{"floor":12,"key":"Swift Potion"},{"floor":14,"key":"Weak Potion"},{"floor":18,"key":"Poison Potion"}],"is_trial":false,"path_per_floor":["M","$","M","M","M","R","E","?","T","R","M","M","?","M","R","B",null,"M","M"],"character_chosen":"IRONCLAD","items_purchased":[],"campfire_rested":1,"item_purchase_floors":[],"current_hp_per_floor":[80,80,80,80,80,80,70,70,70,70,57,60,60,58,80,19,80,76,45,27],"gold":454,"neow_bonus":"UPGRADE_CARD","is_prod":false,"is_daily":false,"chose_seed":false,"campfire_upgraded":2,"win_rate":0.0,"timestamp":1539713670,"path_taken":["M","$","M","M","?","R","E","?","T","R","M","M","?","M","R","BOSS","M","M","M"],"build_version":"2018-10-11","purchased_purges":0,"victory":false,"max_hp_per_floor":[80,80,80,80,80,80,80,80,80,80,80,80,80,80,80,80,80,80,80,80],"card_choices":[{"not_picked":["Flame Barrier","Ghostly Armor"],"picked":"Clash","floor":1},{"not_picked":["Warcry","Fire Breathing"],"picked":"Iron Wave","floor":3},{"not_picked":["Headbutt","Burning Pact"],"picked":"Inflame","floor":4},{"not_picked":["Headbutt","Flame Barrier"],"picked":"Fire Breathing","floor":5},{"not_picked":["Seeing Red","Fiend Fire"],"picked":"Heavy Blade","floor":7},{"not_picked":["Flex","Warcry"],"picked":"Shrug It Off","floor":11},{"not_picked":["Disarm","Blood for Blood","Searing Blow"],"picked":"SKIP","floor":12},{"not_picked":["Blood for Blood","Flame Barrier"],"picked":"Rampage","floor":14},{"not_picked":["Barricade","Limit Break"],"picked":"Bludgeon","floor":16},{"not_picked":["Spot Weakness","Fire Breathing"],"picked":"Clothesline","floor":18},{"not_picked":["Clash","Feel No Pain+1"],"picked":"Rampage","floor":19}],"player_experience":7294,"relics_obtained":[{"floor":7,"key":"Regal Pillow"},{"floor":9,"key":"Whetstone"}],"event_choices":[{"event_name":"Golden Wing","player_choice":"Gained Gold","floor":8,"damage_taken":0},{"event_name":"Upgrade Shrine","player_choice":"Upgraded","floor":13,"damage_taken":0}],"is_beta":false,"boss_relics":[{"not_picked":["Cursed Key","Ectoplasm"],"picked":"Lizard Tail"}],"items_purged_floors":[],"is_endless":false,"potions_floor_spawned":[1,5,12,14,18],"killed_by":"Snake Plant","ascension_level":0}