{"path_per_floor":["M","M","$","M","M","R","E","M","T","E","M","?","R","M","R","B",null,"M","?","$","M","M","R","?","R","T","$","M","R","M","M","R","B",null,"M","?","$","M","?","E","R","E","T","R","?","M","$","M","R","B"],"character_chosen":"THE_SILENT","items_purchased":["Bottled Tornado","Infinite Blades","Dagger Spray+1","Apotheosis","Tough Bandages","Panacea"],"gold_per_floor":[111,121,46,60,74,74,109,121,195,221,240,240,240,257,257,362,362,373,373,33,51,61,61,61,61,139,57,72,72,82,97,97,200,200,213,213,18,33,33,68,68,402,456,456,456,476,11,28,28,28],"floor_reached":51,"campfire_rested":3,"playtime":7006,"item_purchase_floors":[],"current_hp_per_floor":[77,77,77,77,77,77,64,64,64,78,78,71,71,71,71,57,91,91,91,91,84,67,73,73,79,79,79,64,70,55,53,88,28,91,81,76,76,79,79,57,91,66,66,76,76,78,78,43,80,7],"items_purged":["Strike_G","Strike_G","Quick Slash"],"gold":28,"score":744,"play_id":"bf3f1c11-e385-45ad-bd91-4ddc9f81d31a","local_time":"20180602014952","is_prod":false,"is_daily":false,"chose_seed":false,"is_ascension_mode":false,"campfire_upgraded":7,"win_rate":0,"timestamp":1527900592,"campfire_choices":[{"data":"Endless Agony","floor":6.0,"key":"SMITH"},{"data":"Neutralize","floor":13.0,"key":"SMITH"},{"data":"Prepared","floor":15.0,"key":"SMITH"},{"data":"Envenom","floor":23.0,"key":"SMITH"},{"data":"Flying Knee","floor":25.0,"key":"SMITH"},{"data":"After Image","floor":29.0,"key":"SMITH"},{"floor":32.0,"key":"REST"},{"floor":41,"key":"REST"},{"data":"Apotheosis","floor":44,"key":"SMITH"},{"floor":49,"key":"REST"}],"path_taken":["M","M","$","M","M","R","E","M","T","E","?","?","R","M","R","BOSS","M","?","$","?","M","R","?","R","T","$","M","R","M","?","R","BOSS","M","?","$","M","?","E","R","E","T","R","?","M","$","?","R","BOSS"],"build_version":"2018-05-31","seed_source_timestamp":0,"purchased_purges":3,"victory":true,"master_deck":["Survivor","Neutralize+1","Endless Agony+1","After Image+1","Flying Knee+1","Prepared+1","Envenom+1","Dagger Throw+1","Infinite Blades","Dagger Spray+1","Deadly Poison","Acrobatics+1","After Image","Dagger Throw+1","Outmaneuver","Bouncing Flask","PiercingWail","Finisher+1","Eviscerate+1","Flying Knee+1","Dash+1","Bandage Up","Panache","Apotheosis+1","Backstab+1","Panacea","Escape Plan+1"],"max_hp_per_floor":[77,77,77,77,77,77,77,77,77,91,91,91,91,91,91,91,91,91,91,91,91,91,91,91,91,91,91,91,91,91,91,91,91,91,91,91,91,91,91,91,91,91,91,91,91,91,91,91,91,91],"relics":["Ring of the Snake","Ornamental Fan","Matryoshka","Mango","Eternal Feather","Happy Flower","Bottled Tornado","War Paint","Molten Egg 2","Pandora\u0027s Box","Ice Cream","Old Coin","Tiny Chest","Bag of Marbles","Tough Bandages"],"card_choices":[{"not_picked":["Flying Knee","Deadly Poison"],"picked":"Endless Agony","floor":1.0},{"not_picked":["Sucker Punch","Backstab","PiercingWail"],"picked":"SKIP","floor":2.0},{"not_picked":["Accuracy","Predator","Flying Knee"],"picked":"SKIP","floor":4.0},{"not_picked":["Slice","Cloak And Dagger"],"picked":"After Image","floor":5.0},{"not_picked":["Eviscerate","Terror"],"picked":"Quick Slash","floor":7.0},{"not_picked":["Dagger Spray","Malaise","Infinite Blades"],"picked":"SKIP","floor":8.0},{"not_picked":["Crippling Poison","Tactician"],"picked":"Flying Knee","floor":10.0},{"not_picked":["Distraction","Choke"],"picked":"Slice","floor":11.0},{"not_picked":["Sucker Punch","Poisoned Stab"],"picked":"Prepared","floor":14.0},{"not_picked":["Die Die Die","A Thousand Cuts"],"picked":"Envenom","floor":16.0},{"not_picked":["Reflex","Masterful Stab"],"picked":"Dagger Throw+1","floor":18.0},{"not_picked":["Deflect","All Out Attack","Outmaneuver"],"picked":"SKIP","floor":21.0},{"not_picked":["Deadly Poison","Masterful Stab","Underhanded Strike"],"picked":"SKIP","floor":22.0},{"not_picked":["Underhanded Strike+1","Flying Knee+1","Dagger Spray+1"],"picked":"SKIP","floor":28.0},{"not_picked":["Prepared","PiercingWail+1"],"picked":"Deadly Poison","floor":30.0},{"not_picked":["Riddle With Holes+1","Quick Slash+1"],"picked":"Acrobatics+1","floor":31.0},{"not_picked":["Bullet Time","Tools of the Trade"],"picked":"After Image","floor":33.0},{"not_picked":["Underhanded Strike+1","Dodge and Roll"],"picked":"Dash+1","floor":35.0},{"not_picked":["Enlightenment","Secret Weapon"],"picked":"Bandage Up","floor":36.0},{"not_picked":["Madness","Dramatic Entrance+1"],"picked":"Panache","floor":36.0},{"not_picked":["Underhanded Strike+1","Dodge and Roll","Sucker Punch+1"],"picked":"SKIP","floor":38},{"not_picked":["Dagger Throw+1","Reflex+1","Envenom"],"picked":"SKIP","floor":40},{"not_picked":["Accuracy","Choke+1"],"picked":"Backstab+1","floor":42},{"not_picked":["Prepared","Flying Knee+1","Choke+1"],"picked":"SKIP","floor":46},{"not_picked":["Leg Sweep","Dodge and Roll"],"picked":"Escape Plan+1","floor":48}],"player_experience":202125,"potions_floor_usage":[40,40,50],"damage_taken":[{"damage":0.0,"enemies":"Cultist","floor":1.0,"turns":5.0},{"damage":0.0,"enemies":"Jaw Worm","floor":2.0,"turns":4.0},{"damage":0.0,"enemies":"2 Louse","floor":4.0,"turns":2.0},{"damage":0.0,"enemies":"Blue Slaver","floor":5.0,"turns":6.0},{"damage":13.0,"enemies":"3 Sentries","floor":7.0,"turns":14.0},{"damage":0.0,"enemies":"2 Fungi Beasts","floor":8.0,"turns":3.0},{"damage":0.0,"enemies":"Lagavulin","floor":10.0,"turns":9.0},{"damage":0.0,"enemies":"Red Slaver","floor":11.0,"turns":4.0},{"damage":0.0,"enemies":"Blue Slaver","floor":14.0,"turns":4.0},{"damage":14.0,"enemies":"The Guardian","floor":16.0,"turns":15.0},{"damage":0.0,"enemies":"Shell Parasite","floor":18.0,"turns":7.0},{"damage":7.0,"enemies":"3 Byrds","floor":21.0,"turns":7.0},{"damage":17.0,"enemies":"Snake Plant","floor":22.0,"turns":5.0},{"damage":15.0,"enemies":"Snecko","floor":28.0,"turns":7.0},{"damage":15.0,"enemies":"Slaver and Parasite","floor":30.0,"turns":7.0},{"damage":2.0,"enemies":"Centurion and Healer","floor":31.0,"turns":6.0},{"damage":60.0,"enemies":"Collector","floor":33.0,"turns":10.0},{"damage":10.0,"enemies":"Orb Walker","floor":35.0,"turns":5.0},{"damage":1,"enemies":"3 Shapes","floor":38,"turns":9},{"damage":26,"enemies":"2 Orb Walkers","floor":40,"turns":5},{"damage":31,"enemies":"Nemesis","floor":42,"turns":7},{"damage":4,"enemies":"Maw","floor":46,"turns":7},{"damage":35,"enemies":"4 Shapes","floor":48,"turns":5},{"damage":79,"enemies":"Donu and Deca","floor":50,"turns":8}],"relics_obtained":[{"floor":7.0,"key":"Ornamental Fan"},{"floor":9.0,"key":"Matryoshka"},{"floor":10.0,"key":"Mango"},{"floor":26.0,"key":"War Paint"},{"floor":26.0,"key":"Molten Egg 2"},{"floor":40,"key":"Ice Cream"},{"floor":42,"key":"Old Coin"},{"floor":43,"key":"Tiny Chest"},{"floor":43,"key":"Bag of Marbles"}],"event_choices":[{"event_name":"Golden Wing","player_choice":"Card Removal","floor":12.0,"damage_taken":0.0},{"event_name":"Wheel of Change","player_choice":"Relic","floor":19.0,"damage_taken":0.0},{"event_name":"Match and Keep!","player_choice":"0 cards matched","floor":24.0,"damage_taken":0.0},{"event_name":"SensoryStone","player_choice":"Memory 2","floor":36.0,"damage_taken":0.0},{"event_name":"Tomb of Lord Red Mask","player_choice":"Ignored","floor":45,"damage_taken":0}],"boss_relics":[],"items_purged_floors":[],"potions_floor_spawned":[2,5,7,10,11,16,18,21,30,31,35,42],"seed_played":"-6410227416108021749","ascension_level":0,"potions_obtained":[{"floor":2.0,"key":"FearPotion"},{"floor":5.0,"key":"GhostInAJar"},{"floor":7.0,"key":"Block Potion"},{"floor":10.0,"key":"SteroidPotion"},{"floor":16.0,"key":"Strength Potion"},{"floor":18.0,"key":"AttackPotion"},{"floor":21.0,"key":"LiquidBronze"},{"floor":30.0,"key":"Fire Potion"},{"floor":35.0,"key":"Block Potion"},{"floor":42,"key":"LiquidBronze"}],"is_trial":false}