{"gold_per_floor":[114,125,141,14,14,14,48,48,71,102,118,131,157,175,175,175],"floor_reached":16,"playtime":662,"items_purged":["Strike_R"],"score":195,"play_id":"8312cb24-b12c-469e-988e-08b39bb3e14a","local_time":"20180710195443","is_ascension_mode":true,"campfire_choices":[{"floor":6,"key":"REST"},{"data":"Clothesline","floor":8,"key":"SMITH"},{"data":"Limit Break","floor":15,"key":"SMITH"}],"neow_cost":"FIFTY_PERCENT_DAMAGE","seed_source_timestamp":909104327713879,"circlet_count":0,"master_deck":["Strike_R","Strike_R","Strike_R","Strike_R","Defend_R","Defend_R","Defend_R","Defend_R","Bash","AscendersBane","Limit Break+1","Clothesline+1","Ghostly Armor","Iron Wave","Sword Boomerang","Cleave+1","Body Slam+1","Shrug It Off","Heavy Blade+1"],"relics":["Burning Blood","Orichalcum","Bag of Marbles","Molten Egg 2","Blood Vial"],"potions_floor_usage":[7,10,11,13,16],"damage_taken":[{"damage":33,"enemies":"Jaw Worm","floor":1,"turns":6},{"damage":3,"enemies":"2 Louse","floor":2,"turns":4},{"damage":3,"enemies":"Small Slimes","floor":3,"turns":4},{"damage":17,"enemies":"Lagavulin","floor":7,"turns":6},{"damage":10,"enemies":"Gremlin Nob","floor":10,"turns":4},{"damage":7,"enemies":"Exordium Wildlife","floor":11,"turns":5},{"damage":10,"enemies":"2 Fungi Beasts","floor":12,"turns":3},{"damage":17,"enemies":"Lagavulin","floor":13,"turns":6},{"damage":4,"enemies":"3 Louse","floor":14,"turns":4},{"damage":37,"enemies":"Hexaghost","floor":16,"turns":10}],"seed_played":"-486373855767914241","potions_obtained":[{"floor":2,"key":"FearPotion"},{"floor":7,"key":"FearPotion"},{"floor":10,"key":"Regen Potion"},{"floor":13,"key":"BloodPotion"}],"is_trial":false,"path_per_floor":["M","M","M","$","?","R","E","R","T","E","M","M","E","M","R"],"character_chosen":"IRONCLAD","items_purchased":["SteroidPotion"],"campfire_rested":1,"item_purchase_floors":[4],"current_hp_per_floor":[9,12,15,15,15,39,28,28,28,24,37,33,22,26,26,0],"gold":175,"neow_bonus":"THREE_RARE_CARDS","is_prod":false,"is_daily":false,"chose_seed":false,"campfire_upgraded":2,"win_rate":0,"timestamp":1531266883,"path_taken":["M","M","M","$","?","R","E","R","T","E","M","M","E","M","R","BOSS"],"build_version":"2018-07-05","purchased_purges":1,"victory":false,"max_hp_per_floor":[80,80,80,80,80,80,80,80,80,80,80,80,80,80,80,80],"card_choices":[{"not_picked":["Demon Form","Exhume"],"picked":"Limit Break","floor":0},{"not_picked":["Blood for Blood","Perfected Strike"],"picked":"Clothesline","floor":1},{"not_picked":["Corruption","Rupture"],"picked":"Ghostly Armor","floor":2},{"not_picked":["Thunderclap","Warcry"],"picked":"Iron Wave","floor":3},{"not_picked":["Perfected Strike","Clash"],"picked":"Sword Boomerang","floor":7},{"not_picked":["Sword Boomerang","Exhume","Perfected Strike"],"picked":"SKIP","floor":10},{"not_picked":["Power Through","Body Slam+1"],"picked":"Cleave+1","floor":11},{"not_picked":["Twin Strike+1","Ghostly Armor"],"picked":"Body Slam+1","floor":12},{"not_picked":["Clash+1","Clothesline+1"],"picked":"Shrug It Off","floor":13},{"not_picked":["Flex","Barricade"],"picked":"Heavy Blade+1","floor":14}],"player_experience":428378,"relics_obtained":[{"floor":7,"key":"Orichalcum"},{"floor":9,"key":"Bag of Marbles"},{"floor":10,"key":"Molten Egg 2"},{"floor":13,"key":"Blood Vial"}],"event_choices":[{"event_name":"Shining Light","player_choice":"Ignored","floor":5,"damage_taken":0}],"boss_relics":[],"items_purged_floors":[4],"is_endless":false,"potions_floor_spawned":[2,7,10,13],"killed_by":"Hexaghost","ascension_level":12}