{"gold_per_floor":[110,185,6,6,6,36,51,80,106,125,137,62,62,79,79,178,178,189,189,206,206],"floor_reached":21,"playtime":877,"items_purged":["Strike_B"],"score":278,"play_id":"84422a06-23ab-42f9-a4c7-60bfa9438741","local_time":"20180628160118","is_ascension_mode":true,"campfire_choices":[{"data":"Creative AI","floor":15,"key":"SMITH"}],"neow_cost":"NONE","seed_source_timestamp":953001735078,"circlet_count":0,"master_deck":["Strike_B","Strike_B+1","Strike_B+1","Defend_B","Defend_B","Defend_B","Defend_B","Zap+1","Dualcast","Cold Snap+1","Conserve Battery","Go for the Eyes","Coolheaded","Creative AI+1","Streamline","Amplify","Leap+1","Glacier"],"relics":["Cracked Core","NeowsBlessing","Blood Vial","Ice Cream","Orichalcum","Whetstone","Lantern","Question Card","Coffee Dripper"],"potions_floor_usage":[8,16,16],"damage_taken":[{"damage":0,"enemies":"Cultist","floor":1,"turns":1},{"damage":0,"enemies":"Gremlin Nob","floor":6,"turns":1},{"damage":0,"enemies":"Small Slimes","floor":7,"turns":1},{"damage":10,"enemies":"Lagavulin","floor":8,"turns":5},{"damage":2,"enemies":"Jaw Worm","floor":10,"turns":3},{"damage":1,"enemies":"Exordium Wildlife","floor":11,"turns":3},{"damage":1,"enemies":"2 Fungi Beasts","floor":14,"turns":3},{"damage":5,"enemies":"The Guardian","floor":16,"turns":9},{"damage":10,"enemies":"Spheric Guardian","floor":18,"turns":5},{"damage":9,"enemies":"Shell Parasite","floor":20,"turns":8},{"damage":59,"enemies":"Cultist and Chosen","floor":21,"turns":6}],"seed_played":"-9002183550707592873","potions_obtained":[{"floor":7,"key":"AttackPotion"},{"floor":8,"key":"Dexterity Potion"},{"floor":14,"key":"EssenceOfSteel"}],"is_trial":false,"path_per_floor":["M","?","$","?","T","E","M","E","T","M","M","$","T","M","R","B",null,"M","?","M"],"character_chosen":"DEFECT","items_purchased":["Blood Vial","Conserve Battery"],"campfire_rested":0,"item_purchase_floors":[3,3],"current_hp_per_floor":[68,57,57,42,42,44,46,38,38,38,39,39,39,40,40,37,66,58,58,51,0],"gold":206,"neow_bonus":"THREE_ENEMY_KILL","is_prod":false,"is_daily":false,"chose_seed":false,"campfire_upgraded":1,"win_rate":0,"timestamp":1530216078,"path_taken":["M","?","$","?","?","E","M","E","T","M","M","?","?","M","R","BOSS","M","?","M","M"],"build_version":"2018-06-21v2","purchased_purges":1,"victory":false,"max_hp_per_floor":[75,75,75,75,75,75,75,75,75,75,75,75,75,75,75,75,75,75,75,75,75],"card_choices":[{"not_picked":["Rebound","Barrage"],"picked":"Cold Snap","floor":1},{"not_picked":["Lockon","Force Field"],"picked":"Go for the Eyes","floor":6},{"not_picked":["Stack","Hologram"],"picked":"Coolheaded","floor":7},{"not_picked":["Coolheaded","Sweeping Beam"],"picked":"Creative AI","floor":8},{"not_picked":["Genetic Algorithm","Coolheaded","Cold Snap"],"picked":"SKIP","floor":10},{"not_picked":["Redo","Chaos","Beam Cell"],"picked":"SKIP","floor":11},{"not_picked":["Skim","Doom and Gloom","Aggregate"],"picked":"Streamline","floor":14},{"not_picked":["Multi-Cast","Machine Learning","Electrodynamics"],"picked":"Amplify","floor":16},{"not_picked":["Beam Cell+1","Conserve Battery","Buffer"],"picked":"Leap+1","floor":18},{"not_picked":["Barrage+1","Stack","Self Repair+1"],"picked":"Glacier","floor":20}],"player_experience":337547,"relics_obtained":[{"floor":5,"key":"Ice Cream"},{"floor":6,"key":"Orichalcum"},{"floor":8,"key":"Whetstone"},{"floor":9,"key":"Lantern"},{"floor":13,"key":"Question Card"}],"event_choices":[{"event_name":"World of Goop","player_choice":"Gather Gold","floor":2,"damage_taken":0},{"event_name":"Shining Light","player_choice":"Entered Light","floor":4,"damage_taken":0},{"event_name":"Cursed Tome","player_choice":"Ignored","floor":19,"damage_taken":0}],"boss_relics":[{"not_picked":["Nuclear Battery","Velvet Choker"],"picked":"Coffee Dripper"}],"items_purged_floors":[12],"is_endless":false,"potions_floor_spawned":[7,8,14],"killed_by":"Cultist and Chosen","ascension_level":6}