{"gold_per_floor":[119,136,156,175,189,189,206,206,206,240,240,273,273,288,288,363,363,380,336,261,273,273,273,323,343,343,354,69,0,0,34,34,34],"floor_reached":33,"playtime":1506,"items_purged":["Strike_G"],"score":658,"play_id":"63c23856-2e13-44ec-a7f6-233c4f9f0b8e","local_time":"20181031195713","is_ascension_mode":true,"campfire_choices":[{"data":"Neutralize","floor":6,"key":"SMITH"},{"floor":11,"key":"REST"},{"floor":13,"key":"REST"},{"data":"Deadly Poison","floor":15,"key":"SMITH"},{"floor":23,"key":"REST"},{"floor":30,"key":"REST"},{"floor":32,"key":"REST"}],"neow_cost":"NONE","seed_source_timestamp":1898665102202871,"circlet_count":0,"master_deck":["Defend_G","Defend_G","Defend_G","Defend_G","Strike_G","Survivor","Neutralize+1","AscendersBane","Sucker Punch","Blur","Cloak And Dagger","Bouncing Flask+1","Quick Slash","Escape Plan","Calculated Gamble","Deadly Poison+1","Unload","Phantasmal Killer+1","Burst+1","Well Laid Plans+1","Leg Sweep","All Out Attack","Writhe","Heel Hook","Catalyst","Chrysalis","Caltrops+1"],"relics":["Ring of the Snake","Boot","Ornamental Fan","Anchor","Regal Pillow","Astrolabe","Turnip","Pen Nib","Tingsha","Frozen Egg 2"],"potions_floor_usage":[7,7,12,16,31,33],"damage_taken":[{"damage":2,"enemies":"Jaw Worm","floor":1,"turns":5},{"damage":4,"enemies":"Cultist","floor":2,"turns":3},{"damage":3,"enemies":"Small Slimes","floor":3,"turns":5},{"damage":0,"enemies":"2 Fungi Beasts","floor":4,"turns":5},{"damage":5,"enemies":"3 Louse","floor":5,"turns":6},{"damage":7,"enemies":"Large Slime","floor":7,"turns":5},{"damage":29,"enemies":"3 Sentries","floor":10,"turns":12},{"damage":23,"enemies":"Gremlin Nob","floor":12,"turns":4},{"damage":0,"enemies":"Blue Slaver","floor":14,"turns":3},{"damage":0,"enemies":"Hexaghost","floor":16,"turns":8},{"damage":12,"enemies":"Shell Parasite","floor":18,"turns":5},{"damage":8,"enemies":"2 Thieves","floor":19,"turns":5},{"damage":24,"enemies":"Shelled Parasite and Fungi","floor":21,"turns":8},{"damage":27,"enemies":"Sentry and Sphere","floor":25,"turns":5},{"damage":0,"enemies":"Centurion and Healer","floor":27,"turns":9},{"damage":39,"enemies":"Book of Stabbing","floor":31,"turns":6},{"damage":42,"enemies":"Collector","floor":33,"turns":8}],"seed_played":"4987388555959750299","potions_obtained":[{"floor":2,"key":"AttackPotion"},{"floor":4,"key":"Energy Potion"},{"floor":10,"key":"Fire Potion"},{"floor":12,"key":"GamblersBrew"},{"floor":25,"key":"Weak Potion"},{"floor":27,"key":"Weak Potion"}],"is_trial":false,"path_per_floor":["M","M","M","M","M","R","M","?","T","E","R","E","R","M","R","B",null,"M","M","?","M","?","R","T","M","T","M","$","?","R","E","R"],"character_chosen":"THE_SILENT","items_purchased":["Chrysalis"],"campfire_rested":5,"item_purchase_floors":[28],"current_hp_per_floor":[57,53,50,50,45,45,38,38,38,9,28,5,39,39,39,39,59,47,39,39,15,15,49,49,22,22,22,22,22,56,17,51,9],"gold":34,"neow_bonus":"RANDOM_COMMON_RELIC","is_prod":false,"is_daily":false,"chose_seed":false,"campfire_upgraded":2,"win_rate":0,"timestamp":1541030233,"path_taken":["M","M","M","M","M","R","M","?","T","E","R","E","R","M","R","BOSS","M","M","?","M","?","R","?","?","T","M","$","?","R","E","R","BOSS"],"build_version":"2018-10-25v2","purchased_purges":1,"victory":false,"max_hp_per_floor":[66,66,66,66,66,66,66,66,66,66,66,66,66,66,66,66,66,66,66,66,66,66,66,66,66,66,66,66,66,66,66,66,66],"card_choices":[{"not_picked":["Endless Agony","Prepared"],"picked":"Sucker Punch","floor":1},{"not_picked":["Outmaneuver","Prepared"],"picked":"Blur","floor":2},{"not_picked":["Dodge and Roll","Outmaneuver"],"picked":"Cloak And Dagger","floor":3},{"not_picked":["Blade Dance","Concentrate"],"picked":"Bouncing Flask","floor":4},{"not_picked":["Bane","Dagger Throw"],"picked":"Quick Slash","floor":5},{"not_picked":["Endless Agony","Reflex","Choke"],"picked":"SKIP","floor":7},{"not_picked":["Choke","Terror"],"picked":"Escape Plan","floor":10},{"not_picked":["Blade Dance","Storm of Steel"],"picked":"Calculated Gamble","floor":12},{"not_picked":["PiercingWail","Deflect"],"picked":"Deadly Poison","floor":14},{"not_picked":["Tools of the Trade","Adrenaline"],"picked":"Unload","floor":16},{"not_picked":["Terror+1","Distraction"],"picked":"Leg Sweep","floor":18},{"not_picked":["Underhanded Strike","Expertise+1","Eviscerate"],"picked":"SKIP","floor":19},{"not_picked":["Endless Agony","Poisoned Stab"],"picked":"All Out Attack","floor":21},{"not_picked":["Deadly Poison","Finisher"],"picked":"Heel Hook","floor":25},{"not_picked":["Cloak And Dagger","Backflip"],"picked":"Catalyst","floor":27},{"not_picked":["Night Terror","Prepared"],"picked":"Caltrops+1","floor":31}],"player_experience":879080,"relics_obtained":[{"floor":9,"key":"Ornamental Fan"},{"floor":10,"key":"Anchor"},{"floor":12,"key":"Regal Pillow"},{"floor":24,"key":"Pen Nib"},{"floor":26,"key":"Tingsha"},{"floor":31,"key":"Frozen Egg 2"}],"event_choices":[{"damage_healed":0,"gold_gain":0,"player_choice":"Upgraded","damage_taken":0,"max_hp_gain":0,"max_hp_loss":0,"event_name":"Upgrade Shrine","floor":8,"gold_loss":0,"cards_upgraded":["Bouncing Flask"]},{"cards_removed":["Defend_G"],"damage_healed":0,"gold_gain":0,"player_choice":"Gave Gold","damage_taken":0,"max_hp_gain":0,"max_hp_loss":0,"event_name":"Beggar","floor":20,"gold_loss":75},{"damage_healed":0,"gold_gain":0,"player_choice":"Opened","damage_taken":0,"relics_obtained":["Turnip"],"max_hp_gain":0,"max_hp_loss":0,"event_name":"The Mausoleum","floor":22,"gold_loss":0,"cards_obtained":["Writhe"]},{"damage_healed":0,"gold_gain":0,"player_choice":"Paid Fearfully","damage_taken":0,"max_hp_gain":0,"max_hp_loss":0,"event_name":"Masked Bandits","floor":29,"gold_loss":69}],"is_beta":false,"boss_relics":[{"not_picked":["Tiny House","Ectoplasm"],"picked":"Astrolabe"}],"items_purged_floors":[28],"is_endless":false,"potions_floor_spawned":[2,4,10,12,25,27],"killed_by":"Collector","ascension_level":20}