{"gold_per_floor":[116,134,144,162,181,181,211,211,211,245,261,261,69,31,31,110,110,110,110,110,110,110,110,110,110,110,110,110,110,110,110,110,110],"floor_reached":33,"playtime":1797,"items_purged":[],"score":589,"play_id":"1aef7721-c992-4e08-9c7d-c7484d39ec10","local_time":"20181206182822","is_ascension_mode":true,"campfire_choices":[{"data":"Neutralize","floor":6,"key":"SMITH"},{"data":"Venomology","floor":12,"key":"SMITH"},{"data":"Caltrops","floor":15,"key":"SMITH"},{"floor":23,"key":"REST"},{"data":"Blade Dance","floor":25,"key":"SMITH"},{"data":"Terror","floor":28,"key":"SMITH"},{"data":"Calculated Gamble","floor":32,"key":"SMITH"}],"neow_cost":"NONE","seed_source_timestamp":93649241212,"circlet_count":0,"master_deck":["AscendersBane","Defend_G","Defend_G","Defend_G","Defend_G","Defend_G","Survivor","Neutralize+1","Adrenaline","Terror+1","All Out Attack+1","PiercingWail","Choke+1","Backflip","Calculated Gamble+1","Venomology+1","Blur","Caltrops+1","Bullet Time","Prepared+1","Bite","Bite","Bite","Bite","Bite","Blade Dance+1","Masterful Stab+1","Setup+1","Dagger Spray+1"],"relics":["Ring of the Snake","Bronze Scales","Letter Opener","Strawberry","Whetstone","Ectoplasm","Tingsha","Dodecahedron","Molten Egg 2","Singing Bowl","Boot"],"potions_floor_usage":[4,7,8,10,11,16,16,16,21,21,21,22,27,27,30,30,30,31,33,33,33],"damage_taken":[{"damage":4,"enemies":"Small Slimes","floor":1,"turns":5},{"damage":0,"enemies":"Cultist","floor":2,"turns":3},{"damage":4,"enemies":"Jaw Worm","floor":3,"turns":2},{"damage":0,"enemies":"Looter","floor":4,"turns":3},{"damage":0,"enemies":"Exordium Wildlife","floor":5,"turns":4},{"damage":17,"enemies":"Lagavulin","floor":7,"turns":5},{"damage":10,"enemies":"3 Sentries","floor":10,"turns":6},{"damage":0,"enemies":"Large Slime","floor":11,"turns":4},{"damage":3,"enemies":"The Guardian","floor":16,"turns":8},{"damage":2,"enemies":"Shell Parasite","floor":18,"turns":4},{"damage":13,"enemies":"Colosseum Slavers","floor":21,"turns":2},{"damage":54,"enemies":"Colosseum Nobs","floor":21,"turns":5},{"damage":1,"enemies":"Spheric Guardian","floor":22,"turns":3},{"damage":0,"enemies":"Cultist and Chosen","floor":24,"turns":3},{"damage":0,"enemies":"Gremlin Leader","floor":27,"turns":5},{"damage":0,"enemies":"3 Cultists","floor":29,"turns":4},{"damage":11,"enemies":"Book of Stabbing","floor":30,"turns":4},{"damage":0,"enemies":"Centurion and Healer","floor":31,"turns":4},{"damage":87,"enemies":"Champ","floor":33,"turns":11}],"seed_played":"1599820402544133056","potions_obtained":[{"floor":2,"key":"Weak Potion"},{"floor":3,"key":"AttackPotion"},{"floor":5,"key":"GhostInAJar"},{"floor":7,"key":"EssenceOfSteel"},{"floor":8,"key":"Fruit Juice"},{"floor":8,"key":"Dexterity Potion"},{"floor":10,"key":"LiquidBronze"},{"floor":18,"key":"AttackPotion"},{"floor":27,"key":"AttackPotion"},{"floor":30,"key":"Swift Potion"},{"floor":31,"key":"Fire Potion"}],"is_trial":false,"path_per_floor":["M","M","M","M","M","R","E","?","T","E","M","R","$","?","R","B",null,"M","$","?","?","M","R","M","R","T","E","R","M","E","M","R","B"],"character_chosen":"THE_SILENT","items_purchased":["Caltrops","Whetstone"],"campfire_rested":1,"item_purchase_floors":[13,13],"current_hp_per_floor":[55,55,51,51,51,51,34,39,39,36,36,36,36,36,36,33,67,65,65,54,5,14,30,38,38,38,50,50,58,47,58,58,0],"gold":110,"neow_bonus":"ONE_RANDOM_RARE_CARD","is_prod":false,"is_daily":false,"chose_seed":false,"campfire_upgraded":6,"win_rate":0,"timestamp":1544138902,"path_taken":["M","M","M","M","M","R","E","?","T","E","?","R","?","?","R","BOSS","M","$","?","?","M","R","M","R","T","E","R","M","E","M","R","BOSS"],"build_version":"2018-11-15","purchased_purges":0,"victory":false,"max_hp_per_floor":[66,66,66,66,66,66,66,71,71,78,78,78,78,78,78,78,78,78,78,54,54,54,54,54,54,54,56,56,58,58,58,58,58],"card_choices":[{"not_picked":["Deadly Poison","Bane"],"picked":"Terror","floor":1},{"not_picked":["PiercingWail","Dodge and Roll"],"picked":"All Out Attack","floor":2},{"not_picked":["Calculated Gamble","Expertise"],"picked":"PiercingWail","floor":3},{"not_picked":["Dodge and Roll","Quick Slash"],"picked":"Choke","floor":4},{"not_picked":["Outmaneuver","Prepared"],"picked":"Backflip","floor":5},{"not_picked":["Riddle With Holes","Terror"],"picked":"Calculated Gamble","floor":7},{"not_picked":["Choke","Crippling Poison"],"picked":"Venomology","floor":10},{"not_picked":["Eviscerate","Riddle With Holes"],"picked":"Blur","floor":11},{"not_picked":["Corpse Explosion","Wraith Form v2"],"picked":"Bullet Time","floor":16},{"not_picked":["Deflect","Sucker Punch"],"picked":"Prepared+1","floor":18},{"not_picked":["Skewer","Distraction"],"picked":"Blade Dance","floor":21},{"not_picked":["Outmaneuver","Reflex"],"picked":"Masterful Stab+1","floor":22},{"not_picked":["Quick Slash","Underhanded Strike","Caltrops"],"picked":"SKIP","floor":24},{"not_picked":["Dash+1","Sucker Punch+1","Outmaneuver"],"picked":"Singing Bowl","floor":27},{"not_picked":["Catalyst","Caltrops","Distraction"],"picked":"Singing Bowl","floor":29},{"not_picked":["Deflect","Underhanded Strike+1"],"picked":"Setup+1","floor":30},{"not_picked":["Eviscerate+1","Die Die Die+1"],"picked":"Dagger Spray+1","floor":31}],"player_experience":963434,"relics_obtained":[{"floor":7,"key":"Bronze Scales"},{"floor":9,"key":"Letter Opener"},{"floor":10,"key":"Strawberry"},{"floor":21,"key":"Tingsha"},{"floor":21,"key":"Dodecahedron"},{"floor":26,"key":"Molten Egg 2"},{"floor":27,"key":"Singing Bowl"},{"floor":30,"key":"Boot"}],"event_choices":[{"damage_healed":0,"gold_gain":0,"player_choice":"Got Potions","damage_taken":0,"max_hp_gain":0,"max_hp_loss":0,"event_name":"Lab","floor":8,"gold_loss":0},{"damage_healed":0,"gold_gain":0,"player_choice":"Left Gold","damage_taken":0,"max_hp_gain":0,"max_hp_loss":0,"event_name":"World of Goop","floor":14,"gold_loss":38},{"damage_healed":0,"gold_gain":0,"player_choice":"Became a vampire","damage_taken":0,"max_hp_gain":0,"max_hp_loss":24,"event_name":"Vampires","floor":20,"gold_loss":0,"cards_obtained":["Bite","Bite","Bite","Bite","Bite"]},{"damage_healed":0,"gold_gain":0,"player_choice":"Fight","damage_taken":0,"max_hp_gain":0,"max_hp_loss":0,"event_name":"Colosseum","floor":21,"gold_loss":0},{"damage_healed":0,"gold_gain":0,"player_choice":"Fought Nobs","damage_taken":0,"max_hp_gain":0,"max_hp_loss":0,"event_name":"Colosseum","floor":21,"gold_loss":0}],"is_beta":false,"boss_relics":[{"not_picked":["Velvet Choker","Astrolabe"],"picked":"Ectoplasm"}],"items_purged_floors":[],"is_endless":false,"potions_floor_spawned":[2,3,5,7,10,18,21,27,30,31],"killed_by":"Champ","ascension_level":15}