{"gold_per_floor":[111,111,124,74,91,120,120,138,138,165,165,200,210,210,210,315,315,327,3,14,34,34,60,60,90,90,115,128,128,146,156,156,256,256,270,286,306,320,340,372,372,170,170,170,182,210,170,190,190,190],"floor_reached":51,"playtime":2734,"items_purged":["Disarm+1","Perfected Strike+1"],"score":973,"play_id":"29dc1b6b-9177-4830-9927-dcbdcfaf6c04","local_time":"20190116110549","is_ascension_mode":true,"campfire_choices":[{"data":"Flex","floor":7,"key":"SMITH"},{"data":"Limit Break","floor":15,"key":"SMITH"},{"data":"Bash","floor":29,"key":"SMITH"},{"data":"Inflame","floor":32,"key":"SMITH"},{"data":"Demon Form","floor":44,"key":"SMITH"},{"floor":49,"key":"REST"}],"neow_cost":"NONE","seed_source_timestamp":578351499393890,"circlet_count":0,"master_deck":["Strike_R","Strike_R","Strike_R","Strike_R","Bash+1","Flex+1","Pommel Strike+1","Clash+1","Inflame+1","Infernal Blade+1","Limit Break+1","Pommel Strike+1","Reaper+1","Havoc+1","Blood for Blood+1","Sword Boomerang+1","Warcry+1","RitualDagger+1","Feed+1","Anger+1","Heavy Blade+1","Sword Boomerang+1","Demon Form+1","Clash+1","Clash+1","Warcry","Clash+1","Flex+1","Clash+1"],"relics":["Burning Blood","Molten Egg 2","Bottled Flame","Shuriken","Bag of Preparation","Ancient Tea Set","Astrolabe","Membership Card","PreservedInsect","Strawberry","Oddly Smooth Stone","Bag of Marbles","Happy Flower","Black Star","Pantograph","Unceasing Top","Sundial","Juzu Bracelet","Vajra"],"potions_floor_usage":[16,33],"damage_taken":[{"damage":6,"enemies":"2 Louse","floor":1,"turns":2},{"damage":1,"enemies":"Cultist","floor":3,"turns":4},{"damage":0,"enemies":"Small Slimes","floor":5,"turns":2},{"damage":14,"enemies":"Gremlin Nob","floor":6,"turns":3},{"damage":0,"enemies":"Exordium Thugs","floor":8,"turns":3},{"damage":22,"enemies":"3 Sentries","floor":10,"turns":5},{"damage":13,"enemies":"Lagavulin","floor":12,"turns":3},{"damage":12,"enemies":"Exordium Wildlife","floor":13,"turns":2},{"damage":36,"enemies":"Hexaghost","floor":16,"turns":4},{"damage":8,"enemies":"Chosen","floor":18,"turns":2},{"damage":11,"enemies":"Spheric Guardian","floor":20,"turns":3},{"damage":26,"enemies":"Centurion and Healer","floor":21,"turns":3},{"damage":42,"enemies":"Gremlin Leader","floor":23,"turns":4},{"damage":12,"enemies":"Book of Stabbing","floor":25,"turns":2},{"damage":0,"enemies":"Gremlin Leader","floor":27,"turns":5},{"damage":15,"enemies":"Cultist and Chosen","floor":28,"turns":3},{"damage":0,"enemies":"Snecko","floor":30,"turns":1},{"damage":0,"enemies":"Snake Plant","floor":31,"turns":2},{"damage":35,"enemies":"Collector","floor":33,"turns":4},{"damage":38,"enemies":"3 Darklings","floor":35,"turns":3},{"damage":10,"enemies":"3 Shapes","floor":36,"turns":2},{"damage":26,"enemies":"Writhing Mass","floor":37,"turns":3},{"damage":4,"enemies":"Sphere and 2 Shapes","floor":38,"turns":2},{"damage":0,"enemies":"Transient","floor":39,"turns":5},{"damage":26,"enemies":"Giant Head","floor":40,"turns":3},{"damage":27,"enemies":"Writhing Mass","floor":45,"turns":2},{"damage":0,"enemies":"Reptomancer","floor":46,"turns":3},{"damage":20,"enemies":"3 Darklings","floor":48,"turns":3},{"damage":90,"enemies":"Awakened One","floor":50,"turns":5}],"seed_played":"-2579827367020154592","potions_obtained":[{"floor":5,"key":"AttackPotion"},{"floor":10,"key":"AttackPotion"},{"floor":12,"key":"Explosive Potion"},{"floor":16,"key":"Strength Potion"},{"floor":23,"key":"Swift Potion"},{"floor":33,"key":"EntropicBrew"},{"floor":38,"key":"Swift Potion"},{"floor":39,"key":"PowerPotion"}],"is_trial":false,"path_per_floor":["M","?","M","?","M","E","R","M","T","E","?","E","M","?","R","B",null,"M","$","M","M","?","E","?","E","T","E","M","R","M","M","R","B",null,"M","M","M","M","M","E","?","$","T","R","M","E","?","M","R","B",null],"character_chosen":"IRONCLAD","items_purchased":["Membership Card","PreservedInsect","Sundial","Clash+1"],"campfire_rested":1,"item_purchase_floors":[19,19,42,42],"current_hp_per_floor":[80,68,73,73,79,71,71,77,77,61,61,54,48,48,48,18,80,78,78,73,53,47,69,69,63,63,87,89,89,95,95,95,66,95,83,79,69,71,77,74,74,74,74,74,57,63,63,49,78,30],"gold":190,"neow_bonus":"REMOVE_CARD","is_prod":false,"is_daily":false,"chose_seed":false,"campfire_upgraded":5,"win_rate":0,"timestamp":1547654749,"path_taken":["M","?","M","?","M","E","R","M","T","E","?","E","?","?","R","BOSS","M","$","M","M","?","E","?","E","T","E","M","R","M","M","R","BOSS","M","M","M","M","M","E","?","$","T","R","M","E","?","M","R","BOSS"],"build_version":"2019-01-10","purchased_purges":2,"victory":true,"max_hp_per_floor":[80,80,80,80,80,80,80,80,80,80,80,80,80,80,80,80,80,80,80,80,80,80,87,87,87,87,87,91,91,95,95,95,95,95,95,95,95,95,95,95,95,95,95,95,99,99,99,99,99,99],"card_choices":[{"not_picked":["Reckless Charge","Rampage"],"picked":"Flex","floor":1},{"not_picked":["Sword Boomerang+1","Body Slam+1"],"picked":"Pommel Strike+1","floor":3},{"not_picked":["Headbutt+1","Sword Boomerang+1"],"picked":"Clash+1","floor":5},{"not_picked":["Flex","Reckless Charge+1"],"picked":"Inflame","floor":6},{"not_picked":["Flex","Havoc"],"picked":"Infernal Blade","floor":8},{"not_picked":["Carnage+1","Battle Trance"],"picked":"Limit Break","floor":10},{"not_picked":["Battle Trance","Perfected Strike+1","Ghostly Armor"],"picked":"SKIP","floor":12},{"not_picked":["Armaments","Thunderclap+1"],"picked":"Pommel Strike+1","floor":13},{"not_picked":["Exhume","Brutality"],"picked":"Reaper+1","floor":16},{"not_picked":["Thunderclap+1","Shrug It Off"],"picked":"Blood for Blood+1","floor":18},{"not_picked":["Bloodletting","Perfected Strike+1"],"picked":"Sword Boomerang+1","floor":20},{"not_picked":["Blood for Blood+1","Iron Wave+1"],"picked":"Warcry","floor":21},{"not_picked":["Thunderclap+1","Metallicize"],"picked":"Feed+1","floor":23},{"not_picked":["Shockwave","Armaments","Body Slam+1"],"picked":"SKIP","floor":25},{"not_picked":["Flex+1","Armaments"],"picked":"Anger+1","floor":27},{"not_picked":["True Grit","Clothesline+1"],"picked":"Heavy Blade+1","floor":28},{"not_picked":["Clothesline+1","Sever Soul+1","Perfected Strike+1"],"picked":"SKIP","floor":30},{"not_picked":["Bludgeon+1","Combust"],"picked":"Sword Boomerang+1","floor":31},{"not_picked":["Limit Break","Offering"],"picked":"Demon Form","floor":33},{"not_picked":["Clothesline+1","Blood for Blood+1"],"picked":"Clash+1","floor":35},{"not_picked":["Shockwave+1","Havoc"],"picked":"Clash+1","floor":36},{"not_picked":["Armaments","Shockwave+1","Combust"],"picked":"SKIP","floor":37},{"not_picked":["Pommel Strike+1","Carnage+1"],"picked":"Warcry","floor":38},{"not_picked":["Twin Strike+1","Dual Wield"],"picked":"Clash+1","floor":39},{"not_picked":["Rage","Feed+1"],"picked":"Flex+1","floor":40},{"not_picked":["True Grit+1","Flex","Body Slam+1"],"picked":"SKIP","floor":45},{"not_picked":["Shockwave+1","Bloodletting","Fiend Fire+1"],"picked":"SKIP","floor":46},{"not_picked":["Perfected Strike+1","Ghostly Armor","Power Through"],"picked":"SKIP","floor":48}],"player_experience":96367,"relics_obtained":[{"floor":6,"key":"Bottled Flame"},{"floor":9,"key":"Shuriken"},{"floor":10,"key":"Bag of Preparation"},{"floor":12,"key":"Ancient Tea Set"},{"floor":23,"key":"Strawberry"},{"floor":25,"key":"Oddly Smooth Stone"},{"floor":26,"key":"Bag of Marbles"},{"floor":27,"key":"Happy Flower"},{"floor":40,"key":"Pantograph"},{"floor":40,"key":"Unceasing Top"},{"floor":46,"key":"Juzu Bracelet"},{"floor":46,"key":"Vajra"}],"event_choices":[{"damage_healed":0,"gold_gain":0,"player_choice":"Success","damage_taken":12,"relics_obtained":["Molten Egg 2"],"max_hp_gain":0,"max_hp_loss":0,"event_name":"Scrap Ooze","floor":2,"gold_loss":0},{"cards_removed":["Defend_R"],"damage_healed":0,"gold_gain":0,"player_choice":"Card Removal","damage_taken":0,"max_hp_gain":0,"max_hp_loss":0,"event_name":"The Cleric","floor":4,"gold_loss":50},{"damage_healed":0,"gold_gain":0,"player_choice":"Forge","damage_taken":0,"max_hp_gain":0,"max_hp_loss":0,"event_name":"Accursed Blacksmith","floor":11,"gold_loss":0,"cards_upgraded":["Infernal Blade"]},{"damage_healed":0,"gold_gain":0,"player_choice":"Bought 0 Potions","damage_taken":0,"max_hp_gain":0,"max_hp_loss":0,"event_name":"The Woman in Blue","floor":14,"gold_loss":0},{"damage_healed":0,"gold_gain":0,"player_choice":"Joined the Cult","damage_taken":6,"max_hp_gain":0,"max_hp_loss":0,"event_name":"Nest","floor":22,"gold_loss":0,"cards_obtained":["RitualDagger"]},{"damage_healed":0,"gold_gain":0,"player_choice":"Ignored","damage_taken":0,"max_hp_gain":0,"max_hp_loss":0,"event_name":"Ghosts","floor":24,"gold_loss":0},{"damage_healed":0,"gold_gain":0,"player_choice":"Ignored","damage_taken":0,"max_hp_gain":0,"max_hp_loss":0,"event_name":"Tomb of Lord Red Mask","floor":41,"gold_loss":0},{"damage_healed":0,"gold_gain":0,"player_choice":"Upgrade","damage_taken":0,"max_hp_gain":0,"max_hp_loss":0,"event_name":"Designer","floor":47,"gold_loss":40,"cards_upgraded":["Warcry"]}],"is_beta":false,"boss_relics":[{"not_picked":["Runic Pyramid","Fusion Hammer"],"picked":"Astrolabe"},{"not_picked":["Calling Bell","Eternal Feather"],"picked":"Black Star"}],"items_purged_floors":[19,42],"is_endless":false,"potions_floor_spawned":[5,10,12,16,23,25,27,30,33,35,38,39,45,48],"ascension_level":2}