{"gold_per_floor":[111,55,73,91,91,91,117,117,117,127,143,143,159,176,176,176],"floor_reached":16,"playtime":654,"items_purged":[],"score":208,"play_id":"a8de0383-d330-4169-a7ca-bcc5d949c090","local_time":"20181031193159","is_ascension_mode":true,"campfire_choices":[{"data":"Envenom","floor":6.0,"key":"SMITH"},{"data":"Neutralize","floor":8.0,"key":"SMITH"},{"floor":12.0,"key":"REST"},{"data":"Dodge and Roll","floor":15.0,"key":"SMITH"}],"neow_cost":"TEN_PERCENT_HP_LOSS","seed_source_timestamp":1897967807135297,"circlet_count":0,"master_deck":["Defend_G","Defend_G","Defend_G","Defend_G","Defend_G","Strike_G","Strike_G","Strike_G","Strike_G","Strike_G","Survivor","Neutralize+1","AscendersBane","Envenom+1","Quick Slash","Dagger Spray","Outmaneuver","Dodge and Roll+1","Cloak And Dagger","PiercingWail","Dodge and Roll","Crippling Poison","Backflip","Poisoned Stab","Blur"],"special_seed":0,"relics":["Ring of the Snake","Prayer Wheel","The Specimen"],"potions_floor_usage":[16,16],"damage_taken":[{"damage":3.0,"enemies":"2 Louse","floor":1.0,"turns":3.0},{"damage":19.0,"enemies":"Jaw Worm","floor":3.0,"turns":4.0},{"damage":4.0,"enemies":"Small Slimes","floor":4.0,"turns":3.0},{"damage":25.0,"enemies":"3 Sentries","floor":7.0,"turns":7.0},{"damage":1.0,"enemies":"Blue Slaver","floor":10.0,"turns":5.0},{"damage":15.0,"enemies":"3 Louse","floor":11.0,"turns":6.0},{"damage":4.0,"enemies":"Lots of Slimes","floor":13.0,"turns":4.0},{"damage":0.0,"enemies":"2 Fungi Beasts","floor":14.0,"turns":2.0},{"damage":34,"enemies":"The Guardian","floor":16,"turns":13}],"seed_played":"-8031100417393295363","potions_obtained":[{"floor":7.0,"key":"FairyPotion"},{"floor":11.0,"key":"GamblersBrew"},{"floor":14.0,"key":"LiquidBronze"}],"is_trial":false,"path_per_floor":["M","$","M","M","?","R","E","R","T","M","M","R","M","M","R"],"character_chosen":"THE_SILENT","items_purchased":["Dagger Spray"],"campfire_rested":1,"item_purchase_floors":[2],"current_hp_per_floor":[56,56,37,33,33,33,8,8,8,7,6,24,20,20,20,0],"gold":176,"neow_bonus":"THREE_RARE_CARDS","is_prod":false,"is_daily":false,"chose_seed":false,"campfire_upgraded":3,"win_rate":0,"timestamp":1541028719,"path_taken":["M","$","M","M","?","R","E","R","T","M","M","R","M","M","R","BOSS"],"build_version":"2018-10-25v2","purchased_purges":0,"victory":false,"max_hp_per_floor":[60,60,60,60,60,60,60,60,60,60,60,60,60,60,60,60],"card_choices":[{"not_picked":["Phantasmal Killer","Doppelganger"],"picked":"Envenom","floor":0.0},{"not_picked":["Blade Dance","Outmaneuver"],"picked":"Quick Slash","floor":1.0},{"not_picked":["Distraction","Dagger Throw","Reflex"],"picked":"SKIP","floor":3.0},{"not_picked":["Acrobatics","Reflex"],"picked":"Outmaneuver","floor":4.0},{"not_picked":["Phantasmal Killer","Outmaneuver"],"picked":"Dodge and Roll","floor":7.0},{"not_picked":["Choke","Underhanded Strike"],"picked":"Cloak And Dagger","floor":10.0},{"not_picked":["Flying Knee","Choke"],"picked":"PiercingWail","floor":10.0},{"not_picked":["Blade Dance","Tactician"],"picked":"Dodge and Roll","floor":11.0},{"not_picked":["Endless Agony","Dagger Throw","Acrobatics"],"picked":"SKIP","floor":11.0},{"not_picked":["Prepared","Slice"],"picked":"Crippling Poison","floor":13.0},{"not_picked":["PiercingWail","Dodge and Roll"],"picked":"Backflip","floor":13.0},{"not_picked":["Deflect","Flechettes"],"picked":"Poisoned Stab","floor":14.0},{"not_picked":["Bane","Cloak And Dagger"],"picked":"Blur","floor":14.0}],"player_experience":878426,"relics_obtained":[{"floor":7.0,"key":"Prayer Wheel"},{"floor":9.0,"key":"The Specimen"}],"event_choices":[{"damage_healed":0.0,"max_hp_gain":0.0,"max_hp_loss":0.0,"gold_gain":0.0,"event_name":"Golden Wing","player_choice":"Ignored","floor":5.0,"gold_loss":0.0,"damage_taken":0.0}],"is_beta":false,"boss_relics":[],"items_purged_floors":[],"is_endless":false,"potions_floor_spawned":[7,11,14],"killed_by":"The Guardian","ascension_level":20}