{"path_per_floor":["M","$","M","$","M","E","R","E","T","M","M","R","M","M","R","B",null,"M","M","M","$","M"],"character_chosen":"IRONCLAD","items_purchased":["Spot Weakness","Omamori"],"gold_per_floor":[109,109,125,49,64,90,90,124,149,166,177,177,189,208,208,303,303,323,342,353,133,144],"floor_reached":23,"campfire_rested":0,"playtime":2716,"current_hp_per_floor":[79,79,80,80,80,71,71,56,56,57,65,65,70,78,78,52,80,74,76,80,80,65],"items_purged":["Strike_R"],"gold":144,"play_id":"20d99e23-9f47-4ba7-bc64-89dfef08b2af","is_prod":false,"is_daily":false,"is_ascension_mode":false,"campfire_upgraded":3,"path_taken":["M","$","?","?","M","E","R","E","T","M","M","R","M","?","R","BOSS","M","M","M","$","M","E"],"build_version":"2018-01-25-PROD3","purchased_purges":1,"victory":false,"master_deck":["Strike_R","Strike_R","Strike_R","Strike_R","Defend_R","Defend_R","Defend_R","Defend_R","Bash","Armaments+1","Shrug It Off","Spot Weakness","Cleave","True Grit+1","Battle Trance","Flame Barrier+1","Barricade","Thunderclap+1","True Grit+1","Demon Form"],"max_hp_per_floor":[80,80,80,80,80,80,80,80,80,80,80,80,80,80,80,80,80,80,80,80,80,80],"relics":["Burning Blood","Orichalcum","Bag of Preparation","Pen Nib","Blood Vial","Eternal Feather","Omamori"],"card_choices":[{"not_picked":["Feel No Pain","Flex"],"picked":"Armaments"},{"not_picked":["Thunderclap","Feel No Pain"],"picked":"Shrug It Off"},{"not_picked":["Feel No Pain","Anger"],"picked":"Cleave"},{"not_picked":["Corruption","Headbutt"],"picked":"True Grit"},{"not_picked":["Dropkick","Sword Boomerang"],"picked":"Battle Trance"},{"not_picked":["Shrug It Off","Power Through"],"picked":"Flame Barrier"},{"not_picked":["Demon Form","Berserk"],"picked":"Barricade"},{"not_picked":["Perfected Strike","Flex"],"picked":"Thunderclap"},{"not_picked":["Armaments","Perfected Strike"],"picked":"True Grit"},{"not_picked":["Perfected Strike","True Grit"],"picked":"Demon Form"}],"player_experience":20989,"potions_floor_usage":[6,13,19],"damage_taken":[{"damage":7,"enemies":"Blue Slaver","floor":1,"turns":4},{"damage":0,"enemies":"Small Slimes","floor":3,"turns":4},{"damage":3,"enemies":"Cultist","floor":5,"turns":4},{"damage":15,"enemies":"Gremlin Nob","floor":6,"turns":4},{"damage":21,"enemies":"3 Sentries","floor":8,"turns":6},{"damage":7,"enemies":"Red Slaver","floor":10,"turns":4},{"damage":0,"enemies":"Gremlin Gang","floor":11,"turns":4},{"damage":3,"enemies":"Exordium Wildlife","floor":13,"turns":5},{"damage":0,"enemies":"Looter","floor":14,"turns":4},{"damage":34,"enemies":"Slime Boss","floor":16,"turns":14},{"damage":12,"enemies":"Spheric Guardian","floor":18,"turns":11},{"damage":6,"enemies":"Chosen","floor":19,"turns":6},{"damage":0,"enemies":"Snecko","floor":20,"turns":9},{"damage":21,"enemies":"Centurion and Healer","floor":22,"turns":13},{"damage":70,"enemies":"Gremlin Leader","floor":23,"turns":6}],"event_choices":[],"boss_relics":[{"not_picked":["Runic Cube","Snecko Eye"],"picked":"Eternal Feather"}],"potions_floor_spawned":[1,3,10,11,18,20],"seed_played":"6196372464091233600","killed_by":"Gremlin Leader","ascension_level":0,"is_trial":false}