{"gold_per_floor":[144,16,16,61,106,106,196,241,241,286,9,9,58,107,107,432,432,481,485,534,583,632,632,730,730,730,244,293,342,342,391,391,716,716,765,814,863,912,912,1010,1059,1108,1108,233,233,233,233,282,282,282],"floor_reached":51,"playtime":2755,"items_purged":["Defend_R","Strike_R","Defend_R"],"score":809,"play_id":"7556b5e8-664a-45fb-9f60-4c0fce79e4b9","local_time":"20180724182916","daily_mods":["Diverse","Midas","Uncertain Future"],"is_ascension_mode":false,"campfire_choices":[{"floor":6,"key":"REST"},{"floor":15,"key":"REST"},{"floor":23,"key":"REST"},{"floor":32,"key":"REST"},{"floor":46,"key":"REST"},{"floor":49,"key":"REST"}],"neow_cost":"","seed_source_timestamp":0,"circlet_count":0,"master_deck":["Defend_R","Defend_R","Bash","Warcry","Metallicize","Streamline","Expertise","Beam Cell","Offering","Deflect","Conserve Battery","Cold Snap","Barricade","Conserve Battery+1","Body Slam+1","Leap+1","Backstab+1","Backflip","Secret Technique","Uppercut+1","Bite+1","Bite+1","Bite+1","Bite+1","Bite+1","Shrug It Off","Capacitor","Warcry+1","Cold Snap+1","Disarm+1","Swift Strike+1","Apotheosis","Metallicize","Cold Snap+1","Offering"],"special_seed":17736,"relics":["Burning Blood","Potion Belt","Nunchaku","Omamori","Golden Idol","Sozu","Shuriken","Necronomicon","Molten Egg 2","Bag of Marbles","Cursed Key","Red Skull","Dodecahedron","Gambling Chip","Question Card","HandDrill"],"potions_floor_usage":[7,16,18,20],"damage_taken":[{"damage":0,"enemies":"2 Louse","floor":1,"turns":2},{"damage":9,"enemies":"Jaw Worm","floor":4,"turns":5},{"damage":3,"enemies":"Cultist","floor":5,"turns":3},{"damage":16,"enemies":"3 Sentries","floor":7,"turns":8},{"damage":24,"enemies":"Exordium Thugs","floor":8,"turns":4},{"damage":5,"enemies":"Large Slime","floor":10,"turns":4},{"damage":7,"enemies":"Looter","floor":13,"turns":3},{"damage":6,"enemies":"3 Louse","floor":14,"turns":3},{"damage":54,"enemies":"Hexaghost","floor":16,"turns":12},{"damage":18,"enemies":"3 Byrds","floor":18,"turns":6},{"damage":24,"enemies":"2 Thieves","floor":19,"turns":5},{"damage":13,"enemies":"Snake Plant","floor":20,"turns":3},{"damage":5,"enemies":"Centurion and Healer","floor":21,"turns":7},{"damage":15,"enemies":"Sentry and Sphere","floor":22,"turns":9},{"damage":23,"enemies":"Gremlin Leader","floor":24,"turns":9},{"damage":8,"enemies":"Slaver and Parasite","floor":28,"turns":4},{"damage":12,"enemies":"Cultist and Chosen","floor":29,"turns":5},{"damage":16,"enemies":"Snake Plant","floor":31,"turns":2},{"damage":7,"enemies":"Champ","floor":33,"turns":8},{"damage":32,"enemies":"3 Darklings","floor":35,"turns":5},{"damage":4,"enemies":"3 Shapes","floor":36,"turns":3},{"damage":5,"enemies":"Maw","floor":37,"turns":6},{"damage":17,"enemies":"Spire Growth","floor":38,"turns":3},{"damage":44,"enemies":"2 Orb Walkers","floor":40,"turns":5},{"damage":5,"enemies":"Transient","floor":41,"turns":5},{"damage":43,"enemies":"Flame Bruiser 2 Orb","floor":42,"turns":5},{"damage":0,"enemies":"Sphere and 2 Shapes","floor":48,"turns":3},{"damage":18,"enemies":"Time Eater","floor":50,"turns":8}],"seed_played":"-218002140433653239","potions_obtained":[{"floor":4,"key":"SteroidPotion"},{"floor":7,"key":"PowerPotion"},{"floor":8,"key":"Block Potion"},{"floor":16,"key":"EntropicBrew"}],"is_trial":false,"path_per_floor":["M","$","?","M","M","R","E","M","T","M","$","?","M","M","R","B",null,"M","M","M","M","M","R","E","?","T","$","M","M","?","M","R","B",null,"M","M","M","M","?","E","M","M","T","$","?","R","?","M","R","B"],"character_chosen":"IRONCLAD","items_purchased":["Metallicize","Streamline","Conserve Battery","Omamori","Backflip","Secret Technique","Bag of Marbles","Gambling Chip","Question Card","HandDrill"],"campfire_rested":6,"item_purchase_floors":[2,2,11,11,27,27,27,44,44,44],"current_hp_per_floor":[80,80,80,77,80,80,70,52,52,53,53,33,32,32,56,8,80,68,50,43,44,35,59,42,26,26,26,24,18,18,20,36,56,56,38,46,56,50,45,22,41,19,19,19,19,35,35,50,56,56],"gold":282,"neow_bonus":"","is_prod":false,"is_daily":true,"chose_seed":false,"campfire_upgraded":0,"win_rate":0,"timestamp":1532471356,"path_taken":["M","$","?","M","M","R","E","M","T","M","?","?","M","M","R","BOSS","M","M","M","M","M","R","E","?","T","$","M","?","?","M","R","BOSS","M","M","M","M","?","E","M","M","T","$","?","R","?","M","R","BOSS"],"build_version":"2018-07-19v2","purchased_purges":3,"victory":true,"max_hp_per_floor":[80,80,80,80,80,80,80,80,80,80,80,80,80,80,80,80,80,80,80,80,80,80,80,80,80,80,80,80,80,56,56,56,56,56,56,56,56,56,56,56,56,56,56,56,56,56,56,56,56,56],"card_choices":[{"not_picked":["Underhanded Strike","Body Slam"],"picked":"Warcry","floor":1},{"not_picked":["Static Discharge","Disarm"],"picked":"Expertise","floor":4},{"not_picked":["Lockon","Dodge and Roll"],"picked":"Beam Cell","floor":5},{"not_picked":["Calculated Gamble","All For One"],"picked":"Offering","floor":7},{"not_picked":["True Grit","Concentrate","Blizzard"],"picked":"SKIP","floor":8},{"not_picked":["Combust","Poisoned Stab"],"picked":"Deflect","floor":10},{"not_picked":["Leap","Stack"],"picked":"Cold Snap","floor":13},{"not_picked":["Outmaneuver","Clash","Sweeping Beam"],"picked":"SKIP","floor":14},{"not_picked":["Seek","Biased Cognition"],"picked":"Barricade","floor":16},{"not_picked":["Havoc","Armaments"],"picked":"Conserve Battery+1","floor":18},{"not_picked":["Endless Agony+1","Outmaneuver"],"picked":"Body Slam+1","floor":19},{"not_picked":["Quick Slash","Anger"],"picked":"Leap+1","floor":20},{"not_picked":["Catalyst","Clash","Barrage+1"],"picked":"SKIP","floor":21},{"not_picked":["Finisher","Blizzard"],"picked":"Backstab+1","floor":22},{"not_picked":["Phantasmal Killer","Blur+1","Carnage+1"],"picked":"SKIP","floor":24},{"not_picked":["Streamline+1","Accuracy","Slice+1"],"picked":"SKIP","floor":28},{"not_picked":["Feel No Pain","Sucker Punch+1"],"picked":"Uppercut+1","floor":29},{"not_picked":["Redo","Underhanded Strike+1"],"picked":"Shrug It Off","floor":31},{"not_picked":["Reflex","Second Wind+1"],"picked":"Capacitor","floor":35},{"not_picked":["Blur","Auto Shields"],"picked":"Warcry+1","floor":36},{"not_picked":["Infernal Blade","Blizzard+1"],"picked":"Cold Snap+1","floor":37},{"not_picked":["Accuracy","Flying Knee+1"],"picked":"Disarm+1","floor":38},{"not_picked":["Madness","Deep Breath"],"picked":"Swift Strike+1","floor":39},{"not_picked":["Panacea","Blind"],"picked":"Apotheosis","floor":39},{"not_picked":["Power Through","Redo","Poisoned Stab+1"],"picked":"SKIP","floor":40},{"not_picked":["Steam Power","Reprogram"],"picked":"Metallicize","floor":41},{"not_picked":["Tempest+1","Anger+1"],"picked":"Cold Snap+1","floor":42},{"not_picked":["Shockwave+1","Cloak And Dagger","Leap","Setup"],"picked":"SKIP","floor":48}],"player_experience":524045,"relics_obtained":[{"floor":7,"key":"Potion Belt"},{"floor":9,"key":"Nunchaku"},{"floor":24,"key":"Shuriken"},{"floor":25,"key":"Necronomicon"},{"floor":26,"key":"Molten Egg 2"},{"floor":40,"key":"Red Skull"},{"floor":43,"key":"Dodecahedron"}],"event_choices":[{"event_name":"Liars Game","player_choice":"disagreed","floor":3,"damage_taken":0},{"event_name":"Golden Idol","player_choice":"Take Damage","floor":12,"damage_taken":0},{"event_name":"Cursed Tome","player_choice":"Obtained Book","floor":25,"damage_taken":0},{"event_name":"Vampires","player_choice":"Became a vampire","floor":30,"damage_taken":0},{"event_name":"SensoryStone","player_choice":"Memory 2","floor":39,"damage_taken":0},{"event_name":"Mysterious Sphere","player_choice":"Ignore","floor":45,"damage_taken":0},{"event_name":"Duplicator","player_choice":"One dupe","floor":47,"damage_taken":0}],"is_beta":false,"boss_relics":[{"not_picked":["Eternal Feather","Runic Cube"],"picked":"Sozu"},{"not_picked":["Lizard Tail","Black Star"],"picked":"Cursed Key"}],"items_purged_floors":[11,27,44],"is_endless":false,"potions_floor_spawned":[4,7,8,16,18,21,28,33,36,37,38,41],"ascension_level":0}