{"gold_per_floor":[16,36,46,221,70,101,111,111,111,136,151,169,194,210,210,314,314,333,344,344,94,94,94,110,120,120,120,135,164,180,210,210,315,315,333,352,367,367,379,406,426,440,440,440,18,33,0,30,30,30],"floor_reached":51,"playtime":3095,"items_purged":["Doubt","Searing Blow","Sever Soul"],"score":925,"play_id":"25e11361-03d5-4e46-ab54-643cff049b0f","local_time":"20190523231649","is_ascension_mode":false,"campfire_choices":[{"data":"Armaments","floor":8.0,"key":"SMITH"},{"data":"Bash","floor":15.0,"key":"SMITH"},{"data":"Whirlwind","floor":23.0,"key":"SMITH"},{"data":"Armaments","floor":32.0,"key":"SMITH"},{"data":"Immolate","floor":44,"key":"SMITH"},{"data":"Battle Trance","floor":49,"key":"SMITH"}],"neow_cost":"NO_GOLD","seed_source_timestamp":0,"circlet_count":0,"master_deck":["Bash+1","Impervious","Shrug It Off","Armaments+1","Anger","Seeing Red","Feed","Battle Trance+1","True Grit","Feel No Pain","Spot Weakness","Flame Barrier","Ghostly Armor","Iron Wave","Immolate+1","Armaments+1","Whirlwind+1","Headbutt","Twin Strike","Berserk","Flame Barrier","Headbutt","Power Through+1","Anger+1","Armaments+1","Seeing Red","RitualDagger","Disarm+1","Havoc+1","Clothesline","Body Slam+1","Headbutt","Headbutt+1","Seeing Red","Inflame","Impervious","Flame Barrier","Inflame+1","Spot Weakness","Clothesline+1","True Grit+1","Reaper","Ghostly Armor+1","Burning Pact+1","Disarm+1","Disarm+1","Whirlwind+1","Writhe","PanicButton+1","Offering+1","Intimidate+1","Power Through+1"],"special_seed":0,"relics":["Burning Blood","Centennial Puzzle","Darkstone Periapt","Prayer Wheel","Art of War","Pandora\u0027s Box","PreservedInsect","Mummified Hand","Dream Catcher","Regal Pillow","Cursed Key","Toxic Egg 2","Bottled Flame","Red Mask","Anchor"],"potions_floor_usage":[39,39,50,50],"damage_taken":[{"damage":1.0,"enemies":"2 Louse","floor":1.0,"turns":3.0},{"damage":0.0,"enemies":"Jaw Worm","floor":2.0,"turns":6.0},{"damage":2.0,"enemies":"Small Slimes","floor":3.0,"turns":4.0},{"damage":0.0,"enemies":"Lagavulin","floor":6.0,"turns":10.0},{"damage":3.0,"enemies":"Red Slaver","floor":7.0,"turns":3.0},{"damage":11.0,"enemies":"Gremlin Nob","floor":10.0,"turns":3.0},{"damage":11.0,"enemies":"Exordium Wildlife","floor":11.0,"turns":5.0},{"damage":4.0,"enemies":"2 Fungi Beasts","floor":12.0,"turns":4.0},{"damage":2.0,"enemies":"3 Sentries","floor":13.0,"turns":7.0},{"damage":0.0,"enemies":"Looter","floor":14.0,"turns":4.0},{"damage":37.0,"enemies":"Hexaghost","floor":16.0,"turns":8.0},{"damage":0.0,"enemies":"3 Byrds","floor":18.0,"turns":2.0},{"damage":5.0,"enemies":"2 Thieves","floor":19.0,"turns":4.0},{"damage":2.0,"enemies":"Centurion and Healer","floor":24.0,"turns":5.0},{"damage":9.0,"enemies":"3 Cultists","floor":25.0,"turns":4.0},{"damage":0.0,"enemies":"Snake Plant","floor":28.0,"turns":4.0},{"damage":2.0,"enemies":"Book of Stabbing","floor":29.0,"turns":5.0},{"damage":13.0,"enemies":"Shelled Parasite and Fungi","floor":30.0,"turns":4.0},{"damage":0.0,"enemies":"Slavers","floor":31.0,"turns":2.0},{"damage":42.0,"enemies":"Automaton","floor":33.0,"turns":11.0},{"damage":15,"enemies":"Orb Walker","floor":35,"turns":6},{"damage":0,"enemies":"3 Darklings","floor":36,"turns":4},{"damage":6,"enemies":"Spire Growth","floor":37,"turns":3},{"damage":7,"enemies":"Jaw Worm Horde","floor":39,"turns":6},{"damage":13,"enemies":"Nemesis","floor":40,"turns":6},{"damage":4,"enemies":"Transient","floor":41,"turns":5},{"damage":3,"enemies":"Maw","floor":42,"turns":7},{"damage":0,"enemies":"3 Darklings","floor":46,"turns":3},{"damage":8,"enemies":"Giant Head","floor":48,"turns":7},{"damage":7,"enemies":"Donu and Deca","floor":50,"turns":8}],"seed_played":"-1995396145395454953","potions_obtained":[{"floor":3.0,"key":"Energy Potion"},{"floor":7.0,"key":"AttackPotion"},{"floor":10.0,"key":"BloodPotion"},{"floor":11.0,"key":"Swift Potion"},{"floor":13.0,"key":"Swift Potion"},{"floor":24.0,"key":"Fruit Juice"},{"floor":28.0,"key":"LiquidBronze"},{"floor":31.0,"key":"EntropicBrew"},{"floor":36,"key":"SkillPotion"},{"floor":37,"key":"FearPotion"},{"floor":42,"key":"SkillPotion"}],"is_trial":false,"path_per_floor":["M","M","M","?","$","E","M","R","T","E","M","M","E","M","R","B",null,"M","M","?","$","?","R","M","M","T","?","M","E","M","E","R","B",null,"M","M","M","?","M","E","M","M","T","R","$","M","?","E","R","B",null],"character_chosen":"IRONCLAD","items_purchased":["Armaments","PowerPotion","PreservedInsect","PowerPotion","PanicButton+1","Offering+1"],"campfire_rested":0,"item_purchase_floors":[5,5,21,45,45,45],"current_hp_per_floor":[80,80,80,80,80,80,80,80,80,75,70,75,82,90,90,62,93,93,96,90,90,90,90,102,99,99,99,104,104,100,109,109,73,110,101,107,111,111,110,116,117,117,123,123,123,123,123,125,125,127],"gold":30,"neow_bonus":"THREE_RARE_CARDS","is_prod":false,"is_daily":false,"chose_seed":false,"campfire_upgraded":6,"win_rate":1,"timestamp":1558678609,"path_taken":["M","M","M","?","$","E","M","R","T","E","M","M","E","M","R","BOSS","M","M","?","$","?","R","?","M","T","?","M","E","M","E","R","BOSS","M","M","M","?","M","E","M","M","T","R","$","M","?","E","R","BOSS"],"build_version":"2019-01-23","purchased_purges":3,"victory":true,"max_hp_per_floor":[80,80,80,80,80,80,80,80,80,80,80,83,86,90,90,93,93,93,96,96,96,96,96,104,104,104,104,104,104,107,110,110,110,110,110,110,114,114,114,117,117,117,123,123,123,123,123,127,127,127],"card_choices":[{"not_picked":["Reaper","Limit Break"],"picked":"Impervious","floor":0.0},{"not_picked":["Iron Wave","True Grit"],"picked":"Shrug It Off","floor":1.0},{"not_picked":["Power Through","Thunderclap"],"picked":"Sever Soul","floor":2.0},{"not_picked":["Dropkick","Burning Pact","Sword Boomerang"],"picked":"SKIP","floor":3.0},{"not_picked":["Wild Strike","Body Slam"],"picked":"Anger","floor":6.0},{"not_picked":["Shrug It Off","Body Slam"],"picked":"Seeing Red","floor":7.0},{"not_picked":["Iron Wave","Shrug It Off"],"picked":"Feed","floor":10.0},{"not_picked":["Dropkick","Anger"],"picked":"Battle Trance","floor":11.0},{"not_picked":["Power Through","Twin Strike"],"picked":"True Grit","floor":11.0},{"not_picked":["Sword Boomerang","Wild Strike"],"picked":"Feel No Pain","floor":12.0},{"not_picked":["Flex","Dual Wield"],"picked":"Spot Weakness","floor":12.0},{"not_picked":["Battle Trance","Metallicize"],"picked":"Flame Barrier","floor":13.0},{"not_picked":["Infernal Blade","Flex"],"picked":"Ghostly Armor","floor":14.0},{"not_picked":["Entrench","Iron Wave","Perfected Strike"],"picked":"SKIP","floor":14.0},{"not_picked":["Entrench","Perfected Strike"],"picked":"Iron Wave","floor":14.0},{"not_picked":["Brutality","Reaper"],"picked":"Immolate","floor":16.0},{"not_picked":["Wild Strike+1","Shrug It Off"],"picked":"Power Through+1","floor":18.0},{"not_picked":["Thunderclap","Warcry"],"picked":"Anger+1","floor":18.0},{"not_picked":["Clash","Havoc+1"],"picked":"Armaments+1","floor":19.0},{"not_picked":["Blood for Blood","Sword Boomerang"],"picked":"Seeing Red","floor":19.0},{"not_picked":["Armaments","Shockwave"],"picked":"Disarm+1","floor":24.0},{"not_picked":["Whirlwind","Wild Strike+1","Anger"],"picked":"SKIP","floor":24.0},{"not_picked":["Whirlwind","Wild Strike+1"],"picked":"Anger","floor":24.0},{"not_picked":["Entrench","Rampage"],"picked":"Havoc+1","floor":25.0},{"not_picked":["Twin Strike+1","Rupture","Clash"],"picked":"SKIP","floor":25.0},{"not_picked":["Sword Boomerang","Havoc"],"picked":"Clothesline","floor":28.0},{"not_picked":["Armaments","Berserk"],"picked":"Body Slam+1","floor":28.0},{"not_picked":["Combust","Power Through"],"picked":"Headbutt","floor":29.0},{"not_picked":["Armaments","Thunderclap"],"picked":"Headbutt+1","floor":30.0},{"not_picked":["Heavy Blade+1","Metallicize+1"],"picked":"Seeing Red","floor":30.0},{"not_picked":["Entrench","Armaments"],"picked":"Inflame","floor":31.0},{"not_picked":["Dark Embrace","Fiend Fire"],"picked":"Impervious","floor":33.0},{"not_picked":["Armaments","Second Wind"],"picked":"Flame Barrier","floor":35},{"not_picked":["Shockwave+1","Sever Soul"],"picked":"Inflame+1","floor":35},{"not_picked":["Shrug It Off+1","Shockwave+1"],"picked":"Spot Weakness","floor":36},{"not_picked":["Rupture","Perfected Strike","Heavy Blade"],"picked":"SKIP","floor":36},{"not_picked":["Wild Strike+1","Searing Blow"],"picked":"Clothesline+1","floor":37},{"not_picked":["Iron Wave+1","Power Through"],"picked":"True Grit+1","floor":37},{"not_picked":["Wild Strike+1","Blood for Blood+1"],"picked":"Reaper","floor":39},{"not_picked":["Sever Soul","Heavy Blade"],"picked":"Ghostly Armor+1","floor":39},{"not_picked":["Heavy Blade+1","Havoc"],"picked":"Burning Pact+1","floor":40},{"not_picked":["Havoc+1","Warcry+1"],"picked":"Disarm+1","floor":41},{"not_picked":["Pommel Strike","Wild Strike","Anger"],"picked":"SKIP","floor":41},{"not_picked":["Havoc+1","Perfected Strike+1"],"picked":"Disarm+1","floor":42},{"not_picked":["Sword Boomerang","True Grit+1"],"picked":"Whirlwind+1","floor":42},{"not_picked":["Anger+1","Immolate"],"picked":"Intimidate+1","floor":46},{"not_picked":["Wild Strike","Thunderclap","Clash"],"picked":"SKIP","floor":46},{"not_picked":["Sword Boomerang+1","Pommel Strike"],"picked":"Power Through+1","floor":48}],"player_experience":865620,"relics_obtained":[{"floor":6.0,"key":"Centennial Puzzle"},{"floor":9.0,"key":"Darkstone Periapt"},{"floor":10.0,"key":"Prayer Wheel"},{"floor":13.0,"key":"Art of War"},{"floor":26.0,"key":"Mummified Hand"},{"floor":29.0,"key":"Dream Catcher"},{"floor":31.0,"key":"Regal Pillow"},{"floor":40,"key":"Toxic Egg 2"},{"floor":43,"key":"Bottled Flame"},{"floor":48,"key":"Anchor"}],"event_choices":[{"damage_healed":0.0,"max_hp_gain":0.0,"max_hp_loss":0.0,"gold_gain":175.0,"event_name":"Liars Game","player_choice":"AGREE","floor":4.0,"gold_loss":0.0,"damage_taken":0.0,"cards_obtained":["Doubt"]},{"damage_healed":0.0,"max_hp_gain":0.0,"max_hp_loss":0.0,"gold_gain":0.0,"event_name":"Nest","player_choice":"Joined the Cult","floor":20.0,"gold_loss":0.0,"damage_taken":6.0,"cards_obtained":["RitualDagger"]},{"cards_removed":["Infernal Blade"],"damage_healed":0.0,"max_hp_gain":0.0,"max_hp_loss":0.0,"gold_gain":0.0,"event_name":"Wheel of Change","player_choice":"Card Removal","floor":22.0,"gold_loss":0.0,"damage_taken":0.0},{"damage_healed":0.0,"max_hp_gain":0.0,"max_hp_loss":0.0,"gold_gain":0.0,"event_name":"Ghosts","player_choice":"Ignored","floor":27.0,"gold_loss":0.0,"damage_taken":0.0},{"cards_removed":["Anger"],"damage_healed":0,"gold_gain":0,"player_choice":"Removed Attack","damage_taken":0,"max_hp_gain":0,"max_hp_loss":0,"event_name":"Falling","floor":38,"gold_loss":0},{"damage_healed":0,"gold_gain":0,"player_choice":"Paid","damage_taken":0,"relics_obtained":["Red Mask"],"max_hp_gain":0,"max_hp_loss":0,"event_name":"Tomb of Lord Red Mask","floor":47,"gold_loss":33}],"is_beta":false,"boss_relics":[{"not_picked":["Tiny House","Calling Bell"],"picked":"Pandora\u0027s Box"},{"not_picked":["Fusion Hammer","Black Blood"],"picked":"Cursed Key"}],"items_purged_floors":[5,21,45],"is_endless":false,"potions_floor_spawned":[3,7,10,11,13,24,28,31,36,37,42,46,48],"ascension_level":0}