{"gold_per_floor":[109,126,144,144,0,0,27,27,27,43,43,14,14,25,25,25],"floor_reached":16,"playtime":534,"items_purged":[],"score":195,"play_id":"c795a98e-d7fa-4efd-b776-b3307d689905","local_time":"20181019183121","is_ascension_mode":true,"campfire_choices":[{"data":"Strike_G","floor":6.0,"key":"SMITH"},{"data":"Footwork","floor":13.0,"key":"SMITH"},{"data":"Blade Dance","floor":15.0,"key":"SMITH"}],"neow_cost":"NONE","seed_source_timestamp":857378052228360,"circlet_count":0,"master_deck":["Defend_G","Defend_G","Defend_G","Defend_G","Defend_G","Strike_G+1","Strike_G","Strike_G","Strike_G","Strike_G","Survivor","Neutralize+1","AscendersBane","PiercingWail","Backflip","Slice","Footwork+1","Deflect","Caltrops","Quick Slash","Blade Dance+1"],"special_seed":0,"relics":["Ring of the Snake","Bag of Marbles","Kunai"],"potions_floor_usage":[16,16],"damage_taken":[{"damage":12.0,"enemies":"Cultist","floor":1.0,"turns":5.0},{"damage":0.0,"enemies":"2 Louse","floor":2.0,"turns":4.0},{"damage":1.0,"enemies":"Small Slimes","floor":3.0,"turns":4.0},{"damage":23.0,"enemies":"3 Sentries","floor":7.0,"turns":12.0},{"damage":9.0,"enemies":"Blue Slaver","floor":10.0,"turns":4.0},{"damage":0.0,"enemies":"3 Louse","floor":14.0,"turns":3.0},{"damage":14,"enemies":"Hexaghost","floor":16,"turns":9}],"seed_played":"2820761788028013331","potions_obtained":[{"floor":0.0,"key":"LiquidBronze"},{"floor":0.0,"key":"SneckoOil"},{"floor":7.0,"key":"SteroidPotion"}],"is_trial":false,"path_per_floor":["M","M","M","?","$","R","E","?","T","M","?","$","R","M","R"],"character_chosen":"THE_SILENT","items_purchased":["Footwork","Fire Potion","Quick Slash"],"campfire_rested":0,"item_purchase_floors":[5,5,12],"current_hp_per_floor":[47,47,46,46,46,46,23,23,23,14,14,14,14,14,14,0],"gold":25,"neow_bonus":"THREE_SMALL_POTIONS","is_prod":false,"is_daily":false,"chose_seed":false,"campfire_upgraded":3,"win_rate":0,"timestamp":1539988281,"path_taken":["M","M","M","?","$","R","E","?","T","M","?","?","R","?","R","BOSS"],"build_version":"2018-10-18","purchased_purges":0,"victory":false,"max_hp_per_floor":[66,66,66,66,66,66,66,66,66,66,66,66,66,66,66,66],"card_choices":[{"not_picked":["Prepared","Concentrate"],"picked":"PiercingWail","floor":1.0},{"not_picked":["Blade Dance","Acrobatics"],"picked":"Backflip","floor":2.0},{"not_picked":["Bane","Deflect"],"picked":"Slice","floor":3.0},{"not_picked":["Night Terror","Accuracy"],"picked":"Deflect","floor":7.0},{"not_picked":["Poisoned Stab","Quick Slash"],"picked":"Caltrops","floor":10.0},{"not_picked":["Slice","Prepared"],"picked":"Blade Dance","floor":14.0}],"player_experience":771485,"relics_obtained":[{"floor":7.0,"key":"Bag of Marbles"},{"floor":9.0,"key":"Kunai"}],"event_choices":[{"damage_healed":0.0,"max_hp_gain":0.0,"max_hp_loss":0.0,"gold_gain":0.0,"event_name":"Living Wall","player_choice":"Grow","floor":4.0,"gold_loss":0.0,"damage_taken":0.0,"cards_upgraded":["Neutralize"]},{"damage_healed":0.0,"max_hp_gain":0.0,"max_hp_loss":0.0,"gold_gain":0.0,"event_name":"Liars Game","player_choice":"Ignored","floor":8.0,"gold_loss":0.0,"damage_taken":0.0},{"damage_healed":0.0,"max_hp_gain":0.0,"max_hp_loss":0.0,"gold_gain":0.0,"event_name":"Dead Adventurer","player_choice":"Searched \u00270\u0027 times","floor":11.0,"gold_loss":0.0,"damage_taken":0.0}],"is_beta":false,"boss_relics":[],"items_purged_floors":[],"is_endless":false,"potions_floor_spawned":[3,7,14],"killed_by":"Hexaghost","ascension_level":19}