{"gold_per_floor":[124,152,174,261,273,285,323,335,429,441,471,494,286,305,305,376,376,395,114,124,4,4,4,4,4,29,29,29,40,40,140,140,217,217,230,249,26,37,88,88,88,88],"floor_reached":42,"playtime":2116,"items_purged":["Strike_B","Strike_B"],"score":800,"play_id":"48d9b440-06c6-4e6e-961f-da9952170387","local_time":"20180923091212","is_ascension_mode":true,"campfire_choices":[{"data":"Streamline","floor":6.0,"key":"SMITH"},{"data":"Zap","floor":8.0,"key":"SMITH"},{"data":"Dualcast","floor":10.0,"key":"SMITH"},{"data":"Go for the Eyes","floor":15.0,"key":"SMITH"},{"data":"Creative AI","floor":23.0,"key":"SMITH"},{"data":"Hologram","floor":27.0,"key":"SMITH"},{"data":"Loop","floor":30,"key":"SMITH"},{"data":"Blood for Blood","floor":32,"key":"SMITH"},{"data":"Ghostly","floor":40,"key":"SMITH"},{"data":"Ghostly","floor":41,"key":"SMITH"}],"neow_cost":"NONE","seed_source_timestamp":665469773337374,"circlet_count":0,"master_deck":["Strike_B","Strike_B","Defend_B","Defend_B","Defend_B","Defend_B","Zap+1","Dualcast+1","AscendersBane","Self Repair","Streamline+1","Leap","Hologram","Loop+1","Go for the Eyes+1","Creative AI+1","Hologram+1","Blood for Blood+1","Finesse","Ghostly+1","Ghostly+1","Ghostly","Ghostly","Ghostly","Shame","Regret","Backflip+1","Core Surge","Deadly Poison+1","Conserve Battery+1","Coolheaded"],"special_seed":0,"relics":["Cracked Core","MawBank","Smiling Mask","Mercury Hourglass","Art of War","Cursed Key","PrismaticShard","Symbiotic Virus","Oddly Smooth Stone","WingedGreaves","Pear","Runic Dome","Lee\u0027s Waffle","Gambling Chip"],"potions_floor_usage":[29],"damage_taken":[{"damage":4.0,"enemies":"Jaw Worm","floor":1.0,"turns":4.0},{"damage":6.0,"enemies":"2 Louse","floor":2.0,"turns":3.0},{"damage":4.0,"enemies":"Small Slimes","floor":3.0,"turns":4.0},{"damage":10.0,"enemies":"3 Sentries","floor":7.0,"turns":5.0},{"damage":0.0,"enemies":"Blue Slaver","floor":11.0,"turns":2.0},{"damage":1.0,"enemies":"3 Louse","floor":12.0,"turns":2.0},{"damage":6.0,"enemies":"2 Fungi Beasts","floor":14.0,"turns":2.0},{"damage":66.0,"enemies":"Hexaghost","floor":16.0,"turns":13.0},{"damage":22.0,"enemies":"Shell Parasite","floor":18.0,"turns":5.0},{"damage":19.0,"enemies":"Spheric Guardian","floor":20.0,"turns":5.0},{"damage":3,"enemies":"Centurion and Healer","floor":29,"turns":4},{"damage":3,"enemies":"Colosseum Slavers","floor":31,"turns":5},{"damage":2,"enemies":"Colosseum Nobs","floor":31,"turns":5},{"damage":8,"enemies":"Collector","floor":33,"turns":10},{"damage":3,"enemies":"3 Shapes","floor":35,"turns":4},{"damage":41,"enemies":"3 Darklings","floor":36,"turns":7},{"damage":1,"enemies":"Spire Growth","floor":38,"turns":5},{"damage":32,"enemies":"Mysterious Sphere","floor":39,"turns":8},{"damage":31,"enemies":"Nemesis","floor":42,"turns":6}],"seed_played":"-3660331665131595798","potions_obtained":[{"floor":1.0,"key":"Fire Potion"},{"floor":3.0,"key":"PowerPotion"},{"floor":7.0,"key":"SmokeBomb"},{"floor":11.0,"key":"Explosive Potion"},{"floor":18.0,"key":"SteroidPotion"},{"floor":36,"key":"SteroidPotion"},{"floor":38,"key":"FocusPotion"}],"is_trial":false,"path_per_floor":["M","M","M","?","?","R","E","R","T","R","M","M","$","M","R","B",null,"M","$","M","$","?","R","?","?","T","R","$","M","R","?","R","B",null,"M","M","$","M","?","R","R"],"character_chosen":"DEFECT","items_purchased":["Art of War","PrismaticShard","Finesse","Lee\u0027s Waffle"],"campfire_rested":0,"item_purchase_floors":[13,19,21,37],"current_hp_per_floor":[60,61,64,53,71,71,71,71,71,71,71,71,71,71,71,12,56,41,41,29,29,29,29,29,29,29,29,29,33,33,45,45,44,45,42,8,52,52,27,27,27,0],"gold":88,"neow_bonus":"RANDOM_COMMON_RELIC","is_prod":false,"is_daily":false,"chose_seed":false,"campfire_upgraded":10,"win_rate":0,"timestamp":1537708332,"path_taken":["M","M","M","?","?","R","E","R","T","R","M","M","$","M","R","BOSS","M","$","M","$","?","R","?","?","T","R","?","?","R","?","R","BOSS","M","M","$","M","?","R","R","E"],"build_version":"2018-09-20","purchased_purges":2,"victory":false,"max_hp_per_floor":[71,71,71,71,71,71,71,71,71,71,71,71,71,71,71,71,71,71,71,71,71,35,35,35,35,35,35,35,35,35,45,45,45,45,45,45,52,52,52,52,52,52],"card_choices":[{"not_picked":["Reprogram","Compile Driver"],"picked":"Self Repair","floor":1.0},{"not_picked":["Compile Driver","Steam","Reprogram"],"picked":"SKIP","floor":2.0},{"not_picked":["Stack","Steam"],"picked":"Streamline","floor":3.0},{"not_picked":["Ball Lightning","Double Energy"],"picked":"Leap","floor":7.0},{"not_picked":["Lockon","Sweeping Beam"],"picked":"Hologram","floor":11.0},{"not_picked":["Darkness","Tempest"],"picked":"Loop","floor":12.0},{"not_picked":["Force Field","Lockon"],"picked":"Go for the Eyes","floor":14.0},{"not_picked":["Amplify","Fission"],"picked":"Creative AI","floor":16.0},{"not_picked":["Stack","Turbo"],"picked":"Hologram","floor":18.0},{"not_picked":["Thunderclap","Sunder"],"picked":"Blood for Blood","floor":20.0},{"not_picked":["Well Laid Plans","Power Through"],"picked":"Backflip+1","floor":29},{"not_picked":["Thunder Strike","Brutality"],"picked":"Core Surge","floor":33},{"not_picked":["Go for the Eyes","Anger"],"picked":"Deadly Poison+1","floor":35},{"not_picked":["Undo","Hemokinesis"],"picked":"Conserve Battery+1","floor":36},{"not_picked":["Catalyst","Dodge and Roll","Clash+1"],"picked":"SKIP","floor":38},{"not_picked":["Heavy Blade+1","Sword Boomerang+1"],"picked":"Coolheaded","floor":39}],"player_experience":694184,"relics_obtained":[{"floor":7.0,"key":"Smiling Mask"},{"floor":9.0,"key":"Mercury Hourglass"},{"floor":26.0,"key":"Oddly Smooth Stone"},{"floor":31,"key":"WingedGreaves"},{"floor":31,"key":"Pear"},{"floor":39,"key":"Gambling Chip"}],"event_choices":[{"event_name":"World of Goop","player_choice":"Gather Gold","floor":4.0,"damage_taken":0.0},{"event_name":"Big Fish","player_choice":"Banana","floor":5.0,"damage_taken":0.0},{"event_name":"Ghosts","player_choice":"Became a Ghost","floor":22.0,"damage_taken":0.0},{"event_name":"Addict","player_choice":"Stole Relic","floor":24.0,"damage_taken":0.0},{"event_name":"Vampires","player_choice":"Ignored","floor":25.0,"damage_taken":0.0},{"event_name":"Colosseum","player_choice":"Fight","floor":31,"damage_taken":0},{"event_name":"Colosseum","player_choice":"Fought Nobs","floor":31,"damage_taken":0},{"event_name":"Mysterious Sphere","player_choice":"Fight","floor":39,"damage_taken":0}],"is_beta":false,"boss_relics":[{"not_picked":["Pandora\u0027s Box","Inserter"],"picked":"Cursed Key"},{"not_picked":["Snecko Eye","FrozenCore"],"picked":"Runic Dome"}],"items_purged_floors":[13,19],"is_endless":false,"potions_floor_spawned":[1,3,7,11,18,36,38],"killed_by":"Nemesis","ascension_level":17}