{"gold_per_floor":[110,185,240,251,176,176,204,204,204,224,256,267,281,296,296,369,369,386,399,399,399,410,410,427,32,32,32,65,65,65,77,77,154,154,173,192,246,265,265,265,291,43,43,57,57],"floor_reached":45,"playtime":3196,"items_purged":["Strike_G"],"score":947,"play_id":"929cd31e-9430-40c6-9e63-d4bf8677ff6e","local_time":"20180719183322","is_ascension_mode":true,"campfire_choices":[{"data":"Neutralize","floor":6.0,"key":"SMITH"},{"data":"Envenom","floor":8.0,"key":"SMITH"},{"data":"Footwork","floor":15.0,"key":"SMITH"},{"floor":23.0,"key":"REST"},{"data":"Backflip","floor":30.0,"key":"SMITH"},{"floor":32.0,"key":"REST"},{"data":"Calculated Gamble","floor":40.0,"key":"SMITH"}],"neow_cost":"NONE","seed_source_timestamp":469786823525461,"circlet_count":0,"master_deck":["Survivor","Neutralize+1","AscendersBane","Tools of the Trade","Dash","Dagger Spray","Envenom+1","Backflip","Sucker Punch+1","Flying Knee+1","Footwork+1","Blur","After Image","Backflip","Leg Sweep","Backstab+1","Backflip+1","Footwork","Burst","Heel Hook+1","Accuracy","PiercingWail","Backflip","Endless Agony+1","Masterful Stab+1","Slice+1","Dodge and Roll","Backflip","Calculated Gamble+1","Sadistic Nature","Riddle With Holes+1"],"special_seed":0,"relics":["Ring of the Snake","Ice Cream","Pear","Molten Egg 2","Snecko Eye","Nilry\u0027s Codex","Snake Skull","OrangePellets","Bottled Lightning","Pantograph","Pandora\u0027s Box","Bird Faced Urn","Unceasing Top","Kunai","Blue Candle"],"potions_floor_usage":[45],"damage_taken":[{"damage":2.0,"enemies":"Jaw Worm","floor":1.0,"turns":5.0},{"damage":0.0,"enemies":"2 Louse","floor":4.0,"turns":3.0},{"damage":5.0,"enemies":"Gremlin Nob","floor":7.0,"turns":5.0},{"damage":12.0,"enemies":"Small Slimes","floor":10.0,"turns":4.0},{"damage":0.0,"enemies":"Lagavulin","floor":11.0,"turns":7.0},{"damage":3.0,"enemies":"3 Louse","floor":12.0,"turns":3.0},{"damage":2.0,"enemies":"Blue Slaver","floor":13.0,"turns":4.0},{"damage":0.0,"enemies":"Lots of Slimes","floor":14.0,"turns":2.0},{"damage":9.0,"enemies":"The Guardian","floor":16.0,"turns":15.0},{"damage":0.0,"enemies":"3 Byrds","floor":18.0,"turns":6.0},{"damage":30.0,"enemies":"Spheric Guardian","floor":19.0,"turns":6.0},{"damage":0.0,"enemies":"Slaver and Parasite","floor":21.0,"turns":1.0},{"damage":0.0,"enemies":"Snecko","floor":22.0,"turns":7.0},{"damage":9.0,"enemies":"Snake Plant","floor":24.0,"turns":5.0},{"damage":0.0,"enemies":"Book of Stabbing","floor":28.0,"turns":7.0},{"damage":0.0,"enemies":"Centurion and Healer","floor":31.0,"turns":9.0},{"damage":18.0,"enemies":"Collector","floor":33.0,"turns":14.0},{"damage":4.0,"enemies":"Flame Bruiser 1 Orb","floor":35.0,"turns":8.0},{"damage":4.0,"enemies":"Orb Walker","floor":36.0,"turns":6.0},{"damage":8.0,"floor":37.0,"turns":4.0},{"damage":0.0,"enemies":"3 Darklings","floor":38.0,"turns":6.0},{"damage":33.0,"enemies":"Giant Head","floor":41.0,"turns":15.0},{"damage":26.0,"enemies":"Sphere and 2 Shapes","floor":44.0,"turns":8.0},{"damage":55,"enemies":"2 Orb Walkers","floor":45,"turns":2}],"seed_played":"4127515413934510418","potions_obtained":[{"floor":1.0,"key":"PowerPotion"},{"floor":10.0,"key":"EssenceOfSteel"},{"floor":12.0,"key":"AttackPotion"},{"floor":16.0,"key":"Poison Potion"},{"floor":19.0,"key":"SmokeBomb"},{"floor":28.0,"key":"EntropicBrew"},{"floor":38.0,"key":"Block Potion"},{"floor":44.0,"key":"Regen Potion"}],"is_trial":false,"path_per_floor":["M","?","?","M","$","R","E","R","T","M","E","M","M","M","R","B",null,"M","M","?","M","M","R","M","$","T","?","E","?","R","M","R","B",null,"M","M","?","M","?","R","E","$","T","M"],"character_chosen":"THE_SILENT","items_purchased":["Snake Skull","OrangePellets","Footwork","Kunai"],"campfire_rested":2,"item_purchase_floors":[25,25,25,42],"current_hp_per_floor":[57,46,46,46,46,46,41,41,51,39,39,36,34,34,34,25,63,63,33,12,12,12,34,25,25,25,25,25,25,25,25,47,64,73,69,65,57,67,67,67,45,45,45,33,0],"gold":57,"neow_bonus":"ONE_RANDOM_RARE_CARD","is_prod":false,"is_daily":false,"chose_seed":false,"campfire_upgraded":5,"win_rate":0,"timestamp":1532039602,"path_taken":["M","?","?","M","$","R","E","R","T","M","E","M","?","M","R","BOSS","M","M","?","M","M","R","M","$","T","?","E","?","R","M","R","BOSS","M","M","?","?","?","R","E","$","T","M","E"],"build_version":"2018-07-12","purchased_purges":1,"victory":false,"max_hp_per_floor":[66,66,66,66,66,66,66,66,76,76,76,76,76,76,76,76,76,76,76,76,76,76,76,76,76,76,76,76,76,76,76,76,76,76,76,76,76,76,76,76,76,76,76,76,76],"card_choices":[{"not_picked":["Heel Hook","Deflect"],"picked":"Dash","floor":1.0},{"not_picked":["Sucker Punch","Bouncing Flask"],"picked":"Dagger Spray","floor":4.0},{"not_picked":["Dodge and Roll","Poisoned Stab"],"picked":"Envenom","floor":7.0},{"not_picked":["Dodge and Roll","Poisoned Stab"],"picked":"Backflip","floor":10.0},{"not_picked":["Backflip","Envenom"],"picked":"Sucker Punch","floor":11.0},{"not_picked":["Poisoned Stab+1","Bouncing Flask"],"picked":"Flying Knee+1","floor":12.0},{"not_picked":["Escape Plan","Bouncing Flask"],"picked":"Footwork","floor":13.0},{"not_picked":["Bouncing Flask","Crippling Poison"],"picked":"Blur","floor":14.0},{"not_picked":["Burst","Tools of the Trade"],"picked":"After Image","floor":16.0},{"not_picked":["Blade Dance","Bane+1"],"picked":"Backflip","floor":18.0},{"not_picked":["Acrobatics+1","All Out Attack+1"],"picked":"Leg Sweep","floor":19.0},{"not_picked":["Deadly Poison","Flying Knee+1"],"picked":"Backstab+1","floor":22.0},{"not_picked":["Acrobatics","Prepared"],"picked":"Backflip","floor":24.0},{"not_picked":["Quick Slash+1","Prepared","Slice+1"],"picked":"SKIP","floor":28.0},{"not_picked":["Deadly Poison+1","Dagger Throw+1","Sucker Punch+1"],"picked":"SKIP","floor":31.0},{"not_picked":["Grand Finale+1","Envenom"],"picked":"Burst","floor":33.0},{"not_picked":["Distraction","Flying Knee+1"],"picked":"Calculated Gamble","floor":35.0},{"not_picked":["Outmaneuver","Setup+1","Prepared"],"picked":"SKIP","floor":36.0},{"not_picked":["Heel Hook+1","Flechettes+1","Slice+1"],"picked":"SKIP","floor":38.0},{"not_picked":["Dark Shackles","Swift Strike+1"],"picked":"Sadistic Nature","floor":39.0},{"not_picked":["Poisoned Stab+1","Deadly Poison+1","Backstab+1"],"picked":"SKIP","floor":41.0},{"not_picked":["Sucker Punch+1","Dagger Spray+1"],"picked":"Riddle With Holes+1","floor":44.0}],"player_experience":492976,"relics_obtained":[{"floor":7.0,"key":"Ice Cream"},{"floor":9.0,"key":"Pear"},{"floor":11.0,"key":"Molten Egg 2"},{"floor":20.0,"key":"Nilry\u0027s Codex"},{"floor":26.0,"key":"Bottled Lightning"},{"floor":28.0,"key":"Pantograph"},{"floor":37.0,"key":"Bird Faced Urn"},{"floor":41.0,"key":"Unceasing Top"},{"floor":43.0,"key":"Blue Candle"}],"event_choices":[{"event_name":"World of Goop","player_choice":"Gather Gold","floor":2.0,"damage_taken":0.0},{"event_name":"Golden Wing","player_choice":"Gained Gold","floor":3.0,"damage_taken":0.0},{"event_name":"Cursed Tome","player_choice":"Obtained Book","floor":20.0,"damage_taken":0.0},{"event_name":"Back to Basics","player_choice":"Simplicity","floor":27.0,"damage_taken":0.0},{"event_name":"Beggar","player_choice":"Ignored","floor":29.0,"damage_taken":0.0},{"event_name":"Mysterious Sphere","player_choice":"Fight","floor":37.0,"damage_taken":0.0},{"event_name":"SensoryStone","player_choice":"Memory 1","floor":39.0,"damage_taken":0.0}],"boss_relics":[{"not_picked":["Empty Cage","Astrolabe"],"picked":"Snecko Eye"},{"not_picked":["Philosopher\u0027s Stone","Lizard Tail"],"picked":"Pandora\u0027s Box"}],"items_purged_floors":[5],"is_endless":false,"potions_floor_spawned":[1,10,12,16,19,21,28,38,44],"killed_by":"2 Orb Walkers","ascension_level":15}