{"path_per_floor":["M","M","M","?","M","R","E","R","T","M","?","M","R","M","R","B",null,"M","?","$","M","$","R","?","$","T","R","M"],"character_chosen":"THE_SILENT","items_purchased":["Apotheosis","Noxious Fumes","Flying Knee"],"gold_per_floor":[110,121,135,135,153,153,184,184,210,226,226,244,244,262,262,386,386,399,399,39,60,60,60,60,33,33,33,46],"floor_reached":29,"campfire_rested":4,"playtime":1585,"current_hp_per_floor":[70,70,70,70,66,66,39,60,60,59,41,41,62,43,64,4,70,60,60,60,31,31,52,52,52,52,52,18],"items_purged":["Injury"],"gold":46,"score":225,"play_id":"18d645d8-0a57-434a-8fbd-f7e4b8ae39d1","is_prod":false,"is_daily":false,"is_ascension_mode":false,"campfire_upgraded":2,"path_taken":["M","?","M","?","M","R","E","R","T","M","?","?","R","?","R","BOSS","M","?","$","?","$","R","?","?","T","R","?","M"],"build_version":"2018-02-15-PROD1","purchased_purges":1,"victory":false,"master_deck":["Defend_G+1","Defend_G+1","Defend_G+1","Defend_G+1","Defend_G+1","Strike_G+1","Strike_G+1","Strike_G+1","Strike_G+1","Strike_G+1","Survivor","Neutralize","Underhanded Strike","Endless Agony","All Out Attack","Poisoned Stab+1","Heel Hook","Outmaneuver","Die Die Die","Footwork","Adrenaline","Dagger Throw+1","Apotheosis","Noxious Fumes","Distraction+1","Writhe","Flying Knee"],"max_hp_per_floor":[70,70,70,70,70,70,70,70,70,70,70,70,70,70,70,70,70,70,70,70,70,70,70,70,70,70,70,70],"relics":["Question Card","Golden Idol","Ice Cream","Vajra","Shuriken","Black Star","Pantograph","Tingsha"],"card_choices":[{"not_picked":["Bane","Dagger Spray","Acrobatics"],"picked":"Underhanded Strike"},{"not_picked":["Poisoned Stab","Tools of the Trade","Quick Slash"],"picked":"Endless Agony"},{"not_picked":["Backflip","Bane","Underhanded Strike"],"picked":"All Out Attack"},{"not_picked":["Bane","Quick Slash","Eviscerate"],"picked":"Poisoned Stab"},{"not_picked":["Sucker Punch","Predator","Deflect"],"picked":"Heel Hook"},{"not_picked":["Dodge and Roll","Slice","Crippling Poison"],"picked":"Outmaneuver"},{"not_picked":["Prepared","Riddle With Holes","Poisoned Stab"],"picked":"Die Die Die"},{"not_picked":["Backflip","Flying Knee","Skewer"],"picked":"Footwork"},{"not_picked":["Venomology","Tactician","Night Terror"],"picked":"Adrenaline"},{"not_picked":["PiercingWail","Predator","Dodge and Roll"],"picked":"Dagger Throw"},{"not_picked":["Dash","Dodge and Roll","Deflect"],"picked":"Distraction"}],"player_experience":92480,"potions_floor_usage":[7,7,16,18,28],"damage_taken":[{"damage":0,"enemies":"Cultist","floor":1,"turns":4},{"damage":0,"enemies":"Small Slimes","floor":2,"turns":4},{"damage":0,"enemies":"Jaw Worm","floor":3,"turns":5},{"damage":4,"enemies":"3 Louse","floor":5,"turns":2},{"damage":27,"enemies":"3 Sentries","floor":7,"turns":7},{"damage":1,"enemies":"Looter","floor":10,"turns":4},{"damage":0,"enemies":"2 Fungi Beasts","floor":12,"turns":2},{"damage":19,"enemies":"Exordium Wildlife","floor":14,"turns":3},{"damage":60,"enemies":"Slime Boss","floor":16,"turns":15},{"damage":10,"enemies":"3 Byrds","floor":18,"turns":4},{"damage":29,"enemies":"2 Thieves","floor":21,"turns":4},{"damage":34,"enemies":"Snake Plant","floor":28,"turns":4},{"damage":23,"enemies":"Centurion and Healer","floor":29,"turns":3}],"event_choices":[{"event_name":"Golden Idol","player_choice":"Take Wound","floor":4,"damage_taken":0},{"event_name":"Scrap Ooze","player_choice":"success","floor":11,"damage_taken":18},{"event_name":"Back to Basics","player_choice":"Simplicity","floor":19,"damage_taken":0},{"event_name":"The Mausoleum","player_choice":"Yes","floor":24,"damage_taken":0}],"boss_relics":[{"not_picked":["Runic Dome","Snecko Eye"],"picked":"Black Star"}],"potions_floor_spawned":[1,5,12,16,21],"seed_played":"1156027516016727516","killed_by":"Centurion and Healer","ascension_level":0,"is_trial":false}