{"gold_per_floor":[111,121,134,148,166,200,215,241,241,267,296,310,310,336,336,433,433,450,476,68,85,98,98,127,127,177,192,204,214,214,228,228,323,323,336,354,367,367,67,67,67],"floor_reached":41,"playtime":13825,"items_purged":["Strike_G"],"score":614,"play_id":"7250a8dd-f4f5-46e0-91cf-ddb5361a7648","local_time":"20180705180340","is_ascension_mode":false,"campfire_choices":[{"data":"Footwork","floor":15,"key":"SMITH"},{"floor":23,"key":"REST"},{"floor":25,"key":"REST"},{"floor":30,"key":"REST"},{"floor":32,"key":"REST"},{"data":"Strike_G","floor":40,"key":"PURGE"}],"neow_cost":"NONE","seed_source_timestamp":41210662964020,"circlet_count":0,"master_deck":["Defend_G+1","Defend_G","Defend_G","Defend_G","Defend_G","Strike_G","Strike_G+1","Strike_G+1","Survivor","Neutralize","Footwork+1","Prepared+1","Noxious Fumes","Distraction","Noxious Fumes","Prepared","Deadly Poison","Adrenaline","Bane","Noxious Fumes","Poisoned Stab","Footwork","Secret Technique","Well Laid Plans","Mind Blast","Deadly Poison","Backflip+1","Terror","Flying Knee+1","Die Die Die","Backflip","Infinite Blades+1","Backflip+1"],"relics":["Ring of the Snake","Bronze Scales","Mango","Bag of Marbles","The Specimen","Pen Nib","Odd Mushroom","Lantern","Orrery","Red Mask","Whetstone","War Paint","Eternal Feather","Sundial","Peace Pipe"],"potions_floor_usage":[7,10,11,14,14,16,19,19,21,24,33,37,37],"damage_taken":[{"damage":0,"enemies":"Cultist","floor":1,"turns":4},{"damage":2,"enemies":"2 Louse","floor":2,"turns":3},{"damage":0,"enemies":"Small Slimes","floor":3,"turns":4},{"damage":5,"enemies":"Gremlin Gang","floor":4,"turns":7},{"damage":0,"enemies":"3 Louse","floor":5,"turns":3},{"damage":12,"enemies":"Lagavulin","floor":6,"turns":9},{"damage":0,"enemies":"Exordium Wildlife","floor":7,"turns":5},{"damage":0,"enemies":"3 Sentries","floor":10,"turns":6},{"damage":0,"floor":11,"turns":4},{"damage":3,"enemies":"2 Fungi Beasts","floor":12,"turns":2},{"damage":13,"enemies":"Gremlin Nob","floor":14,"turns":5},{"damage":6,"enemies":"The Guardian","floor":16,"turns":9},{"damage":10,"enemies":"3 Byrds","floor":18,"turns":4},{"damage":24,"floor":19,"turns":6},{"damage":12,"enemies":"2 Thieves","floor":21,"turns":4},{"damage":20,"enemies":"Snecko","floor":22,"turns":6},{"damage":24,"enemies":"Gremlin Leader","floor":24,"turns":6},{"damage":6,"enemies":"Snake Plant","floor":27,"turns":5},{"damage":27,"enemies":"Cultist and Chosen","floor":28,"turns":6},{"damage":0,"enemies":"Snecko","floor":29,"turns":5},{"damage":5,"enemies":"Snake Plant","floor":31,"turns":3},{"damage":31,"enemies":"Champ","floor":33,"turns":11},{"damage":38,"enemies":"3 Darklings","floor":35,"turns":5},{"damage":0,"enemies":"3 Shapes","floor":36,"turns":1},{"damage":15,"enemies":"Maw","floor":37,"turns":6},{"damage":22,"floor":38,"turns":6},{"damage":35,"enemies":"3 Darklings","floor":41,"turns":2}],"seed_played":"-460033018913742552","potions_obtained":[{"floor":3,"key":"LiquidBronze"},{"floor":4,"key":"Block Potion"},{"floor":6,"key":"Swift Potion"},{"floor":7,"key":"SteroidPotion"},{"floor":11,"key":"Block Potion"},{"floor":13,"key":"Block Potion"},{"floor":16,"key":"GamblersBrew"},{"floor":18,"key":"Fire Potion"},{"floor":19,"key":"Weak Potion"},{"floor":22,"key":"Fire Potion"},{"floor":29,"key":"Ancient Potion"},{"floor":31,"key":"Dexterity Potion"},{"floor":33,"key":"LiquidBronze"},{"floor":35,"key":"Weak Potion"},{"floor":36,"key":"Regen Potion"}],"is_trial":false,"path_per_floor":["M","M","M","M","M","E","M","T","T","E","?","M","?","E","R","B",null,"M","?","$","M","M","R","E","R","T","M","M","M","R","M","R","B",null,"M","M","M","?","$","R"],"character_chosen":"THE_SILENT","items_purchased":["Secret Technique","Well Laid Plans","Mind Blast","Peace Pipe"],"campfire_rested":4,"item_purchase_floors":[20,20,20,39],"current_hp_per_floor":[70,68,68,63,63,65,65,65,65,65,65,62,62,49,49,43,84,74,50,50,38,18,43,19,44,44,38,11,11,36,31,56,25,84,46,46,43,21,21,33,0],"gold":67,"neow_bonus":"RANDOM_COMMON_RELIC","is_prod":false,"is_daily":false,"chose_seed":false,"campfire_upgraded":1,"win_rate":0,"timestamp":1530810220,"path_taken":["M","M","M","?","M","E","M","?","T","E","?","M","?","E","R","BOSS","M","?","$","M","M","R","E","R","T","M","M","M","R","?","R","BOSS","M","M","M","?","$","R","M"],"build_version":"2018-06-28","purchased_purges":1,"victory":false,"max_hp_per_floor":[70,70,70,70,70,84,84,84,84,84,84,84,84,84,84,84,84,84,84,84,84,84,84,84,84,84,84,84,84,84,84,84,84,84,84,84,84,84,84,84,84],"card_choices":[{"not_picked":["Underhanded Strike","Calculated Gamble","Choke"],"picked":"SKIP","floor":1},{"not_picked":["Dagger Spray","Dagger Throw"],"picked":"Footwork","floor":2},{"not_picked":["Calculated Gamble","Flying Knee"],"picked":"Prepared","floor":3},{"not_picked":["Caltrops","Choke"],"picked":"Noxious Fumes","floor":4},{"not_picked":["Dagger Spray","Heel Hook","Expertise"],"picked":"SKIP","floor":5},{"not_picked":["Wraith Form v2","Acrobatics"],"picked":"Distraction","floor":6},{"not_picked":["Blade Dance","Dagger Spray"],"picked":"Noxious Fumes","floor":7},{"not_picked":["Endless Agony","Acrobatics","Dash"],"picked":"SKIP","floor":10},{"not_picked":["Cloak And Dagger","Acrobatics"],"picked":"Prepared","floor":11},{"not_picked":["Skewer","Flying Knee","Expertise"],"picked":"SKIP","floor":12},{"not_picked":["Cloak And Dagger","Calculated Gamble"],"picked":"Deadly Poison","floor":14},{"not_picked":["Doppelganger","Tactician"],"picked":"Adrenaline","floor":16},{"not_picked":["Deflect","Poisoned Stab"],"picked":"Bane","floor":17},{"not_picked":["Outmaneuver","Sucker Punch"],"picked":"Noxious Fumes","floor":17},{"not_picked":["Prepared","Flying Knee"],"picked":"Poisoned Stab","floor":17},{"not_picked":["Tactician","Dodge and Roll"],"picked":"Footwork","floor":18},{"not_picked":["Predator+1","Quick Slash","Eviscerate"],"picked":"SKIP","floor":21},{"not_picked":["Underhanded Strike","Dagger Spray","Slice"],"picked":"SKIP","floor":22},{"not_picked":["Eviscerate","Heel Hook+1"],"picked":"Deadly Poison","floor":24},{"not_picked":["Poisoned Stab","Flechettes"],"picked":"Backflip+1","floor":27},{"not_picked":["Backflip","Poisoned Stab"],"picked":"Terror","floor":28},{"not_picked":["Terror","Calculated Gamble","PiercingWail+1"],"picked":"SKIP","floor":29},{"not_picked":["Slice","Riddle With Holes+1"],"picked":"Flying Knee+1","floor":31},{"not_picked":["Unload","Glass Knife"],"picked":"Die Die Die","floor":33},{"not_picked":["Riddle With Holes+1","Concentrate","Flying Knee"],"picked":"SKIP","floor":35},{"not_picked":["Deadly Poison+1","Expertise+1"],"picked":"Backflip","floor":36},{"not_picked":["Calculated Gamble+1","Masterful Stab"],"picked":"Infinite Blades+1","floor":37},{"not_picked":["Dagger Throw+1","Sucker Punch"],"picked":"Backflip+1","floor":38}],"player_experience":250027,"relics_obtained":[{"floor":6,"key":"Mango"},{"floor":8,"key":"Bag of Marbles"},{"floor":9,"key":"The Specimen"},{"floor":10,"key":"Pen Nib"},{"floor":11,"key":"Odd Mushroom"},{"floor":14,"key":"Lantern"},{"floor":19,"key":"Red Mask"},{"floor":24,"key":"Whetstone"},{"floor":26,"key":"War Paint"},{"floor":38,"key":"Sundial"}],"event_choices":[{"event_name":"Mushrooms","player_choice":"Fought Mushrooms","floor":11,"damage_taken":0},{"event_name":"The Lab","player_choice":"Got Potions","floor":13,"damage_taken":0},{"event_name":"Masked Bandits","player_choice":"Fought over 450 gold","floor":19,"damage_taken":0},{"event_name":"MindBloom","player_choice":"Fight","floor":38,"damage_taken":0}],"boss_relics":[{"not_picked":["Velvet Choker","Fusion Hammer"],"picked":"Orrery"},{"not_picked":["Busted Crown","Snecko Eye"],"picked":"Eternal Feather"}],"items_purged_floors":[20],"is_endless":false,"potions_floor_spawned":[3,4,6,7,11,16,18,19,22,29,31,33,35,36],"killed_by":"3 Darklings","ascension_level":0}