{"path_per_floor":["M","?","?","M","M","R","?","R","T","$","R","E","?","M","R","B",null,"M","$","?","M","M","R","M","R","T","?","M","R","M","$","R"],"character_chosen":"IRONCLAD","items_purchased":["Battle Trance","Shrug It Off","Secret Weapon","True Grit"],"gold_per_floor":[216,216,391,411,427,427,427,427,427,51,51,78,78,90,90,186,186,198,50,50,62,79,79,91,91,91,124,144,144,157,32,32,32],"floor_reached":33,"campfire_rested":2,"playtime":3515,"current_hp_per_floor":[76,76,76,76,79,79,84,84,84,84,84,80,80,82,82,31,85,67,67,49,45,50,50,44,44,44,36,27,55,15,15,43,0],"items_purged":["Strike_R","Doubt","Strike_R"],"gold":32,"score":270,"play_id":"bc3eed26-2f80-4fe5-8e55-a69d2601c36b","local_time":"20180524215428","is_prod":false,"is_daily":false,"chose_seed":false,"is_ascension_mode":false,"campfire_upgraded":6,"timestamp":1527195268,"campfire_choices":[{"data":"Searing Blow","floor":6,"key":"SMITH"},{"data":"Searing Blow+1","floor":8,"key":"SMITH"},{"data":"Searing Blow+2","floor":11,"key":"SMITH"},{"data":"Armaments","floor":15,"key":"SMITH"},{"data":"Searing Blow+3","floor":23,"key":"SMITH"},{"data":"True Grit","floor":25,"key":"SMITH"},{"floor":29,"key":"REST"},{"floor":32,"key":"REST"}],"path_taken":["M","?","?","M","M","R","?","R","T","?","R","E","?","M","R","BOSS","M","$","?","M","M","R","M","R","T","?","M","R","M","?","R","BOSS"],"build_version":"2018-05-17","seed_source_timestamp":217153542781845,"purchased_purges":3,"victory":false,"master_deck":["Strike_R","Strike_R","Strike_R","Defend_R","Defend_R","Defend_R","Defend_R","Bash","Rampage+1","Shrug It Off","Searing Blow+4","Battle Trance","Shrug It Off","Secret Weapon","Armaments+1","True Grit+1","Shrug It Off"],"max_hp_per_floor":[80,80,80,80,80,80,85,85,85,85,85,85,85,85,85,85,85,90,90,95,95,95,95,95,95,95,95,95,95,95,95,95,95],"relics":["Burning Blood","Matryoshka","Pen Nib","Velvet Choker","Ornamental Fan","Prayer Wheel","Red Mask"],"card_choices":[{"not_picked":["Rupture","Body Slam"],"picked":"Rampage","floor":1},{"not_picked":["Whirlwind","Clash"],"picked":"Shrug It Off","floor":4},{"not_picked":["Flex","Anger"],"picked":"Searing Blow","floor":5},{"not_picked":["Immolate","Clothesline","Heavy Blade"],"picked":"SKIP","floor":12},{"not_picked":["Twin Strike","Heavy Blade"],"picked":"Armaments","floor":14},{"not_picked":["Perfected Strike","Pommel Strike","Body Slam"],"picked":"SKIP","floor":18},{"not_picked":["Perfected Strike","Sword Boomerang","Cleave"],"picked":"SKIP","floor":21},{"not_picked":["Thunderclap","Anger","Infernal Blade"],"picked":"SKIP","floor":22},{"not_picked":["Feed","Armaments","Searing Blow+1"],"picked":"SKIP","floor":24},{"not_picked":["Havoc","Body Slam+1"],"picked":"Shrug It Off","floor":27},{"not_picked":["Ghostly Armor+1","Metallicize","Fire Breathing+1"],"picked":"SKIP","floor":28},{"not_picked":["Armaments+1","Juggernaut","Thunderclap"],"picked":"SKIP","floor":28},{"not_picked":["Searing Blow","Havoc","Combust"],"picked":"SKIP","floor":30},{"not_picked":["Thunderclap","Havoc","Body Slam"],"picked":"SKIP","floor":30}],"player_experience":125680,"potions_floor_usage":[4,12,16,16,18,22,27,27,28,33],"damage_taken":[{"damage":10,"enemies":"Cultist","floor":1,"turns":4},{"damage":6,"enemies":"Jaw Worm","floor":4,"turns":3},{"damage":3,"enemies":"Small Slimes","floor":5,"turns":4},{"damage":10,"enemies":"Lagavulin","floor":12,"turns":7},{"damage":4,"enemies":"Exordium Wildlife","floor":14,"turns":4},{"damage":57,"enemies":"Slime Boss","floor":16,"turns":17},{"damage":29,"enemies":"Spheric Guardian","floor":18,"turns":6},{"damage":10,"enemies":"Chosen","floor":21,"turns":4},{"damage":10,"enemies":"Centurion and Healer","floor":22,"turns":5},{"damage":12,"enemies":"Snake Plant","floor":24,"turns":4},{"damage":14,"enemies":"Masked Bandits","floor":27,"turns":5},{"damage":15,"enemies":"Cultist and Chosen","floor":28,"turns":7},{"damage":46,"enemies":"Chosen and Byrds","floor":30,"turns":11},{"damage":57,"enemies":"Champ","floor":33,"turns":9}],"relics_obtained":[{"floor":9,"key":"Matryoshka"},{"floor":12,"key":"Pen Nib"},{"floor":26,"key":"Ornamental Fan"},{"floor":26,"key":"Prayer Wheel"},{"floor":27,"key":"Red Mask"}],"event_choices":[{"event_name":"Upgrade Shrine","player_choice":"Upgraded","floor":2,"damage_taken":0},{"event_name":"Liars Game","player_choice":"agreed","floor":3,"damage_taken":0},{"event_name":"Big Fish","player_choice":"Donut","floor":7,"damage_taken":0},{"event_name":"The Lab","player_choice":"Got Potions","floor":13,"damage_taken":0},{"event_name":"Forgotten Altar","player_choice":"Shed Blood","floor":20,"damage_taken":0},{"event_name":"Masked Bandits","player_choice":"Fought over 91 gold","floor":27,"damage_taken":0}],"boss_relics":[{"not_picked":["Cursed Key","Ectoplasm"],"picked":"Velvet Choker"}],"potions_floor_spawned":[1,4,16,21,22,27,30],"seed_played":"5465118280002928701","killed_by":"Champ","ascension_level":0,"potions_obtained":[{"floor":1,"key":"GamblersBrew"},{"floor":4,"key":"EssenceOfSteel"},{"floor":13,"key":"Block Potion"},{"floor":13,"key":"SneckoOil"},{"floor":13,"key":"BloodPotion"},{"floor":16,"key":"Fruit Juice"},{"floor":21,"key":"SteroidPotion"},{"floor":22,"key":"Dexterity Potion"},{"floor":27,"key":"Dexterity Potion"},{"floor":30,"key":"Swift Potion"}],"is_trial":false}