{"gold_per_floor":[114,130,147,157,170,170,197,197,197,208,208,17,49,49,49,124,124,141,66,13,29,43,43,72,82,82,143,157,39,59,59,59,135,135,153,75,75,75,88,88,116,116,161,190,215,241,319,357,369,381,393,405,12,42,42],"floor_reached":56,"playtime":2773,"items_purged":["Strike_G","Strike_G"],"score":2181,"play_id":"8dc3804f-5c0e-4ea1-b127-6ac41fb8fd0f","local_time":"20190111220838","is_ascension_mode":true,"campfire_choices":[{"data":"Neutralize","floor":6.0,"key":"SMITH"},{"data":"Dodge and Roll","floor":11.0,"key":"SMITH"},{"floor":15.0,"key":"REST"},{"data":"Backstab","floor":23,"key":"SMITH"},{"data":"Footwork","floor":32,"key":"SMITH"},{"data":"Infinite Blades","floor":40,"key":"SMITH"},{"data":"Envenom","floor":42,"key":"SMITH"},{"floor":49,"key":"RECALL"},{"data":"Footwork","floor":52,"key":"SMITH"}],"neow_cost":"NONE","seed_source_timestamp":15368448946673,"circlet_count":0,"master_deck":["AscendersBane","Defend_G","Defend_G","Defend_G","Defend_G","Defend_G","Strike_G","Strike_G+1","Survivor","Neutralize+1","Dagger Throw","Dash+1","Dagger Spray+1","Dodge and Roll+1","Backflip+1","Bouncing Flask+1","Burst+1","Infinite Blades+1","Cloak And Dagger+1","Deflect+1","Acrobatics+1","PiercingWail+1","Envenom+1","Crippling Poison+1","Footwork+1","Venomology+1","Finesse+1","Catalyst+1","Footwork+1","Catalyst+1","Blur+1","Well Laid Plans","Noxious Fumes"],"special_seed":0,"relics":["Ring of the Snake","PreservedInsect","Bag of Marbles","Toxic Egg 2","OrangePellets","Snake Skull","Coffee Dripper","The Courier","FossilizedHelix","Tiny Chest","MutagenicStrength","Cursed Key","SsserpentHead","Omamori","MawBank","Oddly Smooth Stone","Pear","Whetstone"],"potions_floor_usage":[16,18,24,24,27,35,39,41,41,44,44,46,48,50,50,50,55],"damage_taken":[{"damage":0.0,"enemies":"2 Louse","floor":1.0,"turns":3.0},{"damage":5.0,"enemies":"Jaw Worm","floor":2.0,"turns":7.0},{"damage":7.0,"enemies":"Small Slimes","floor":3.0,"turns":4.0},{"damage":7.0,"enemies":"2 Fungi Beasts","floor":4.0,"turns":5.0},{"damage":7.0,"enemies":"Exordium Wildlife","floor":5.0,"turns":4.0},{"damage":5.0,"enemies":"3 Sentries","floor":7.0,"turns":8.0},{"damage":0.0,"enemies":"Large Slime","floor":10.0,"turns":4.0},{"damage":17.0,"enemies":"Lagavulin","floor":13.0,"turns":4.0},{"damage":14,"enemies":"Slime Boss","floor":16,"turns":10},{"damage":6,"enemies":"2 Thieves","floor":18,"turns":4},{"damage":7,"enemies":"Chosen","floor":21,"turns":4},{"damage":9,"enemies":"Shelled Parasite and Fungi","floor":22,"turns":5},{"damage":12,"enemies":"Gremlin Leader","floor":24,"turns":5},{"damage":2,"enemies":"Snecko","floor":25,"turns":4},{"damage":0,"enemies":"Slavers","floor":27,"turns":6},{"damage":0,"enemies":"Centurion and Healer","floor":28,"turns":4},{"damage":0,"enemies":"Cultist and Chosen","floor":30,"turns":6},{"damage":9,"enemies":"Automaton","floor":33,"turns":10},{"damage":0,"enemies":"3 Shapes","floor":35,"turns":2},{"damage":0,"enemies":"Orb Walker","floor":39,"turns":3},{"damage":0,"enemies":"Nemesis","floor":41,"turns":5},{"damage":0,"enemies":"Giant Head","floor":44,"turns":7},{"damage":0,"enemies":"Transient","floor":45,"turns":5},{"damage":22,"enemies":"Jaw Worm Horde","floor":46,"turns":6},{"damage":0,"enemies":"Sphere and 2 Shapes","floor":47,"turns":3},{"damage":0,"enemies":"Reptomancer","floor":48,"turns":5},{"damage":6,"enemies":"Awakened One","floor":50,"turns":13},{"damage":21,"enemies":"Shield and Spear","floor":54,"turns":8},{"damage":25,"enemies":"The Heart","floor":55,"turns":9}],"seed_played":"-4826019398881748421","potions_obtained":[{"floor":7.0,"key":"Explosive Potion"},{"floor":10.0,"key":"FearPotion"},{"floor":16,"key":"Block Potion"},{"floor":18,"key":"SpeedPotion"},{"floor":21,"key":"FearPotion"},{"floor":24,"key":"Weak Potion"},{"floor":27,"key":"SmokeBomb"},{"floor":33,"key":"Swift Potion"},{"floor":41,"key":"Energy Potion"},{"floor":44,"key":"Ancient Potion"},{"floor":46,"key":"FairyPotion"}],"is_trial":false,"path_per_floor":["M","M","M","M","M","R","E","?","T","M","R","$","E","?","R","B",null,"M","?","$","M","M","R","E","M","T","E","M","$","M","?","R","B",null,"M","$","?","?","M","R","E","R","T","E","M","M","M","E","R","B",null,"R","$","E","B",null],"character_chosen":"THE_SILENT","items_purchased":["OrangePellets","Cloak And Dagger+1","Footwork","Finesse+1","Well Laid Plans","Pear","Noxious Fumes"],"campfire_rested":1,"item_purchase_floors":[12,20,29,36,53,53,53],"current_hp_per_floor":[59,54,47,40,33,33,28,28,28,28,28,28,11,11,30,16,54,48,48,48,41,32,32,20,18,18,18,18,18,18,18,18,9,52,52,52,52,52,52,52,52,52,52,52,52,30,30,30,30,24,56,56,66,45,20],"gold":42,"neow_bonus":"RANDOM_COMMON_RELIC","is_prod":false,"is_daily":false,"chose_seed":false,"campfire_upgraded":7,"win_rate":0,"timestamp":1547262518,"path_taken":["M","M","M","M","M","R","E","?","T","M","R","$","E","?","R","BOSS","M","?","$","M","M","R","E","M","T","E","M","$","M","?","R","BOSS","M","$","?","?","M","R","E","R","T","E","M","M","?","E","R","BOSS","R","$","E","BOSS"],"build_version":"2019-01-10","purchased_purges":2,"victory":true,"max_hp_per_floor":[66,66,66,66,66,66,66,66,66,66,66,66,66,66,66,66,66,66,66,66,66,66,66,66,66,66,66,66,66,66,66,66,66,66,66,66,66,66,66,66,66,66,66,66,66,66,66,66,66,66,66,66,76,76,76],"card_choices":[{"not_picked":["Outmaneuver","Backflip"],"picked":"Dagger Throw","floor":1.0},{"not_picked":["Footwork","Flechettes"],"picked":"Dash","floor":2.0},{"not_picked":["Deadly Poison","Prepared","Tactician"],"picked":"SKIP","floor":3.0},{"not_picked":["Outmaneuver","Backflip"],"picked":"Backstab","floor":4.0},{"not_picked":["Distraction","Prepared"],"picked":"Dagger Spray","floor":5.0},{"not_picked":["Escape Plan","Calculated Gamble"],"picked":"Dodge and Roll","floor":7.0},{"not_picked":["Endless Agony","Bane"],"picked":"Backflip+1","floor":10.0},{"not_picked":["Backflip+1","Predator"],"picked":"Bouncing Flask+1","floor":13.0},{"not_picked":["Corpse Explosion+1","Tools of the Trade"],"picked":"Burst+1","floor":16},{"not_picked":["All Out Attack","Prepared+1"],"picked":"Infinite Blades","floor":18},{"not_picked":["Reflex+1","Outmaneuver+1"],"picked":"Deflect+1","floor":21},{"not_picked":["Setup+1","PiercingWail+1"],"picked":"Acrobatics+1","floor":22},{"not_picked":["Poisoned Stab","Deadly Poison+1","Storm of Steel+1"],"picked":"SKIP","floor":24},{"not_picked":["Dash","Dagger Throw"],"picked":"PiercingWail+1","floor":25},{"not_picked":["Underhanded Strike","Expertise+1"],"picked":"Envenom","floor":27},{"not_picked":["Masterful Stab","Prepared+1"],"picked":"Crippling Poison+1","floor":28},{"not_picked":["Slice","Reflex+1","Acrobatics+1"],"picked":"SKIP","floor":30},{"not_picked":["A Thousand Cuts","Night Terror+1"],"picked":"Venomology+1","floor":33},{"not_picked":["Flying Knee","Underhanded Strike","Sucker Punch"],"picked":"SKIP","floor":35},{"not_picked":["Blur+1","Flying Knee"],"picked":"Catalyst+1","floor":39},{"not_picked":["Blade Dance+1","Endless Agony"],"picked":"Footwork","floor":41},{"not_picked":["A Thousand Cuts","Bouncing Flask+1","Outmaneuver+1"],"picked":"SKIP","floor":44},{"not_picked":["Choke","Slice","Expertise+1"],"picked":"SKIP","floor":45},{"not_picked":["Distraction+1","Sucker Punch","Concentrate+1"],"picked":"SKIP","floor":46},{"not_picked":["Flying Knee+1","Dodge and Roll+1"],"picked":"Catalyst+1","floor":47},{"not_picked":["Quick Slash+1","Crippling Poison+1"],"picked":"Blur+1","floor":48},{"not_picked":["Crippling Poison+1","Infinite Blades","Dagger Spray"],"picked":"SKIP","floor":54}],"player_experience":1017787,"relics_obtained":[{"floor":7.0,"key":"Bag of Marbles"},{"floor":9.0,"key":"Toxic Egg 2"},{"floor":13.0,"key":"Snake Skull"},{"floor":24,"key":"The Courier"},{"floor":26,"key":"FossilizedHelix"},{"floor":27,"key":"Tiny Chest"},{"floor":41,"key":"Omamori"},{"floor":44,"key":"MawBank"},{"floor":48,"key":"Oddly Smooth Stone"},{"floor":54,"key":"Whetstone"}],"event_choices":[{"damage_healed":0.0,"max_hp_gain":0.0,"max_hp_loss":0.0,"gold_gain":0.0,"event_name":"Living Wall","player_choice":"Grow","floor":8.0,"gold_loss":0.0,"damage_taken":0.0,"cards_upgraded":["Dash"]},{"damage_healed":0.0,"max_hp_gain":0.0,"max_hp_loss":0.0,"gold_gain":0.0,"event_name":"Scrap Ooze","player_choice":"Fled","floor":14.0,"gold_loss":0.0,"damage_taken":0.0},{"cards_removed":["Strike_G"],"damage_healed":0,"gold_gain":0,"player_choice":"Gave Gold","damage_taken":0,"max_hp_gain":0,"max_hp_loss":0,"event_name":"Beggar","floor":19,"gold_loss":75},{"damage_healed":0,"gold_gain":0,"player_choice":"Inject Mutagens","damage_taken":0,"relics_obtained":["MutagenicStrength"],"max_hp_gain":0,"max_hp_loss":0,"event_name":"Drug Dealer","floor":31,"gold_loss":0},{"cards_removed":["Backstab"],"damage_healed":0,"gold_gain":0,"player_choice":"Removed Attack","damage_taken":0,"max_hp_gain":0,"max_hp_loss":0,"event_name":"Falling","floor":37,"gold_loss":0},{"damage_healed":0,"gold_gain":0,"player_choice":"Trade","damage_taken":0,"relics_obtained":["SsserpentHead"],"max_hp_gain":0,"max_hp_loss":0,"event_name":"FaceTrader","floor":38,"gold_loss":0}],"is_beta":false,"boss_relics":[{"not_picked":["Calling Bell","Lizard Tail"],"picked":"Coffee Dripper"},{"not_picked":["Busted Crown","Pandora\u0027s Box"],"picked":"Cursed Key"}],"items_purged_floors":[29,53],"is_endless":false,"potions_floor_spawned":[7,10,16,18,21,24,27,33,39,41,44,46],"ascension_level":15}