{"gold_per_floor":[118,118,118,137,148,148,183,183,253,283,297,322,167,118,118,118],"floor_reached":16,"playtime":399,"items_purged":["Strike_B"],"score":230,"play_id":"fb5e9a40-4929-4aaf-9f89-1f06c6fe20f3","local_time":"20190320214721","is_ascension_mode":true,"campfire_choices":[{"data":"Zap","floor":6,"key":"SMITH"},{"data":"Defragment","floor":8,"key":"SMITH"},{"floor":15,"key":"REST"}],"neow_cost":"NONE","seed_source_timestamp":619419082316847,"circlet_count":0,"master_deck":["AscendersBane","Strike_B","Strike_B","Strike_B","Defend_B","Defend_B","Defend_B","Defend_B","Zap+1","Dualcast","FTL","Defragment+1","Chill","Doom and Gloom","Self Repair","Fission","Turbo","Coolheaded","Conserve Battery"],"relics":["Cracked Core","NeowsBlessing","Oddly Smooth Stone","Bottled Tornado","Art of War","Kunai"],"potions_floor_usage":[7],"damage_taken":[{"damage":0,"enemies":"Jaw Worm","floor":1,"turns":1},{"damage":0,"enemies":"Cultist","floor":4,"turns":1},{"damage":0,"enemies":"Small Slimes","floor":5,"turns":1},{"damage":15,"enemies":"3 Sentries","floor":7,"turns":7},{"damage":24,"enemies":"Gremlin Nob","floor":10,"turns":4},{"damage":13,"enemies":"Exordium Wildlife","floor":11,"turns":5},{"damage":18,"enemies":"Lagavulin","floor":12,"turns":5},{"damage":32,"enemies":"Slime Boss","floor":16,"turns":7}],"seed_played":"-7686281263262995368","potions_obtained":[{"floor":5,"key":"LiquidBronze"},{"floor":7,"key":"Energy Potion"}],"is_trial":false,"path_per_floor":["M","$","?","M","M","R","E","R","T","E","M","E","$","?","R","B"],"character_chosen":"DEFECT","items_purchased":["Coolheaded","Conserve Battery"],"campfire_rested":1,"item_purchase_floors":[13,13],"current_hp_per_floor":[64,64,64,64,64,64,49,49,49,25,19,8,8,8,29,0],"gold":118,"neow_bonus":"THREE_ENEMY_KILL","is_prod":false,"is_daily":false,"chose_seed":false,"campfire_upgraded":2,"win_rate":0,"timestamp":1553132841,"path_taken":["M","$","?","?","M","R","E","R","T","E","M","E","$","?","R","BOSS"],"build_version":"2019-01-23","purchased_purges":1,"victory":false,"max_hp_per_floor":[71,71,71,71,71,71,71,71,71,71,71,71,71,71,71,71],"card_choices":[{"not_picked":["Stack","Reprogram","Barrage"],"picked":"SKIP","floor":1},{"not_picked":["Stack","Beam Cell"],"picked":"Defragment","floor":4},{"not_picked":["Double Energy","Streamline"],"picked":"Chill","floor":5},{"not_picked":["Consume","Lockon"],"picked":"Doom and Gloom","floor":7},{"not_picked":["Hello World","Go for the Eyes"],"picked":"Self Repair","floor":10},{"not_picked":["Consume","Capacitor"],"picked":"Fission","floor":11},{"not_picked":["Doom and Gloom","Leap"],"picked":"Turbo","floor":12}],"player_experience":459440,"relics_obtained":[{"floor":7,"key":"Oddly Smooth Stone"},{"floor":9,"key":"Bottled Tornado"},{"floor":10,"key":"Art of War"},{"floor":12,"key":"Kunai"}],"event_choices":[{"damage_healed":0,"gold_gain":0,"player_choice":"1 cards matched","damage_taken":0,"max_hp_gain":0,"max_hp_loss":0,"event_name":"Match and Keep!","floor":3,"gold_loss":0,"cards_obtained":["FTL"]},{"damage_healed":0,"gold_gain":0,"player_choice":"Left Gold","damage_taken":0,"max_hp_gain":0,"max_hp_loss":0,"event_name":"World of Goop","floor":14,"gold_loss":49}],"is_beta":false,"boss_relics":[],"items_purged_floors":[13],"is_endless":false,"potions_floor_spawned":[5,7],"killed_by":"Slime Boss","ascension_level":19}