{"path_per_floor":["M","M","?","M","M","R","?","E","T","R","M","$","?","E","R","B",null,"M","?","$","?","M","R","M","E","T","?","R","?","T","M","R","B",null,"M","M","M","?","M","R","E","?","T","R","E","M","R","E","R","B"],"character_chosen":"IRONCLAD","items_purchased":["Shrug It Off"],"gold_per_floor":[118,129,129,149,167,167,117,149,172,172,188,90,90,122,122,227,227,227,127,27,27,27,27,27,27,27,27,27,27,27,27,27,27,27,27,27,27,27,27,27,27,27,27,27,27,27,27,27,27,27],"floor_reached":51,"campfire_rested":0,"playtime":2516,"current_hp_per_floor":[71,76,76,75,76,76,76,70,70,70,67,67,67,40,40,32,68,57,57,57,57,62,62,27,80,80,80,80,80,80,78,78,79,80,66,76,80,80,56,56,59,49,49,49,55,80,80,77,77,74],"items_purged":["Strike_R","Strike_R"],"gold":27,"score":873,"play_id":"d03daa03-b224-4533-90be-70f38db38f6f","is_prod":false,"is_daily":false,"is_ascension_mode":true,"campfire_upgraded":10,"path_taken":["M","M","?","?","M","R","?","E","T","R","M","$","?","E","R","BOSS","M","?","$","?","M","R","M","E","T","?","R","?","?","M","R","BOSS","M","M","M","?","M","R","E","?","T","R","E","M","R","E","R","BOSS"],"build_version":"2018-02-15-PROD1","purchased_purges":2,"victory":true,"master_deck":["Strike_R","Defend_R","Defend_R","Defend_R","Defend_R","Bash","Cleave","Clothesline","Juggernaut+1","Body Slam+1","Flex+1","True Grit+1","Shrug It Off","Reaper","Ghostly Armor","J.A.X.+1","Disarm","Shockwave","Sentinel+1","Writhe","Barricade+1","Impervious+1","Battle Trance+1","Body Slam+1","Flex+1","Madness+1","Madness+1","True Grit+1","Metallicize+1","Pommel Strike+1"],"max_hp_per_floor":[80,80,80,80,80,80,80,80,80,80,80,80,80,80,80,80,80,80,80,80,80,80,80,80,80,80,80,80,80,80,80,80,80,80,80,80,80,80,80,80,80,80,80,80,80,80,80,80,80,80],"relics":["Burning Blood","Pen Nib","Unceasing Top","Juzu Bracelet","Magic Flower","Ectoplasm","Happy Flower","Letter Opener","Ice Cream","Torii","Runic Dome","Bottled Flame","Toxic Egg 2","Frozen Eye","Gremlin Horn"],"card_choices":[{"not_picked":["Headbutt","Havoc"],"picked":"Cleave"},{"not_picked":["Anger","Sword Boomerang"],"picked":"Clothesline"},{"not_picked":["Havoc","Shrug It Off"],"picked":"Body Slam"},{"not_picked":["Clash","Sentinel"],"picked":"Flex"},{"not_picked":["Wild Strike","Dual Wield"],"picked":"True Grit"},{"not_picked":["Berserk","Brutality"],"picked":"Reaper"},{"not_picked":["True Grit","Thunderclap"],"picked":"Ghostly Armor"},{"not_picked":["Reckless Charge","Rampage"],"picked":"Disarm"},{"not_picked":["Flex","Havoc"],"picked":"Shockwave"},{"not_picked":["Heavy Blade","Havoc"],"picked":"Sentinel"},{"not_picked":["Warcry","Shrug It Off"],"picked":"Barricade"},{"not_picked":["Brutality","Double Tap"],"picked":"Impervious"},{"not_picked":["Metallicize","Anger"],"picked":"Battle Trance"},{"not_picked":["Cleave","Rampage"],"picked":"Body Slam"},{"not_picked":["Clash","Clothesline"],"picked":"Flex"},{"not_picked":["Sentinel","Impervious"],"picked":"True Grit"},{"not_picked":["Dual Wield","Shrug It Off"],"picked":"Metallicize"},{"not_picked":["Disarm","Clash"],"picked":"Pommel Strike"}],"player_experience":224492,"potions_floor_usage":[8,41,41,46,48],"damage_taken":[{"damage":7,"enemies":"2 Louse","floor":1,"turns":4},{"damage":1,"enemies":"Cultist","floor":2,"turns":3},{"damage":7,"enemies":"Jaw Worm","floor":4,"turns":3},{"damage":5,"enemies":"Red Slaver","floor":5,"turns":4},{"damage":12,"enemies":"Gremlin Nob","floor":8,"turns":3},{"damage":9,"enemies":"3 Louse","floor":11,"turns":4},{"damage":33,"enemies":"Lagavulin","floor":14,"turns":8},{"damage":17,"enemies":"The Guardian","floor":16,"turns":11},{"damage":29,"enemies":"3 Byrds","floor":18,"turns":5},{"damage":6,"enemies":"Shell Parasite","floor":22,"turns":8},{"damage":55,"enemies":"Cultist and Chosen","floor":24,"turns":7},{"damage":9,"enemies":"Gremlin Leader","floor":25,"turns":8},{"damage":11,"enemies":"Centurion and Healer","floor":31,"turns":5},{"damage":23,"enemies":"Automaton","floor":33,"turns":12},{"damage":23,"enemies":"3 Darklings","floor":35,"turns":5},{"damage":5,"enemies":"Orb Walker","floor":36,"turns":4},{"damage":4,"enemies":"3 Darklings","floor":37,"turns":5},{"damage":33,"enemies":"Sphere and 2 Shapes","floor":39,"turns":5},{"damage":18,"enemies":"Nemesis","floor":41,"turns":7},{"damage":3,"enemies":"Giant Head","floor":45,"turns":6},{"damage":6,"enemies":"4 Shapes","floor":46,"turns":4},{"damage":18,"enemies":"Nemesis","floor":48,"turns":7},{"damage":28,"enemies":"Awakened One","floor":50,"turns":8}],"event_choices":[{"event_name":"Match and Keep!","player_choice":"1 cards matched","floor":3,"damage_taken":0},{"event_name":"The Cleric","player_choice":"Card Removal","floor":7,"damage_taken":0},{"event_name":"Liars Game","player_choice":"disagreed","floor":13,"damage_taken":0},{"event_name":"Drug Dealer","player_choice":"Got JAXXED","floor":19,"damage_taken":0},{"event_name":"Beggar","player_choice":"Ignored","floor":21,"damage_taken":0},{"event_name":"The Mausoleum","player_choice":"Yes","floor":27,"damage_taken":0},{"event_name":"Vampires","player_choice":"Ignored","floor":29,"damage_taken":0},{"event_name":"Purifier","player_choice":"One Purge","floor":38,"damage_taken":0},{"event_name":"Winding Halls","player_choice":"Embrace Madness","floor":42,"damage_taken":0}],"boss_relics":[{"not_picked":["Black Star","Eternal Feather"],"picked":"Ectoplasm"},{"not_picked":["Mark of Pain","White Beast Statue"],"picked":"Runic Dome"}],"potions_floor_spawned":[2,16,25,39,41,45],"seed_played":"7322775062122951178","ascension_level":8,"is_trial":false}