{"gold_per_floor":[115,115,127,38,38,63,63,74,74,74,74,74,85,117,117,117],"floor_reached":16,"playtime":311,"items_purged":[],"score":316,"play_id":"ece26aca-5290-48c2-bcf0-9cf62af3d956","local_time":"20181027180601","is_ascension_mode":true,"campfire_choices":[{"data":"Caltrops","floor":7,"key":"SMITH"},{"data":"Cloak And Dagger","floor":10,"key":"SMITH"},{"floor":12,"key":"REST"},{"data":"Unload","floor":15,"key":"SMITH"}],"neow_cost":"NONE","seed_source_timestamp":1547583787995722,"circlet_count":0,"master_deck":["Defend_G","Defend_G","Defend_G","Defend_G","Strike_G","Strike_G","Strike_G","Strike_G","Strike_G","Survivor","Neutralize","AscendersBane","Backstab","Calculated Gamble","Leg Sweep","Caltrops+1","Unload+1","Cloak And Dagger+1","Deflect+1","Backflip+1"],"relics":["Ring of the Snake","NeowsBlessing","Blue Candle","Toxic Egg 2","Bronze Scales","Matryoshka"],"potions_floor_usage":[14,14],"damage_taken":[{"damage":0,"enemies":"Small Slimes","floor":1,"turns":1},{"damage":0,"enemies":"Cultist","floor":3,"turns":1},{"damage":0,"enemies":"3 Sentries","floor":6,"turns":1},{"damage":0,"enemies":"2 Louse","floor":8,"turns":2},{"damage":0,"enemies":"2 Fungi Beasts","floor":13,"turns":2},{"damage":0,"enemies":"Gremlin Nob","floor":14,"turns":3},{"damage":32,"enemies":"Slime Boss","floor":16,"turns":9}],"seed_played":"1637273603888871912","potions_obtained":[{"floor":1,"key":"AttackPotion"},{"floor":13,"key":"Explosive Potion"}],"is_trial":false,"path_per_floor":["M","?","M","$","?","E","R","M","T","R","?","R","M","E","R"],"character_chosen":"THE_SILENT","items_purchased":["Caltrops"],"campfire_rested":1,"item_purchase_floors":[4],"current_hp_per_floor":[59,59,59,59,59,59,59,59,59,59,14,33,33,33,33,1],"gold":117,"neow_bonus":"THREE_ENEMY_KILL","is_prod":false,"is_daily":false,"chose_seed":false,"campfire_upgraded":3,"win_rate":0,"timestamp":1540677961,"path_taken":["M","?","M","$","?","E","R","?","T","R","?","R","?","E","R","BOSS"],"build_version":"2018-10-25v2","purchased_purges":0,"victory":false,"max_hp_per_floor":[66,66,66,66,66,66,66,66,66,66,66,66,66,66,66,66],"card_choices":[{"not_picked":["Escape Plan","Flying Knee"],"picked":"Backstab","floor":1},{"not_picked":["Sucker Punch","Finisher"],"picked":"Leg Sweep","floor":3},{"not_picked":["Poisoned Stab","Venomology"],"picked":"Unload","floor":6},{"not_picked":["Quick Slash","Sucker Punch"],"picked":"Cloak And Dagger","floor":8},{"not_picked":["Blur+1","Cloak And Dagger+1"],"picked":"Deflect+1","floor":13},{"not_picked":["Deflect+1","Leg Sweep+1"],"picked":"Backflip+1","floor":14}],"player_experience":848679,"relics_obtained":[{"floor":6,"key":"Blue Candle"},{"floor":9,"key":"Toxic Egg 2"},{"floor":14,"key":"Matryoshka"}],"event_choices":[{"damage_healed":0,"gold_gain":0,"cards_transformed":["Defend_G"],"player_choice":"Transformed","damage_taken":0,"max_hp_gain":0,"max_hp_loss":0,"event_name":"Transmorgrifier","floor":2,"gold_loss":0,"cards_obtained":["Calculated Gamble"]},{"damage_healed":0,"gold_gain":0,"player_choice":"Ignored","damage_taken":0,"max_hp_gain":0,"max_hp_loss":0,"event_name":"Golden Idol","floor":5,"gold_loss":0},{"damage_healed":0,"gold_gain":0,"player_choice":"Success","damage_taken":45,"relics_obtained":["Bronze Scales"],"max_hp_gain":0,"max_hp_loss":0,"event_name":"Scrap Ooze","floor":11,"gold_loss":0}],"is_beta":false,"boss_relics":[],"items_purged_floors":[],"is_endless":false,"potions_floor_spawned":[1,13],"killed_by":"Slime Boss","ascension_level":20}