{"gold_per_floor":[112,187,187,197,210,210,236,236,236,236,269,286,25,42,42,42],"floor_reached":16,"playtime":580,"items_purged":[],"score":193,"play_id":"0877258d-c296-47f8-bce9-b5d688dede8b","local_time":"20190115215451","is_ascension_mode":true,"campfire_choices":[{"data":"Pommel Strike","floor":6,"key":"SMITH"},{"data":"Armaments","floor":10,"key":"SMITH"},{"floor":15,"key":"REST"}],"neow_cost":"CURSE","seed_source_timestamp":18699441715597,"circlet_count":0,"master_deck":["AscendersBane","Strike_R","Strike_R","Strike_R","Strike_R","Defend_R","Defend_R","Defend_R","Bash","Decay","Anger","Havoc","Pommel Strike+1","Rupture","Shrug It Off","Armaments+1","Hemokinesis","Twin Strike","True Grit"],"relics":["Burning Blood","Pear","Self Forming Clay","Bag of Preparation","Juzu Bracelet","Kunai"],"potions_floor_usage":[7,16,16],"damage_taken":[{"damage":9,"enemies":"Jaw Worm","floor":1,"turns":3},{"damage":2,"enemies":"2 Louse","floor":4,"turns":2},{"damage":2,"enemies":"Small Slimes","floor":5,"turns":3},{"damage":18,"enemies":"Gremlin Nob","floor":7,"turns":3},{"damage":25,"enemies":"Lagavulin","floor":11,"turns":7},{"damage":17,"enemies":"Red Slaver","floor":12,"turns":4},{"damage":10,"enemies":"Blue Slaver","floor":14,"turns":4},{"damage":39,"enemies":"The Guardian","floor":16,"turns":5}],"seed_played":"-7284512263874175759","potions_obtained":[{"floor":1,"key":"AttackPotion"},{"floor":5,"key":"Explosive Potion"},{"floor":11,"key":"LiquidBronze"},{"floor":14,"key":"PowerPotion"}],"is_trial":false,"path_per_floor":["M","?","?","M","M","R","E","$","T","R","E","M","$","M","R","B"],"character_chosen":"IRONCLAD","items_purchased":["Kunai"],"campfire_rested":1,"item_purchase_floors":[13],"current_hp_per_floor":[65,54,46,50,54,54,42,42,42,42,23,12,12,8,33,0],"gold":42,"neow_bonus":"TRANSFORM_TWO_CARDS","is_prod":false,"is_daily":false,"chose_seed":false,"campfire_upgraded":2,"win_rate":0,"timestamp":1547607291,"path_taken":["M","?","?","?","M","R","E","$","T","R","E","M","$","M","R","BOSS"],"build_version":"2019-01-10","purchased_purges":0,"victory":false,"max_hp_per_floor":[75,75,85,85,85,85,85,85,85,85,85,85,85,85,85,85],"card_choices":[{"not_picked":["Rage","Warcry"],"picked":"Pommel Strike","floor":1},{"not_picked":["Cleave","Rage"],"picked":"Rupture","floor":4},{"not_picked":["Body Slam","Sentinel"],"picked":"Shrug It Off","floor":5},{"not_picked":["Clothesline","Headbutt"],"picked":"Armaments","floor":7},{"not_picked":["Iron Wave","Thunderclap"],"picked":"Hemokinesis","floor":11},{"not_picked":["Clash","Headbutt"],"picked":"Twin Strike","floor":12},{"not_picked":["Pommel Strike","Anger"],"picked":"True Grit","floor":14}],"player_experience":1024290,"relics_obtained":[{"floor":7,"key":"Self Forming Clay"},{"floor":9,"key":"Bag of Preparation"},{"floor":11,"key":"Juzu Bracelet"}],"event_choices":[{"damage_healed":0,"gold_gain":75,"player_choice":"Gather Gold","damage_taken":11,"max_hp_gain":0,"max_hp_loss":0,"event_name":"World of Goop","floor":2,"gold_loss":0},{"damage_healed":0,"gold_gain":0,"player_choice":"Success","damage_taken":18,"relics_obtained":["Pear"],"max_hp_gain":0,"max_hp_loss":0,"event_name":"Scrap Ooze","floor":3,"gold_loss":0}],"is_beta":false,"boss_relics":[],"items_purged_floors":[],"is_endless":false,"potions_floor_spawned":[1,5,11,14],"killed_by":"The Guardian","ascension_level":15}