{"gold_per_floor":[113,113,5,5,16,48,48,48,101,101,112,112,141,161,161,257,287,297,297,309,232,252,283,283,283,310,310,322,322,342,374,374,374],"floor_reached":33,"playtime":2477,"items_purged":[],"score":318,"play_id":"fddd4332-fc1e-4d23-b96b-41b38a7f616f","local_time":"20180628030905","is_ascension_mode":false,"campfire_choices":[{"data":"Blur","floor":7,"key":"SMITH"},{"data":"Leg Sweep","floor":10,"key":"SMITH"},{"data":"Backstab","floor":12,"key":"SMITH"},{"floor":15,"key":"REST"},{"floor":25,"key":"REST"},{"floor":27,"key":"REST"},{"floor":32,"key":"REST"}],"neow_cost":"NONE","seed_source_timestamp":264183228067750,"circlet_count":0,"master_deck":["Defend_G+1","Defend_G+1","Defend_G+1","Defend_G","Defend_G","Survivor","Neutralize","Choke","Blur+1","Backstab+1","Leg Sweep+1","Masterful Stab","Die Die Die","Finisher","Burst","Well Laid Plans","Reflex","Bite","Bite","Bite","Bite","Bite","J.A.X.+1","Writhe","Blur","Outmaneuver+1","Backstab+1","Dodge and Roll+1","Backstab"],"relics":["Ring of the Snake","Oddly Smooth Stone","Art of War","Dream Catcher","Tiny House","Bronze Scales","War Paint","Boot","Bag of Preparation"],"potions_floor_usage":[18,23,23,23,30,31],"damage_taken":[{"damage":2,"enemies":"Cultist","floor":1,"turns":6},{"damage":0,"enemies":"2 Louse","floor":5,"turns":1},{"damage":4,"enemies":"3 Sentries","floor":6,"turns":13},{"damage":0,"enemies":"Jaw Worm","floor":11,"turns":4},{"damage":17,"enemies":"Gremlin Nob","floor":13,"turns":6},{"damage":0,"enemies":"3 Louse","floor":14,"turns":1},{"damage":12,"enemies":"The Guardian","floor":16,"turns":18},{"damage":0,"enemies":"2 Thieves","floor":18,"turns":4},{"damage":1,"enemies":"Shell Parasite","floor":20,"turns":11},{"damage":27,"enemies":"Snecko","floor":22,"turns":10},{"damage":37,"enemies":"Book of Stabbing","floor":23,"turns":9},{"damage":23,"enemies":"Sentry and Sphere","floor":28,"turns":12},{"damage":24,"enemies":"Slaver and Parasite","floor":30,"turns":13},{"damage":25,"enemies":"Slavers","floor":31,"turns":7},{"damage":89,"enemies":"Champ","floor":33,"turns":23}],"seed_played":"4431592992415571935","potions_obtained":[{"floor":1,"key":"Energy Potion"},{"floor":18,"key":"Explosive Potion"},{"floor":28,"key":"Fire Potion"},{"floor":30,"key":"Regen Potion"}],"is_trial":false,"path_per_floor":["M","?","$","?","M","E","R","$","T","R","M","R","E","M","R","B",null,"M","?","M","?","M","E","?","R","T","R","M","?","M","E","R"],"character_chosen":"THE_SILENT","items_purchased":["Blur","Backstab"],"campfire_rested":4,"item_purchase_floors":[3,3],"current_hp_per_floor":[68,68,68,54,54,50,50,50,50,50,50,50,33,33,54,42,75,75,52,52,52,30,11,11,26,26,41,34,34,26,24,39,0],"gold":374,"neow_bonus":"THREE_SMALL_POTIONS","is_prod":false,"is_daily":false,"chose_seed":false,"campfire_upgraded":3,"win_rate":0.0,"timestamp":1530184145,"path_taken":["M","?","$","?","M","E","R","?","T","R","?","R","E","M","R","BOSS","M","?","?","?","M","E","?","R","T","R","M","?","M","E","R","BOSS"],"build_version":"2018-06-21v2","purchased_purges":0,"victory":false,"max_hp_per_floor":[70,70,70,70,70,70,70,70,70,70,70,70,70,70,70,70,75,75,52,52,52,52,52,52,52,52,52,52,52,52,52,52,52],"card_choices":[{"not_picked":["Concentrate","Finisher"],"picked":"Choke","floor":1},{"not_picked":["Poisoned Stab","Dodge and Roll","Deadly Poison"],"picked":"SKIP","floor":5},{"not_picked":["Dodge and Roll","Noxious Fumes"],"picked":"Leg Sweep","floor":6},{"not_picked":["Deadly Poison","Sucker Punch"],"picked":"Masterful Stab","floor":11},{"not_picked":["Deflect","Deadly Poison"],"picked":"Die Die Die","floor":13},{"not_picked":["Escape Plan","Prepared","PiercingWail"],"picked":"SKIP","floor":14},{"not_picked":["Quick Slash","Catalyst"],"picked":"Finisher","floor":15},{"not_picked":["Glass Knife","Tools of the Trade"],"picked":"Burst","floor":16},{"not_picked":["Acrobatics","Cloak And Dagger"],"picked":"Well Laid Plans","floor":17},{"not_picked":["Dagger Throw","PiercingWail"],"picked":"Reflex","floor":18},{"not_picked":["Prepared","Slice","Dodge and Roll"],"picked":"SKIP","floor":20},{"not_picked":["Noxious Fumes+1","Expertise","Bane"],"picked":"SKIP","floor":22},{"not_picked":["Expertise","Cloak And Dagger","Prepared"],"picked":"SKIP","floor":23},{"not_picked":["Predator","Heel Hook"],"picked":"Blur","floor":25},{"not_picked":["Catalyst","Cloak And Dagger"],"picked":"Outmaneuver+1","floor":27},{"not_picked":["Deflect+1","Prepared"],"picked":"Backstab+1","floor":28},{"not_picked":["Burst","Deadly Poison+1"],"picked":"Dodge and Roll+1","floor":30},{"not_picked":["Dagger Spray","Dodge and Roll+1"],"picked":"Backstab","floor":31}],"player_experience":287410,"relics_obtained":[{"floor":6,"key":"Oddly Smooth Stone"},{"floor":9,"key":"Art of War"},{"floor":13,"key":"Dream Catcher"},{"floor":23,"key":"Bronze Scales"},{"floor":26,"key":"Boot"},{"floor":31,"key":"Bag of Preparation"}],"event_choices":[{"event_name":"Purifier","player_choice":"One Purge","floor":2,"damage_taken":0},{"event_name":"Shining Light","player_choice":"Entered Light","floor":4,"damage_taken":0},{"event_name":"Vampires","player_choice":"Became a vampire","floor":19,"damage_taken":0},{"event_name":"Drug Dealer","player_choice":"Got JAXXED","floor":21,"damage_taken":0},{"event_name":"The Mausoleum","player_choice":"Yes","floor":24,"damage_taken":0},{"event_name":"Ghosts","player_choice":"Ignored","floor":29,"damage_taken":0}],"boss_relics":[{"not_picked":["Philosopher\u0027s Stone","Fusion Hammer"],"picked":"Tiny House"}],"items_purged_floors":[],"is_endless":false,"potions_floor_spawned":[1,5,11,16,18,20,28,30],"killed_by":"Champ","ascension_level":0}