{"gold_per_floor":[113,132,307,307,326,358,358,387,434,434,765,765],"floor_reached":12,"playtime":369,"items_purged":[],"score":163,"play_id":"1f8592a4-89f2-49bf-9988-c7d557923203","local_time":"20190224095011","is_ascension_mode":true,"campfire_choices":[{"data":"Zap","floor":7,"key":"SMITH"},{"floor":10,"key":"REST"}],"neow_cost":"NONE","seed_source_timestamp":984627391674763,"circlet_count":0,"master_deck":["AscendersBane","Strike_B","Strike_B","Strike_B","Defend_B","Defend_B+1","Defend_B","Defend_B","Zap+1","Dualcast","Heatsinks","Chill","Leap+1","Sunder","Gash+1","Storm","Cold Snap+1"],"relics":["Cracked Core","Molten Egg 2","Art of War","War Paint","Old Coin"],"potions_floor_usage":[6,11,12],"damage_taken":[{"damage":0,"enemies":"Small Slimes","floor":1,"turns":3},{"damage":2,"enemies":"2 Louse","floor":2,"turns":3},{"damage":3,"enemies":"Jaw Worm","floor":5,"turns":3},{"damage":26,"enemies":"Gremlin Nob","floor":6,"turns":5},{"damage":12,"enemies":"3 Sentries","floor":8,"turns":10},{"damage":30,"enemies":"Lagavulin","floor":11,"turns":7},{"damage":15,"enemies":"The Mushroom Lair","floor":12,"turns":2}],"seed_played":"-3290604391748774810","potions_obtained":[{"floor":1,"key":"Strength Potion"},{"floor":8,"key":"LiquidBronze"},{"floor":11,"key":"AttackPotion"}],"is_trial":false,"path_per_floor":["M","M","?","?","M","E","R","E","T","R","E","?"],"character_chosen":"DEFECT","items_purchased":[],"campfire_rested":1,"item_purchase_floors":[],"current_hp_per_floor":[64,62,62,62,59,33,33,21,21,42,12,0],"gold":765,"neow_bonus":"TRANSFORM_CARD","is_prod":false,"is_daily":false,"chose_seed":false,"campfire_upgraded":1,"win_rate":0,"timestamp":1551019811,"path_taken":["M","M","?","?","M","E","R","E","T","R","E","?"],"build_version":"2019-01-23","purchased_purges":0,"victory":false,"max_hp_per_floor":[71,71,71,71,71,71,71,71,71,71,71,71],"card_choices":[{"not_picked":["Leap","Gash"],"picked":"Chill","floor":1},{"not_picked":["Streamline","Barrage"],"picked":"Leap","floor":2},{"not_picked":["Recycle","Chaos"],"picked":"Sunder","floor":5},{"not_picked":["Coolheaded","Machine Learning"],"picked":"Gash","floor":6},{"not_picked":["Reinforced Body","Turbo"],"picked":"Storm","floor":8},{"not_picked":["Turbo","Loop"],"picked":"Cold Snap+1","floor":11}],"player_experience":358900,"relics_obtained":[{"floor":6,"key":"Molten Egg 2"},{"floor":8,"key":"Art of War"},{"floor":9,"key":"War Paint"},{"floor":11,"key":"Old Coin"}],"event_choices":[{"damage_healed":0,"gold_gain":175,"player_choice":"AGREE","damage_taken":0,"max_hp_gain":0,"max_hp_loss":0,"event_name":"Liars Game","floor":3,"gold_loss":0,"cards_obtained":["Doubt"]},{"cards_removed":["Doubt"],"damage_healed":0,"gold_gain":0,"player_choice":"Forget","damage_taken":0,"max_hp_gain":0,"max_hp_loss":0,"event_name":"Living Wall","floor":4,"gold_loss":0},{"damage_healed":0,"gold_gain":0,"player_choice":"Fought Mushrooms","damage_taken":0,"max_hp_gain":0,"max_hp_loss":0,"event_name":"Mushrooms","floor":12,"gold_loss":0}],"is_beta":false,"boss_relics":[],"items_purged_floors":[],"is_endless":false,"potions_floor_spawned":[1,8,11],"killed_by":"The Mushroom Lair","ascension_level":14}