{"gold_per_floor":[115,126,137,155,155,155,183,183,183,218,368,368,368,25,25,100,100,119,119,119,119,136,136,78,97,121,150,150,165,165],"floor_reached":30,"playtime":1176,"items_purged":["Doubt"],"score":637,"play_id":"11e2c75f-6986-4a77-b14e-4dce68f93108","local_time":"20181104001415","is_ascension_mode":true,"campfire_choices":[{"data":"Sunder","floor":6,"key":"SMITH"},{"data":"Zap","floor":8,"key":"SMITH"},{"data":"Genetic Algorithm","floor":12,"key":"SMITH"},{"floor":15,"key":"REST"},{"data":"Double Energy","floor":23,"key":"SMITH"},{"data":"Seek","floor":28,"key":"SMITH"}],"neow_cost":"NONE","seed_source_timestamp":2173625488041713,"circlet_count":0,"master_deck":["AscendersBane","Defend_B","Defend_B","Defend_B","Defend_B","Zap+1","Dualcast","Compile Driver+1","Conserve Battery","Double Energy+1","Sweeping Beam+1","Sunder+1","Genetic Algorithm+1","Self Repair+1","Creative AI+1","Headbutt","Bite","Bite","Bite","Bite","Bite","Beam Cell+1","Steam","Loop+1","Seek+1"],"relics":["Cracked Core","Whetstone","Juzu Bracelet","Frozen Egg 2","Mummified Hand","PrismaticShard","White Beast Statue","Enchiridion","DataDisk","Prayer Wheel"],"potions_floor_usage":[7,7,16,22,22,25,27,30],"damage_taken":[{"damage":10,"enemies":"Small Slimes","floor":1,"turns":3},{"damage":0,"enemies":"2 Louse","floor":2,"turns":2},{"damage":2,"enemies":"Jaw Worm","floor":3,"turns":3},{"damage":14,"enemies":"Blue Slaver","floor":4,"turns":5},{"damage":10,"enemies":"3 Sentries","floor":7,"turns":5},{"damage":11,"enemies":"Gremlin Nob","floor":10,"turns":3},{"damage":0,"enemies":"Slime Boss","floor":16,"turns":5},{"damage":33,"enemies":"Shell Parasite","floor":18,"turns":7},{"damage":11,"enemies":"Spheric Guardian","floor":22,"turns":3},{"damage":7,"enemies":"Cultist and Chosen","floor":25,"turns":5},{"damage":40,"enemies":"Slavers","floor":27,"turns":9},{"damage":28,"enemies":"Centurion and Healer","floor":29,"turns":5},{"damage":35,"enemies":"Chosen and Byrds","floor":30,"turns":5}],"seed_played":"-5135919789234910521","potions_obtained":[{"floor":2,"key":"Swift Potion"},{"floor":4,"key":"Energy Potion"},{"floor":10,"key":"Ancient Potion"},{"floor":16,"key":"FairyPotion"},{"floor":18,"key":"Fruit Juice"},{"floor":22,"key":"Explosive Potion"},{"floor":25,"key":"SkillPotion"},{"floor":27,"key":"EssenceOfSteel"},{"floor":29,"key":"FocusPotion"}],"is_trial":false,"path_per_floor":["M","M","M","M","?","R","E","R","T","E","?","R","?","$","R","B",null,"M","?","?","?","M","R","$","M","T","E","R","M","M"],"character_chosen":"DEFECT","items_purchased":["AttackPotion","PrismaticShard","Steam"],"campfire_rested":1,"item_purchase_floors":[14,14,24],"current_hp_per_floor":[54,54,52,38,61,61,51,51,51,40,40,40,14,14,35,45,65,42,21,21,21,31,31,31,52,52,36,36,28,1],"gold":165,"neow_bonus":"THREE_CARDS","is_prod":false,"is_daily":false,"chose_seed":false,"campfire_upgraded":5,"win_rate":0,"timestamp":1541304855,"path_taken":["M","M","M","M","?","R","E","R","T","E","?","R","?","$","R","BOSS","M","?","?","?","M","R","$","M","T","E","R","M","M"],"build_version":"2018-11-01","purchased_purges":1,"victory":false,"max_hp_per_floor":[71,71,71,71,71,71,71,71,71,71,71,71,71,71,71,71,71,71,71,71,49,54,54,54,54,54,54,54,54,54],"card_choices":[{"not_picked":["Gash","Rebound"],"picked":"Compile Driver","floor":0},{"not_picked":["Gash","Rebound"],"picked":"Conserve Battery","floor":1},{"not_picked":["Skim","Melter"],"picked":"Double Energy","floor":2},{"not_picked":["Self Repair","Fusion"],"picked":"Sweeping Beam","floor":3},{"not_picked":["Sweeping Beam","Steam"],"picked":"Sunder","floor":4},{"not_picked":["Chaos","Barrage"],"picked":"Genetic Algorithm","floor":7},{"not_picked":["Buffer","Static Discharge"],"picked":"Self Repair","floor":10},{"not_picked":["Sadistic Nature+1","Apotheosis"],"picked":"Creative AI+1","floor":16},{"not_picked":["Compile Driver","Carnage"],"picked":"Headbutt","floor":18},{"not_picked":["Redo","Lockon"],"picked":"Beam Cell+1","floor":22},{"not_picked":["Noxious Fumes+1","Outmaneuver"],"picked":"Loop+1","floor":25},{"not_picked":["Anger+1","Headbutt"],"picked":"Seek","floor":27},{"not_picked":["Warcry","Slice","Ball Lightning+1"],"picked":"SKIP","floor":29},{"not_picked":["Dagger Spray","Flying Knee+1","Hello World+1"],"picked":"SKIP","floor":29}],"player_experience":888867,"relics_obtained":[{"floor":7,"key":"Whetstone"},{"floor":9,"key":"Juzu Bracelet"},{"floor":10,"key":"Frozen Egg 2"},{"floor":19,"key":"Enchiridion"},{"floor":26,"key":"DataDisk"},{"floor":27,"key":"Prayer Wheel"}],"event_choices":[{"damage_healed":23,"gold_gain":0,"player_choice":"Banana","damage_taken":0,"max_hp_gain":0,"max_hp_loss":0,"event_name":"Big Fish","floor":5,"gold_loss":0},{"damage_healed":0,"gold_gain":150,"player_choice":"AGREE","damage_taken":0,"max_hp_gain":0,"max_hp_loss":0,"event_name":"Liars Game","floor":11,"gold_loss":0,"cards_obtained":["Doubt"]},{"damage_healed":0,"gold_gain":0,"player_choice":"Success","damage_taken":26,"relics_obtained":["Mummified Hand"],"max_hp_gain":0,"max_hp_loss":0,"event_name":"Scrap Ooze","floor":13,"gold_loss":0},{"damage_healed":0,"gold_gain":0,"player_choice":"Obtained Book","damage_taken":21,"max_hp_gain":0,"max_hp_loss":0,"event_name":"Cursed Tome","floor":19,"gold_loss":0},{"damage_healed":0,"gold_gain":0,"player_choice":"Ignored","damage_taken":0,"max_hp_gain":0,"max_hp_loss":0,"event_name":"The Mausoleum","floor":20,"gold_loss":0},{"damage_healed":0,"gold_gain":0,"player_choice":"Became a vampire","damage_taken":0,"max_hp_gain":0,"max_hp_loss":22,"event_name":"Vampires","floor":21,"gold_loss":0,"cards_obtained":["Bite","Bite","Bite","Bite","Bite"]}],"is_beta":false,"boss_relics":[{"not_picked":["Runic Pyramid","Busted Crown"],"picked":"White Beast Statue"}],"items_purged_floors":[14],"is_endless":false,"potions_floor_spawned":[2,4,10,16,18,22,25,27,29],"killed_by":"Chosen and Byrds","ascension_level":20}