{"gold_per_floor":[114,127,140,153,153,153,153,153,200,27,39,51,51,83,83,160,160,176,187,137,192,192,192,210,210],"floor_reached":25,"playtime":1348,"items_purged":[],"score":376,"play_id":"b17cbd43-7e2e-4b03-a367-fb6616172f04","local_time":"20180921215504","is_ascension_mode":true,"campfire_choices":[{"data":"Dualcast","floor":6.0,"key":"SMITH"},{"data":"Loop","floor":8.0,"key":"SMITH"},{"data":"Barrage","floor":13.0,"key":"SMITH"},{"data":"Conserve Battery","floor":15.0,"key":"SMITH"},{"data":"Go for the Eyes","floor":23.0,"key":"SMITH"}],"neow_cost":"NONE","seed_source_timestamp":539148461031002,"circlet_count":0,"master_deck":["Strike_B+1","Strike_B+1","Strike_B","Strike_B","Defend_B","Defend_B","Defend_B","Defend_B","Zap+1","Dualcast+1","AscendersBane","Ball Lightning","Conserve Battery+1","Loop+1","Conserve Battery","Barrage+1","Electrodynamics","Recycle+1","Go for the Eyes+1","Decay","BootSequence"],"special_seed":0,"relics":["FrozenCore","Orichalcum","DataDisk","Whetstone","Bronze Scales"],"potions_floor_usage":[],"damage_taken":[{"damage":1.0,"enemies":"Cultist","floor":1.0,"turns":3.0},{"damage":4.0,"enemies":"Small Slimes","floor":2.0,"turns":3.0},{"damage":4.0,"enemies":"2 Louse","floor":3.0,"turns":2.0},{"damage":16.0,"enemies":"Exordium Thugs","floor":4.0,"turns":4.0},{"damage":6.0,"enemies":"Looter","floor":11.0,"turns":3.0},{"damage":2.0,"enemies":"Red Slaver","floor":12.0,"turns":2.0},{"damage":10.0,"enemies":"Gremlin Nob","floor":14.0,"turns":3.0},{"damage":2.0,"enemies":"Hexaghost","floor":16.0,"turns":6.0},{"damage":9.0,"enemies":"Spheric Guardian","floor":18.0,"turns":5.0},{"damage":14.0,"enemies":"Shell Parasite","floor":19.0,"turns":5.0},{"damage":14.0,"enemies":"Centurion and Healer","floor":24.0,"turns":6.0},{"damage":27,"enemies":"Gremlin Leader","floor":25,"turns":6}],"seed_played":"3152592717625868962","potions_obtained":[{"floor":2.0,"key":"SpeedPotion"},{"floor":4.0,"key":"Block Potion"},{"floor":7.0,"key":"EssenceOfSteel"},{"floor":12.0,"key":"FocusPotion"},{"floor":24.0,"key":"Energy Potion"}],"is_trial":false,"path_per_floor":["M","M","M","M","?","R","?","R","T","$","M","M","R","E","R","B",null,"M","M","?","T","?","R","M"],"character_chosen":"DEFECT","items_purchased":["DataDisk"],"campfire_rested":0,"item_purchase_floors":[10],"current_hp_per_floor":[63,59,55,39,39,39,39,39,39,39,33,31,31,21,21,19,58,49,35,35,35,35,35,21,0],"gold":210,"neow_bonus":"UPGRADE_CARD","is_prod":false,"is_daily":false,"chose_seed":false,"campfire_upgraded":5,"win_rate":0,"timestamp":1537581304,"path_taken":["M","M","M","M","?","R","?","R","T","$","?","M","R","E","R","BOSS","M","M","?","?","?","R","M","E"],"build_version":"2018-09-20","purchased_purges":0,"victory":false,"max_hp_per_floor":[71,71,71,71,71,71,71,71,71,71,71,71,71,71,71,71,71,71,71,71,71,71,71,71,71],"card_choices":[{"not_picked":["Gash","Leap"],"picked":"Ball Lightning","floor":1.0},{"not_picked":["Reinforced Body","Reprogram"],"picked":"Conserve Battery","floor":2.0},{"not_picked":["Ball Lightning","Coolheaded"],"picked":"Loop","floor":3.0},{"not_picked":["Beam Cell","Doom and Gloom"],"picked":"Conserve Battery","floor":4.0},{"not_picked":["Conserve Battery","Storm","Compile Driver"],"picked":"SKIP","floor":11.0},{"not_picked":["Chaos","Cold Snap"],"picked":"Barrage","floor":12.0},{"not_picked":["Auto Shields","Meteor Strike","Genetic Algorithm"],"picked":"SKIP","floor":14.0},{"not_picked":["Echo Form","Creative AI"],"picked":"Electrodynamics","floor":16.0},{"not_picked":["Consume","Hello World"],"picked":"Recycle","floor":18.0},{"not_picked":["Compile Driver","Leap"],"picked":"Go for the Eyes","floor":19.0},{"not_picked":["Gash","Conserve Battery"],"picked":"BootSequence","floor":24.0}],"player_experience":682773,"relics_obtained":[{"floor":9.0,"key":"Orichalcum"},{"floor":14.0,"key":"Whetstone"},{"floor":21.0,"key":"Bronze Scales"}],"event_choices":[{"event_name":"Scrap Ooze","player_choice":"unsuccessful","floor":5.0,"damage_taken":0.0},{"event_name":"The Lab","player_choice":"Got Potions","floor":7.0,"damage_taken":0.0},{"event_name":"Designer","player_choice":"Upgrade Card","floor":20.0,"damage_taken":0.0},{"event_name":"Forgotten Altar","player_choice":"Smashed Altar","floor":22.0,"damage_taken":0.0}],"is_beta":false,"boss_relics":[{"not_picked":["White Beast Statue","Nuclear Battery"],"picked":"FrozenCore"}],"items_purged_floors":[],"is_endless":false,"potions_floor_spawned":[2,4,12,24],"killed_by":"Gremlin Leader","ascension_level":17}