{"gold_per_floor":[114,114,114,114,129,129,159,159,234,234,249,49,79,94,94,194,194,209,224,224,239,254,254,269,284,284,299,314,341,368,395,407,519,581,608,635,12,27,42,72,87,117,117,167,182,227,27,42,42,42],"floor_reached":51,"playtime":3414,"items_purged":[],"score":981,"play_id":"54b7ea76-298b-4937-a305-cd68f622cfa4","local_time":"20180723200946","daily_mods":["Brewmaster","Terminal","Vintage"],"is_ascension_mode":false,"campfire_choices":[{"data":"Neutralize","floor":6,"key":"SMITH"},{"data":"Venomology","floor":8,"key":"SMITH"},{"data":"Venomology","floor":10,"key":"SMITH"},{"data":"Venomology","floor":15,"key":"SMITH"},{"floor":23,"key":"REST"},{"floor":32,"key":"REST"},{"floor":49,"key":"REST"}],"neow_cost":"","seed_source_timestamp":0,"circlet_count":0,"master_deck":["Defend_G+1","Defend_G+1","Defend_G","Defend_G","Defend_G","Strike_G","Strike_G","Strike_G","Strike_G+1","Strike_G","Survivor+1","Neutralize+1","Venomology+1","Venomology+1","Venomology+1","Venomology+1","Venomology+1","Catalyst+1","Expertise+1","Malaise+1","RitualDagger+1","Adrenaline+1","Quick Slash+1","Footwork+1","Deadly Poison+1","Secret Technique+1","Catalyst+1","Poisoned Stab+1"],"special_seed":17735,"relics":["Ring of the Snake","White Beast Statue","Toxic Egg 2","FaceOfCleric","Bottled Flame","Centennial Puzzle","Blue Candle","Ancient Tea Set","ClockworkSouvenir","Oddly Smooth Stone","Juzu Bracelet","Molten Egg 2","Fusion Hammer","Matryoshka","Vajra","Gremlin Horn","War Paint","Dodecahedron","Happy Flower","Art of War","Darkstone Periapt","Mummified Hand","MawBank","Pantograph","Paper Crane","Frozen Egg 2","Orichalcum","Tiny House","Regal Pillow","Boot","The Specimen","Potion Belt","Pear","Ginger","Meat on the Bone","Bronze Scales","Omamori","The Courier","Bag of Preparation","Bottled Lightning","Tiny Chest","Letter Opener","Anchor"],"potions_floor_usage":[1,1,1,5,5,7,7,7,7,11,11,11,11,13,13,13,13,13,13,13,13,13,13,14,14,14,16,16,16,16,16,16,16,16,18,18,18,19,19,19,19,19,19,19,19,19,21,21,21,21,21,22,22,22,22,24,24,24,24,25,25,25,25,27,27,27,27,27,27,28,28,28,28,28,29,29,29,29,29,30,30,30,30,30,31,31,31,31,33,33,33,33,33,33,33,33,35,35,35,35,35,36,38,38,38,38,38,39,39,39,39,40,40,40,40,40,41,41,41,41,41,41,41,42,42,42,42,45,45,45,45,45,46,48,48,48,50,50,50,50,50,50,50,50,50,50],"damage_taken":[{"damage":0,"enemies":"Jaw Worm","floor":1,"turns":8},{"damage":0,"enemies":"2 Louse","floor":5,"turns":4},{"damage":8,"enemies":"Gremlin Nob","floor":7,"turns":5},{"damage":0,"enemies":"Cultist","floor":11,"turns":4},{"damage":0,"enemies":"Lagavulin","floor":13,"turns":7},{"damage":0,"enemies":"Blue Slaver","floor":14,"turns":3},{"damage":41,"enemies":"The Guardian","floor":16,"turns":20},{"damage":0,"enemies":"Chosen","floor":18,"turns":8},{"damage":0,"enemies":"Shell Parasite","floor":19,"turns":3},{"damage":0,"enemies":"Cultist and Chosen","floor":21,"turns":9},{"damage":5,"enemies":"3 Cultists","floor":22,"turns":7},{"damage":0,"enemies":"Snake Plant","floor":24,"turns":5},{"damage":1,"enemies":"Centurion and Healer","floor":25,"turns":8},{"damage":0,"enemies":"Chosen and Byrds","floor":27,"turns":10},{"damage":0,"enemies":"Snake Plant","floor":28,"turns":4},{"damage":0,"enemies":"3 Cultists","floor":29,"turns":4},{"damage":0,"enemies":"Centurion and Healer","floor":30,"turns":6},{"damage":0,"enemies":"Snake Plant","floor":31,"turns":4},{"damage":0,"enemies":"Automaton","floor":33,"turns":16},{"damage":0,"enemies":"Flame Bruiser 1 Orb","floor":35,"turns":5},{"damage":0,"enemies":"Orb Walker","floor":36,"turns":7},{"damage":0,"enemies":"Flame Bruiser 2 Orb","floor":38,"turns":3},{"damage":0,"enemies":"Sphere and 2 Shapes","floor":39,"turns":3},{"damage":0,"enemies":"Giant Head","floor":40,"turns":7},{"damage":0,"enemies":"Transient","floor":41,"turns":5},{"damage":0,"enemies":"Nemesis","floor":42,"turns":7},{"damage":0,"enemies":"4 Shapes","floor":45,"turns":3},{"damage":0,"enemies":"Sphere and 2 Shapes","floor":46,"turns":2},{"damage":0,"enemies":"3 Darklings","floor":48,"turns":4},{"damage":0,"enemies":"Awakened One","floor":50,"turns":11}],"seed_played":"4484180567622836144","potions_obtained":[{"floor":1,"key":"Swift Potion"},{"floor":5,"key":"PowerPotion"},{"floor":7,"key":"LiquidBronze"},{"floor":13,"key":"FearPotion"},{"floor":16,"key":"SmokeBomb"},{"floor":18,"key":"Dexterity Potion"},{"floor":19,"key":"EssenceOfSteel"},{"floor":21,"key":"Energy Potion"},{"floor":22,"key":"SkillPotion"},{"floor":24,"key":"FairyPotion"},{"floor":27,"key":"Explosive Potion"},{"floor":28,"key":"Strength Potion"},{"floor":29,"key":"GamblersBrew"},{"floor":33,"key":"Explosive Potion"},{"floor":34,"key":"FairyPotion"},{"floor":35,"key":"EssenceOfSteel"},{"floor":36,"key":"Fire Potion"},{"floor":38,"key":"SkillPotion"},{"floor":39,"key":"Poison Potion"},{"floor":40,"key":"SkillPotion"},{"floor":41,"key":"LiquidBronze"},{"floor":42,"key":"Weak Potion"},{"floor":46,"key":"SpeedPotion"}],"is_trial":false,"path_per_floor":["M","?","?","?","M","R","E","R","T","R","M","$","E","M","R","B",null,"M","M","?","M","M","R","M","M","T","M","M","M","M","M","R","B",null,"M","M","$","M","M","E","M","E","T","T","M","M","$","M","R","B"],"character_chosen":"THE_SILENT","items_purchased":["ClockworkSouvenir","The Specimen","Footwork+1","Deadly Poison+1","Secret Technique+1","Letter Opener"],"campfire_rested":3,"item_purchase_floors":[12,37,37,37,37,47],"current_hp_per_floor":[68,54,54,54,55,55,48,48,48,48,49,49,50,51,51,19,58,58,58,52,53,49,56,56,56,55,55,55,55,55,55,54,54,58,58,58,57,57,67,67,67,67,66,65,65,65,64,64,63,63],"gold":42,"neow_bonus":"","is_prod":false,"is_daily":true,"chose_seed":false,"campfire_upgraded":4,"win_rate":0,"timestamp":1532390986,"path_taken":["M","?","?","?","M","R","E","R","T","R","M","$","E","M","R","BOSS","M","M","?","M","M","R","M","M","T","M","M","M","M","M","R","BOSS","M","M","$","M","M","E","M","E","T","?","M","M","$","M","R","BOSS"],"build_version":"2018-07-19v2","purchased_purges":0,"victory":true,"max_hp_per_floor":[68,67,66,65,65,64,64,63,62,61,61,60,60,60,59,59,58,58,58,57,57,57,56,56,56,55,55,55,55,55,55,54,54,58,58,58,57,57,67,67,67,67,66,65,65,65,64,64,63,63],"card_choices":[{"not_picked":["Prepared+1","Eviscerate"],"picked":"Catalyst+1","floor":7},{"not_picked":["Underhanded Strike","Poisoned Stab"],"picked":"Expertise+1","floor":13},{"not_picked":["Phantasmal Killer+1","Doppelganger+1"],"picked":"Malaise+1","floor":16},{"not_picked":["Wraith Form v2+1","Unload+1"],"picked":"Adrenaline+1","floor":33},{"not_picked":["Bane+1","Deflect+1"],"picked":"Quick Slash+1","floor":34},{"not_picked":["Cloak And Dagger+1","Outmaneuver+1"],"picked":"Catalyst+1","floor":40},{"not_picked":["Blade Dance+1","Dagger Throw+1"],"picked":"Poisoned Stab+1","floor":42}],"player_experience":519956,"relics_obtained":[{"floor":1,"key":"Toxic Egg 2"},{"floor":5,"key":"Bottled Flame"},{"floor":7,"key":"Centennial Puzzle"},{"floor":9,"key":"Blue Candle"},{"floor":11,"key":"Ancient Tea Set"},{"floor":13,"key":"Oddly Smooth Stone"},{"floor":14,"key":"Juzu Bracelet"},{"floor":16,"key":"Molten Egg 2"},{"floor":18,"key":"Matryoshka"},{"floor":19,"key":"Vajra"},{"floor":21,"key":"Gremlin Horn"},{"floor":22,"key":"War Paint"},{"floor":24,"key":"Dodecahedron"},{"floor":25,"key":"Happy Flower"},{"floor":26,"key":"Art of War"},{"floor":26,"key":"Darkstone Periapt"},{"floor":27,"key":"Mummified Hand"},{"floor":28,"key":"MawBank"},{"floor":29,"key":"Pantograph"},{"floor":30,"key":"Paper Crane"},{"floor":31,"key":"Frozen Egg 2"},{"floor":33,"key":"Orichalcum"},{"floor":35,"key":"Regal Pillow"},{"floor":36,"key":"Boot"},{"floor":38,"key":"Potion Belt"},{"floor":39,"key":"Pear"},{"floor":40,"key":"Ginger"},{"floor":41,"key":"Meat on the Bone"},{"floor":42,"key":"Bronze Scales"},{"floor":43,"key":"Omamori"},{"floor":43,"key":"The Courier"},{"floor":44,"key":"Bag of Preparation"},{"floor":45,"key":"Bottled Lightning"},{"floor":46,"key":"Tiny Chest"},{"floor":48,"key":"Anchor"}],"event_choices":[{"event_name":"Shining Light","player_choice":"Entered Light","floor":2,"damage_taken":0},{"event_name":"FaceTrader","player_choice":"Trade","floor":3,"damage_taken":0},{"event_name":"Living Wall","player_choice":"Grow","floor":4,"damage_taken":0},{"event_name":"Nest","player_choice":"Joined the Cult","floor":20,"damage_taken":0}],"is_beta":false,"boss_relics":[{"not_picked":["Cursed Key","Sozu"],"picked":"Fusion Hammer"},{"not_picked":["Eternal Feather","Philosopher\u0027s Stone"],"picked":"Tiny House"}],"items_purged_floors":[],"is_endless":false,"potions_floor_spawned":[1,5,7,11,13,14,16,18,19,21,22,24,25,27,28,29,30,31,33,35,36,38,39,40,41,42,45,46,48],"ascension_level":0}