{"gold_per_floor":[112,112,128,145,245,245,94,94,94,24,35,0,25,40,40,137,137,153,252,270,270,270],"floor_reached":22,"playtime":1005,"items_purged":[],"score":184,"play_id":"83ebbe5c-3176-49b0-b3cd-b0145981a03f","local_time":"20190522055521","is_ascension_mode":false,"campfire_choices":[{"data":"Deadly Poison","floor":6,"key":"SMITH"},{"data":"Bane","floor":8,"key":"SMITH"},{"floor":15,"key":"REST"}],"neow_cost":"NONE","seed_source_timestamp":478371509151000,"circlet_count":0,"master_deck":["Defend_G","Defend_G","Defend_G","Defend_G","Strike_G+1","Strike_G","Strike_G","Strike_G","Strike_G+1","Survivor","Neutralize","Deadly Poison+1","Doppelganger","Bane+1","Caltrops","Caltrops","Noxious Fumes","Catalyst","Poisoned Stab","Cloak And Dagger"],"relics":["Ring of the Snake","Orichalcum","Oddly Smooth Stone","Whetstone","Regal Pillow","Black Star"],"potions_floor_usage":[20],"damage_taken":[{"damage":0,"enemies":"Cultist","floor":1,"turns":4},{"damage":0,"enemies":"2 Louse","floor":3,"turns":3},{"damage":0,"enemies":"Small Slimes","floor":4,"turns":3},{"damage":13,"enemies":"Exordium Thugs","floor":11,"turns":5},{"damage":16,"enemies":"Gremlin Nob","floor":13,"turns":4},{"damage":0,"enemies":"3 Louse","floor":14,"turns":4},{"damage":19,"enemies":"The Guardian","floor":16,"turns":10},{"damage":16,"enemies":"3 Byrds","floor":18,"turns":5},{"damage":23,"enemies":"Chosen","floor":20,"turns":7},{"damage":33,"enemies":"Centurion and Healer","floor":22,"turns":6}],"seed_played":"-3461115424358199671","potions_obtained":[{"floor":1,"key":"GamblersBrew"},{"floor":13,"key":"Dexterity Potion"},{"floor":16,"key":"Swift Potion"},{"floor":20,"key":"EntropicBrew"}],"is_trial":false,"path_per_floor":["M","?","M","M","?","R","$","R","T","$","M","$","E","M","R","B",null,"M","?","M","?","M"],"character_chosen":"THE_SILENT","items_purchased":["Oddly Smooth Stone","Caltrops","Catalyst"],"campfire_rested":1,"item_purchase_floors":[7,10,12],"current_hp_per_floor":[70,70,70,70,70,70,70,70,70,70,57,57,41,41,70,51,70,54,54,31,31,0],"gold":270,"neow_bonus":"RANDOM_COMMON_RELIC","is_prod":false,"is_daily":false,"chose_seed":false,"campfire_upgraded":2,"win_rate":0,"timestamp":1558533321,"path_taken":["M","?","M","?","?","R","$","R","T","$","?","?","E","M","R","BOSS","M","?","M","?","?"],"build_version":"2019-01-23","purchased_purges":0,"victory":false,"max_hp_per_floor":[70,70,70,70,70,70,70,70,70,70,70,70,70,70,70,70,70,70,70,70,70,70],"card_choices":[{"not_picked":["Heel Hook","Dodge and Roll"],"picked":"Deadly Poison","floor":1},{"not_picked":["Well Laid Plans","Finisher"],"picked":"Bane","floor":3},{"not_picked":["Terror","Dagger Throw"],"picked":"Caltrops","floor":4},{"not_picked":["Acrobatics","Caltrops"],"picked":"Noxious Fumes","floor":11},{"not_picked":["Slice","Backflip","Tools of the Trade"],"picked":"SKIP","floor":13},{"not_picked":["Underhanded Strike","Cloak And Dagger","Backflip"],"picked":"SKIP","floor":14},{"not_picked":["Prepared","PiercingWail+1","Underhanded Strike"],"picked":"SKIP","floor":18},{"not_picked":["Blade Dance","Acrobatics"],"picked":"Poisoned Stab","floor":20}],"player_experience":400377,"relics_obtained":[{"floor":9,"key":"Whetstone"},{"floor":13,"key":"Regal Pillow"}],"event_choices":[{"damage_healed":0,"gold_gain":0,"cards_transformed":["Defend_G"],"player_choice":"Transformed","damage_taken":0,"max_hp_gain":0,"max_hp_loss":0,"event_name":"Transmorgrifier","floor":2,"gold_loss":0,"cards_obtained":["Doppelganger"]},{"damage_healed":0,"gold_gain":100,"player_choice":"Gold","damage_taken":0,"max_hp_gain":0,"max_hp_loss":0,"event_name":"Wheel of Change","floor":5,"gold_loss":0},{"damage_healed":0,"gold_gain":99,"player_choice":"Stole From Cult","damage_taken":0,"max_hp_gain":0,"max_hp_loss":0,"event_name":"Nest","floor":19,"gold_loss":0},{"damage_healed":0,"gold_gain":0,"player_choice":"1 cards matched","damage_taken":0,"max_hp_gain":0,"max_hp_loss":0,"event_name":"Match and Keep!","floor":21,"gold_loss":0,"cards_obtained":["Cloak And Dagger"]}],"is_beta":false,"boss_relics":[{"not_picked":["Cursed Key","Runic Pyramid"],"picked":"Black Star"}],"items_purged_floors":[],"is_endless":false,"potions_floor_spawned":[1,13,16,20],"killed_by":"Centurion and Healer","ascension_level":0}