{"gold_per_floor":[111,186,12,28,101,130,150,176,176,187,11,40,40,59,59,132,132,147,147,147,13,27,53,71,71,117,117,146,146,172,191,191,268,298,313,8,59,0,0,33,33,68,121,153,172,172,192,210,210,210],"floor_reached":51,"playtime":3568,"items_purged":["Strike_G","Decay"],"score":2263,"play_id":"9a6c73d5-3a5e-4f5d-81f2-1c7380313806","local_time":"20180714104522","is_ascension_mode":true,"campfire_choices":[{"floor":13.0,"key":"REST"},{"data":"Footwork","floor":15.0,"key":"SMITH"},{"data":"Well Laid Plans","floor":29.0,"key":"SMITH"},{"data":"Neutralize","floor":32.0,"key":"SMITH"},{"floor":41.0,"key":"REST"},{"floor":49.0,"key":"REST"}],"neow_cost":"NONE","seed_source_timestamp":0,"circlet_count":0,"master_deck":["Defend_G","Defend_G","Defend_G","Defend_G","Defend_G","Strike_G+1","Strike_G","Strike_G","Strike_G","Survivor","Neutralize+1","AscendersBane","Cloak And Dagger","Footwork+1","Dagger Spray","Dodge and Roll","Corpse Explosion+1","Deflect+1","Predator","Deflect+1","Madness+1","Bouncing Flask+1","Backflip+1","Bullet Time+1","Venomology+1","Backflip+1","Ghostly+1","Ghostly+1","Ghostly+1","Ghostly+1","Ghostly+1","Well Laid Plans+1","Catalyst+1","Wraith Form v2+1","Backflip+1","Backflip+1","Night Terror+1","Catalyst+1","Blur+1","Acrobatics+1","Deadly Poison+1","Deadly Poison+1"],"special_seed":0,"relics":["White Beast Statue","Toxic Egg 2","Orichalcum","Snake Skull","Paper Crane","Pear","Runic Dome","Matryoshka","Shuriken","Vajra","Bottled Lightning","Happy Flower","Dodecahedron","Centennial Puzzle","Prayer Wheel","Tiny House","Thread and Needle","Red Mask","Bird Faced Urn","Omamori","Frozen Egg 2","Strawberry","Blood Vial"],"potions_floor_usage":[50,50],"damage_taken":[{"damage":0.0,"enemies":"Small Slimes","floor":1.0,"turns":3.0},{"damage":0.0,"enemies":"2 Louse","floor":4.0,"turns":2.0},{"damage":7.0,"enemies":"3 Sentries","floor":6.0,"turns":9.0},{"damage":4.0,"enemies":"Jaw Worm","floor":7.0,"turns":6.0},{"damage":25.0,"enemies":"Lagavulin","floor":8.0,"turns":8.0},{"damage":1.0,"enemies":"Exordium Wildlife","floor":10.0,"turns":5.0},{"damage":0.0,"enemies":"Gremlin Nob","floor":12.0,"turns":3.0},{"damage":8.0,"enemies":"Exordium Thugs","floor":14.0,"turns":5.0},{"damage":0.0,"enemies":"The Guardian","floor":16.0,"turns":9.0},{"damage":11.0,"enemies":"3 Byrds","floor":18.0,"turns":3.0},{"damage":0.0,"enemies":"Shell Parasite","floor":22.0,"turns":6.0},{"damage":1.0,"enemies":"Book of Stabbing","floor":23.0,"turns":8.0},{"damage":0.0,"enemies":"Centurion and Healer","floor":24.0,"turns":5.0},{"damage":0.0,"enemies":"Gremlin Leader","floor":28.0,"turns":9.0},{"damage":0.0,"enemies":"Book of Stabbing","floor":30.0,"turns":6.0},{"damage":0.0,"enemies":"Sentry and Sphere","floor":31.0,"turns":10.0},{"damage":8.0,"enemies":"Champ","floor":33.0,"turns":10.0},{"damage":3.0,"enemies":"Flame Bruiser 1 Orb","floor":35.0,"turns":4.0},{"damage":34.0,"floor":37.0,"turns":7.0},{"damage":0.0,"floor":39.0,"turns":4.0},{"damage":0.0,"enemies":"Nemesis","floor":40.0,"turns":5.0},{"damage":0.0,"enemies":"Giant Head","floor":42.0,"turns":7.0},{"damage":2.0,"enemies":"Nemesis","floor":44.0,"turns":5.0},{"damage":0.0,"enemies":"3 Shapes","floor":45.0,"turns":8.0},{"damage":0.0,"enemies":"Sphere and 2 Shapes","floor":47.0,"turns":6.0},{"damage":19.0,"enemies":"Maw","floor":48.0,"turns":6.0},{"damage":0,"enemies":"Time Eater","floor":50,"turns":7}],"seed_played":"-2728600938428173576","potions_obtained":[{"floor":1.0,"key":"GhostInAJar"},{"floor":4.0,"key":"LiquidBronze"},{"floor":6.0,"key":"GamblersBrew"},{"floor":7.0,"key":"SteroidPotion"},{"floor":8.0,"key":"Swift Potion"},{"floor":10.0,"key":"Weak Potion"},{"floor":12.0,"key":"Block Potion"},{"floor":14.0,"key":"SpeedPotion"},{"floor":16.0,"key":"AttackPotion"},{"floor":18.0,"key":"Weak Potion"},{"floor":22.0,"key":"Regen Potion"},{"floor":23.0,"key":"Block Potion"},{"floor":28.0,"key":"Weak Potion"},{"floor":30.0,"key":"PowerPotion"},{"floor":31.0,"key":"Regen Potion"},{"floor":33.0,"key":"EssenceOfSteel"},{"floor":34.0,"key":"Fruit Juice"},{"floor":35.0,"key":"Weak Potion"},{"floor":37.0,"key":"Swift Potion"},{"floor":39.0,"key":"AttackPotion"},{"floor":42.0,"key":"Swift Potion"},{"floor":45.0,"key":"Ancient Potion"},{"floor":47.0,"key":"Fire Potion"},{"floor":48.0,"key":"LiquidBronze"}],"is_trial":false,"path_per_floor":["M","?","$","M","T","E","M","E","T","M","$","E","R","M","R","B",null,"M","?","?","$","M","E","M","?","T","T","E","R","E","M","R","B",null,"M","$","?","?","?","E","R","E","T","E","M","?","M","M","R","B"],"character_chosen":"THE_SILENT","items_purchased":["Footwork","Dagger Spray","Madness+1","Bouncing Flask+1","Well Laid Plans","Thread and Needle"],"campfire_rested":3,"item_purchase_floors":[3,3,11,11,21,36],"current_hp_per_floor":[63,52,52,52,52,45,41,16,16,15,15,25,49,41,41,41,70,59,59,40,40,40,39,39,39,39,39,39,39,40,40,40,40,45,47,47,13,13,13,19,34,40,47,49,57,57,57,42,57,57],"gold":210,"neow_bonus":"BOSS_RELIC","is_prod":false,"is_daily":false,"chose_seed":false,"campfire_upgraded":3,"win_rate":0,"timestamp":1531579522,"path_taken":["M","?","$","M","?","E","M","E","T","M","$","E","R","M","R","BOSS","M","?","?","$","M","E","M","?","T","?","E","R","E","?","R","BOSS","M","$","?","?","?","E","R","E","T","E","?","?","M","M","R","BOSS"],"build_version":"2018-07-12","purchased_purges":2,"victory":true,"max_hp_per_floor":[70,70,70,70,70,70,70,70,70,70,70,80,80,80,80,80,80,80,80,40,40,40,40,40,40,40,40,40,40,40,40,40,40,45,50,50,50,50,50,50,50,50,57,57,57,57,57,57,57,57],"card_choices":[{"not_picked":["Outmaneuver","PiercingWail"],"picked":"Cloak And Dagger","floor":1.0},{"not_picked":["Endless Agony","Deadly Poison"],"picked":"Dodge and Roll","floor":4.0},{"not_picked":["Cloak And Dagger+1","Endless Agony"],"picked":"Corpse Explosion+1","floor":6.0},{"not_picked":["Riddle With Holes","Poisoned Stab"],"picked":"Deflect+1","floor":7.0},{"not_picked":["Eviscerate","Riddle With Holes"],"picked":"Predator","floor":8.0},{"not_picked":["Prepared+1","Cloak And Dagger+1"],"picked":"Deflect+1","floor":10.0},{"not_picked":["PiercingWail+1","Backstab"],"picked":"Backflip+1","floor":12.0},{"not_picked":["Concentrate+1","Underhanded Strike"],"picked":"Bullet Time+1","floor":14.0},{"not_picked":["Night Terror+1","A Thousand Cuts"],"picked":"Venomology+1","floor":16.0},{"not_picked":["Calculated Gamble+1","Sucker Punch"],"picked":"Backflip+1","floor":18.0},{"not_picked":["Quick Slash","Deflect+1"],"picked":"Catalyst+1","floor":22.0},{"not_picked":["Dodge and Roll+1","Crippling Poison+1"],"picked":"Wraith Form v2","floor":23.0},{"not_picked":["Bane","Dagger Throw"],"picked":"Backflip+1","floor":24.0},{"not_picked":["Wraith Form v2","Cloak And Dagger+1","Poisoned Stab+1"],"picked":"SKIP","floor":28.0},{"not_picked":["Cloak And Dagger+1","Slice","Endless Agony+1"],"picked":"SKIP","floor":30.0},{"not_picked":["Slice","Caltrops","Masterful Stab+1"],"picked":"SKIP","floor":31.0},{"not_picked":["Backflip+1","Deflect+1","Poisoned Stab"],"picked":"SKIP","floor":31.0},{"not_picked":["Deflect+1","Poisoned Stab"],"picked":"Backflip+1","floor":31.0},{"not_picked":["Slice","Caltrops","Masterful Stab+1"],"picked":"SKIP","floor":31.0},{"not_picked":["Tools of the Trade","Tactician+1"],"picked":"Night Terror+1","floor":33.0},{"not_picked":["Distraction+1","Flechettes+1"],"picked":"Catalyst+1","floor":34.0},{"not_picked":["Slice","Flying Knee","Masterful Stab"],"picked":"SKIP","floor":35.0},{"not_picked":["Cloak And Dagger+1","Escape Plan+1","All Out Attack"],"picked":"SKIP","floor":35.0},{"not_picked":["Leg Sweep+1","Underhanded Strike"],"picked":"Blur+1","floor":37.0},{"not_picked":["Eviscerate","All Out Attack"],"picked":"Acrobatics+1","floor":40.0},{"not_picked":["Dash+1","Malaise+1","Cloak And Dagger+1"],"picked":"SKIP","floor":42.0},{"not_picked":["Dagger Spray+1","Predator"],"picked":"Deadly Poison+1","floor":44.0},{"not_picked":["Riddle With Holes","Dagger Spray+1","Masterful Stab+1"],"picked":"SKIP","floor":45.0},{"not_picked":["Flying Knee","Bullet Time+1","PiercingWail+1"],"picked":"SKIP","floor":45.0},{"not_picked":["Escape Plan+1","Acrobatics+1","Finisher+1"],"picked":"SKIP","floor":47.0},{"not_picked":["Underhanded Strike","Blur+1","Flying Knee"],"picked":"SKIP","floor":47.0},{"not_picked":["Footwork+1","Heel Hook"],"picked":"Deadly Poison+1","floor":48.0},{"not_picked":["PiercingWail+1","Blur+1","Dagger Throw"],"picked":"SKIP","floor":48.0}],"player_experience":458225,"relics_obtained":[{"floor":5.0,"key":"Toxic Egg 2"},{"floor":6.0,"key":"Orichalcum"},{"floor":8.0,"key":"Snake Skull"},{"floor":9.0,"key":"Paper Crane"},{"floor":12.0,"key":"Pear"},{"floor":23.0,"key":"Matryoshka"},{"floor":26.0,"key":"Vajra"},{"floor":26.0,"key":"Bottled Lightning"},{"floor":27.0,"key":"Happy Flower"},{"floor":27.0,"key":"Dodecahedron"},{"floor":28.0,"key":"Centennial Puzzle"},{"floor":30.0,"key":"Prayer Wheel"},{"floor":39.0,"key":"Bird Faced Urn"},{"floor":40.0,"key":"Omamori"},{"floor":42.0,"key":"Frozen Egg 2"},{"floor":43.0,"key":"Strawberry"},{"floor":44.0,"key":"Blood Vial"}],"event_choices":[{"event_name":"World of Goop","player_choice":"Gather Gold","floor":2.0,"damage_taken":0.0},{"event_name":"Wheel of Change","player_choice":"Curse","floor":19.0,"damage_taken":0.0},{"event_name":"Ghosts","player_choice":"Became a Ghost","floor":20.0,"damage_taken":0.0},{"event_name":"The Mausoleum","player_choice":"Yes","floor":25.0,"damage_taken":0.0},{"event_name":"Mysterious Sphere","player_choice":"Fight","floor":37.0,"damage_taken":0.0},{"event_name":"Tomb of Lord Red Mask","player_choice":"Paid","floor":38.0,"damage_taken":0.0},{"event_name":"MindBloom","player_choice":"Fight","floor":39.0,"damage_taken":0.0},{"event_name":"Upgrade Shrine","player_choice":"Upgraded","floor":46.0,"damage_taken":0.0}],"boss_relics":[{"not_picked":["Calling Bell","Philosopher\u0027s Stone"],"picked":"Runic Dome"},{"not_picked":["Velvet Choker","Sozu"],"picked":"Tiny House"}],"items_purged_floors":[3,21],"is_endless":false,"potions_floor_spawned":[1,4,6,7,8,10,12,14,16,18,22,23,24,28,30,31,33,35,37,39,40,42,44,45,47,48],"ascension_level":13}