{"gold_per_floor":[116,128,147,159,178,178,205,205,205,205,239,239,239,97,97,198,198,214,232,251,265,280,280,380,380,380,30,30,30,43,59,59,59],"floor_reached":33,"playtime":1583,"items_purged":["Strike_R","Strike_R"],"score":389,"play_id":"23aaf2ae-0184-4664-af08-a61c74cd5034","local_time":"20180705185539","is_ascension_mode":true,"campfire_choices":[{"data":"Shrug It Off","floor":6,"key":"SMITH"},{"data":"Carnage","floor":10,"key":"SMITH"},{"data":"Iron Wave","floor":12,"key":"SMITH"},{"floor":15,"key":"REST"},{"data":"Body Slam","floor":23,"key":"SMITH"},{"data":"Feel No Pain","floor":25,"key":"SMITH"},{"data":"Cleave","floor":32,"key":"SMITH"}],"neow_cost":"NONE","seed_source_timestamp":472626062420960,"circlet_count":0,"master_deck":["Strike_R","Strike_R","Defend_R","Defend_R","Defend_R","Defend_R","Bash","AscendersBane","Carnage+1","Sword Boomerang","Shrug It Off+1","Corruption","Iron Wave+1","Shockwave","Feel No Pain+1","Reaper","Cleave+1","Reckless Charge","Metallicize+1","Body Slam+1","Burning Pact+1"],"relics":["Runic Cube","Bag of Preparation","Torii","Mercury Hourglass","Meat on the Bone","Sozu","Gremlin Horn","Molten Egg 2"],"potions_floor_usage":[5,7,33],"damage_taken":[{"damage":11,"enemies":"Jaw Worm","floor":1,"turns":4},{"damage":0,"enemies":"Small Slimes","floor":2,"turns":5},{"damage":7,"enemies":"2 Louse","floor":3,"turns":2},{"damage":0,"enemies":"Large Slime","floor":4,"turns":5},{"damage":5,"enemies":"Gremlin Gang","floor":5,"turns":6},{"damage":8,"enemies":"Gremlin Nob","floor":7,"turns":3},{"damage":16,"enemies":"Lagavulin","floor":11,"turns":6},{"damage":15,"enemies":"The Guardian","floor":16,"turns":9},{"damage":12,"enemies":"Spheric Guardian","floor":18,"turns":5},{"damage":16,"enemies":"2 Thieves","floor":19,"turns":3},{"damage":3,"enemies":"Centurion and Healer","floor":20,"turns":5},{"damage":0,"enemies":"Chosen and Byrds","floor":21,"turns":4},{"damage":10,"enemies":"Snake Plant","floor":22,"turns":5},{"damage":15,"enemies":"Centurion and Healer","floor":30,"turns":6},{"damage":16,"enemies":"Chosen and Byrds","floor":31,"turns":5},{"damage":69,"enemies":"Automaton","floor":33,"turns":10}],"seed_played":"-7302326864759876358","potions_obtained":[{"floor":1,"key":"Poison Potion"},{"floor":2,"key":"FearPotion"},{"floor":11,"key":"GamblersBrew"}],"is_trial":false,"path_per_floor":["M","M","M","M","M","R","E","?","T","R","E","R","?","$","R","B",null,"M","M","M","M","M","R","?","R","T","$","?","$","M","M","R"],"character_chosen":"IRONCLAD","items_purchased":["Feel No Pain","Molten Egg 2"],"campfire_rested":1,"item_purchase_floors":[14,27],"current_hp_per_floor":[61,61,54,54,49,49,41,34,34,34,18,18,18,18,42,39,70,62,52,55,55,45,45,45,45,45,45,71,71,64,55,55,0],"gold":59,"neow_bonus":"BOSS_RELIC","is_prod":false,"is_daily":false,"chose_seed":false,"campfire_upgraded":6,"win_rate":0,"timestamp":1530831339,"path_taken":["M","M","M","M","M","R","E","?","T","R","E","R","?","$","R","BOSS","M","M","M","M","M","R","?","R","T","$","?","?","M","M","R","BOSS"],"build_version":"2018-06-28","purchased_purges":2,"victory":false,"max_hp_per_floor":[80,80,80,80,80,80,80,80,80,80,80,80,80,80,80,80,80,80,80,80,80,80,80,80,80,80,80,80,80,80,80,80,80],"card_choices":[{"not_picked":["Spot Weakness","Heavy Blade"],"picked":"Carnage","floor":1},{"not_picked":["Thunderclap","Wild Strike"],"picked":"Sword Boomerang","floor":2},{"not_picked":["Burning Pact","Fire Breathing","Perfected Strike"],"picked":"SKIP","floor":3},{"not_picked":["Clothesline","Searing Blow"],"picked":"Shrug It Off","floor":4},{"not_picked":["Rage","Clash","Sever Soul"],"picked":"SKIP","floor":5},{"not_picked":["Seeing Red","Bloodletting"],"picked":"Corruption","floor":7},{"not_picked":["Offering","Clothesline"],"picked":"Iron Wave","floor":11},{"not_picked":["Limit Break","Exhume"],"picked":"Reaper","floor":16},{"not_picked":["Spot Weakness","Twin Strike+1"],"picked":"Cleave","floor":18},{"not_picked":["Cleave","Burning Pact"],"picked":"Reckless Charge","floor":19},{"not_picked":["Intimidate+1","Thunderclap"],"picked":"Metallicize+1","floor":20},{"not_picked":["Power Through","Rupture","Anger"],"picked":"SKIP","floor":21},{"not_picked":["Havoc","Warcry"],"picked":"Body Slam","floor":22},{"not_picked":["Sever Soul+1","Sword Boomerang+1","Body Slam+1"],"picked":"SKIP","floor":30},{"not_picked":["Wild Strike+1","Fiend Fire+1"],"picked":"Burning Pact+1","floor":31}],"player_experience":380202,"relics_obtained":[{"floor":7,"key":"Bag of Preparation"},{"floor":9,"key":"Mercury Hourglass"},{"floor":11,"key":"Meat on the Bone"},{"floor":26,"key":"Gremlin Horn"}],"event_choices":[{"event_name":"Scrap Ooze","player_choice":"success","floor":8,"damage_taken":7},{"event_name":"Transmorgrifier","player_choice":"Transform","floor":13,"damage_taken":0},{"event_name":"Golden Shrine","player_choice":"Pray","floor":24,"damage_taken":0},{"event_name":"The Library","player_choice":"Heal","floor":28,"damage_taken":0}],"boss_relics":[{"not_picked":["White Beast Statue","Cursed Key"],"picked":"Sozu"}],"items_purged_floors":[14,27],"is_endless":false,"potions_floor_spawned":[1,2,11,20,21,22],"killed_by":"Automaton","ascension_level":10}