{"gold_per_floor":[112,37,49,49,66,99,99,130,142,154,66,81,81,106,106,210,210,223,223,223,223,298,298],"floor_reached":23,"playtime":5195,"items_purged":["Defend_G","Strike_G"],"score":330,"play_id":"885c73cd-cfb1-44ef-9c4b-e0cdc5bc70ee","local_time":"20180726170209","is_ascension_mode":false,"campfire_choices":[{"data":"Footwork","floor":7,"key":"SMITH"},{"data":"Poisoned Stab","floor":10,"key":"SMITH"},{"data":"Neutralize","floor":15,"key":"SMITH"}],"neow_cost":"","seed_source_timestamp":0,"circlet_count":0,"master_deck":["Defend_G","Defend_G","Defend_G","Defend_G","Strike_G","Strike_G","Strike_G","Survivor","Neutralize+1","Footwork+1","Poisoned Stab","Poisoned Stab+1","Terror","Deflect","Adrenaline","Infinite Blades+1"],"relics":["Ring of the Snake","Juzu Bracelet","Matryoshka","MawBank","Vajra","Blood Vial","Frozen Egg 2","White Beast Statue"],"potions_floor_usage":[6,6,14,16,23],"damage_taken":[{"damage":0,"enemies":"2 Louse","floor":1,"turns":3},{"damage":0,"enemies":"Small Slimes","floor":3,"turns":4},{"damage":0,"enemies":"Cultist","floor":5,"turns":6},{"damage":16,"enemies":"Gremlin Nob","floor":6,"turns":5},{"damage":8,"enemies":"Lagavulin","floor":8,"turns":9},{"damage":0,"enemies":"Looter","floor":12,"turns":3},{"damage":0,"enemies":"3 Sentries","floor":14,"turns":9},{"damage":2,"enemies":"Hexaghost","floor":16,"turns":8},{"damage":0,"enemies":"Shell Parasite","floor":18,"turns":6},{"damage":97,"enemies":"Gremlin Leader","floor":23,"turns":10}],"seed_played":"7488091725471680561","potions_obtained":[{"floor":1,"key":"AttackPotion"},{"floor":5,"key":"Poison Potion"},{"floor":8,"key":"Block Potion"},{"floor":14,"key":"Block Potion"},{"floor":18,"key":"Regen Potion"}],"is_trial":true,"path_per_floor":["M","$","M","?","M","E","R","E","T","R","$","M","?","E","R","B",null,"M","?","?","?","?"],"character_chosen":"THE_SILENT","items_purchased":[],"campfire_rested":0,"item_purchase_floors":[],"current_hp_per_floor":[70,70,70,67,67,51,51,43,43,43,43,45,38,40,40,40,70,70,70,70,70,63,0],"gold":298,"neow_bonus":"","is_prod":false,"is_daily":false,"chose_seed":false,"campfire_upgraded":3,"win_rate":0,"timestamp":1532620929,"path_taken":["M","$","M","?","M","E","R","E","T","R","$","M","?","E","R","BOSS","M","?","?","?","?","E"],"build_version":"2018-07-19v2","purchased_purges":2,"victory":false,"max_hp_per_floor":[70,70,70,70,70,70,70,70,70,70,70,70,70,70,70,70,70,70,70,70,70,70,70],"card_choices":[{"not_picked":["Crippling Poison","Slice"],"picked":"Footwork","floor":1},{"not_picked":["Acrobatics","Dagger Throw","All Out Attack"],"picked":"SKIP","floor":3},{"not_picked":["Masterful Stab","Blade Dance"],"picked":"Poisoned Stab","floor":5},{"not_picked":["Outmaneuver","Phantasmal Killer"],"picked":"Poisoned Stab","floor":6},{"not_picked":["PiercingWail","Flying Knee","Finisher"],"picked":"SKIP","floor":8},{"not_picked":["Quick Slash","Caltrops"],"picked":"Terror","floor":12},{"not_picked":["Underhanded Strike","Flying Knee"],"picked":"Deflect","floor":14},{"not_picked":["Envenom+1","Phantasmal Killer"],"picked":"Adrenaline","floor":16},{"not_picked":["Distraction+1","Deflect","Riddle With Holes+1"],"picked":"SKIP","floor":18}],"player_experience":331987,"relics_obtained":[{"floor":6,"key":"Matryoshka"},{"floor":8,"key":"MawBank"},{"floor":9,"key":"Vajra"},{"floor":9,"key":"Blood Vial"},{"floor":14,"key":"Frozen Egg 2"}],"event_choices":[{"event_name":"Scrap Ooze","player_choice":"success","floor":4,"damage_taken":3},{"event_name":"Golden Wing","player_choice":"Card Removal","floor":13,"damage_taken":0},{"event_name":"N\u0027loth","player_choice":"Ignored","floor":19,"damage_taken":0},{"event_name":"Ghosts","player_choice":"Ignored","floor":20,"damage_taken":0},{"event_name":"The Library","player_choice":"Read","floor":21,"damage_taken":0},{"event_name":"FaceTrader","player_choice":"Touch","floor":22,"damage_taken":0}],"is_beta":false,"boss_relics":[{"not_picked":["Lizard Tail","WristBlade"],"picked":"White Beast Statue"}],"items_purged_floors":[2,11],"is_endless":true,"potions_floor_spawned":[1,5,8,14,18],"killed_by":"Gremlin Leader","ascension_level":0}