{"gold_per_floor":[118,134,59,76,91,91,103,103,128,146,158,177,77,106,106,106],"floor_reached":16,"playtime":1686,"items_purged":["Defend_G","Strike_G"],"score":156,"play_id":"6a323a17-6362-45d5-a279-85ba70bb73a5","local_time":"20180726173110","is_ascension_mode":false,"campfire_choices":[{"data":"Distraction","floor":6,"key":"SMITH"},{"data":"Neutralize","floor":8,"key":"SMITH"},{"floor":15,"key":"REST"}],"neow_cost":"","seed_source_timestamp":0,"circlet_count":0,"master_deck":["Defend_G","Defend_G","Defend_G","Defend_G+1","Strike_G","Strike_G","Strike_G","Strike_G","Survivor","Neutralize+1","Distraction+1","Backflip+1","Well Laid Plans","Backstab","Poisoned Stab","Tactician","Terror","Backstab"],"relics":["Ring of the Snake","Dream Catcher","War Paint"],"potions_floor_usage":[11,11,14],"damage_taken":[{"damage":0,"enemies":"2 Louse","floor":1,"turns":4},{"damage":1,"enemies":"Jaw Worm","floor":2,"turns":5},{"damage":2,"enemies":"Small Slimes","floor":4,"turns":4},{"damage":0,"enemies":"Blue Slaver","floor":5,"turns":5},{"damage":2,"enemies":"Lots of Slimes","floor":7,"turns":3},{"damage":8,"enemies":"Exordium Thugs","floor":10,"turns":8},{"damage":0,"enemies":"3 Louse","floor":11,"turns":2},{"damage":2,"enemies":"Looter","floor":12,"turns":3},{"damage":24,"enemies":"Lagavulin","floor":14,"turns":7},{"damage":54,"enemies":"Slime Boss","floor":16,"turns":11}],"seed_played":"-755309902714375667","potions_obtained":[{"floor":1,"key":"Block Potion"},{"floor":2,"key":"Swift Potion"},{"floor":12,"key":"AttackPotion"}],"is_trial":true,"path_per_floor":["M","M","$","M","M","R","M","R","T","M","M","M","$","E","R"],"character_chosen":"THE_SILENT","items_purchased":[],"campfire_rested":1,"item_purchase_floors":[],"current_hp_per_floor":[70,69,69,67,67,67,65,65,65,57,57,55,55,31,52,0],"gold":106,"neow_bonus":"","is_prod":false,"is_daily":false,"chose_seed":false,"campfire_upgraded":2,"win_rate":0,"timestamp":1532622670,"path_taken":["M","M","$","M","M","R","M","R","T","M","M","M","$","E","R","BOSS"],"build_version":"2018-07-19v2","purchased_purges":2,"victory":false,"max_hp_per_floor":[70,70,70,70,70,70,70,70,70,70,70,70,70,70,70,70],"card_choices":[{"not_picked":["Expertise","Tactician"],"picked":"Distraction","floor":1},{"not_picked":["Poisoned Stab","Cloak And Dagger"],"picked":"Backflip","floor":2},{"not_picked":["Flying Knee","Malaise"],"picked":"Well Laid Plans","floor":4},{"not_picked":["Eviscerate","Flying Knee","Slice"],"picked":"SKIP","floor":5},{"not_picked":["Flying Knee","Reflex","Blade Dance"],"picked":"SKIP","floor":7},{"not_picked":["PiercingWail","Backflip"],"picked":"Backstab","floor":10},{"not_picked":["Masterful Stab","Outmaneuver"],"picked":"Poisoned Stab","floor":11},{"not_picked":["Bane","Dagger Spray"],"picked":"Tactician","floor":12},{"not_picked":["Outmaneuver","Predator"],"picked":"Terror","floor":14},{"not_picked":["Slice","Dagger Spray"],"picked":"Backstab","floor":15}],"player_experience":337182,"relics_obtained":[{"floor":9,"key":"Dream Catcher"},{"floor":14,"key":"War Paint"}],"event_choices":[],"is_beta":false,"boss_relics":[],"items_purged_floors":[3,13],"is_endless":true,"potions_floor_spawned":[1,2,12],"killed_by":"Slime Boss","ascension_level":0}