{"gold_per_floor":[116,129,204,169,169,169,197,211,211,241,241,253,253,23,23,96,96,114,130,148,148,148,174,174,201,201,201,230,280,280,298,298,374,374,386,486,501,74,94,94,106,119,119,119,119,119,133,167,167,167],"floor_reached":51,"playtime":2173,"items_purged":[],"score":1496,"play_id":"11dfa0c7-dc97-442f-b030-d23c1f0a9297","local_time":"20190227143901","is_ascension_mode":true,"campfire_choices":[{"data":"Genetic Algorithm","floor":6,"key":"SMITH"},{"data":"Zap","floor":11,"key":"SMITH"},{"data":"Beam Cell","floor":15,"key":"SMITH"},{"floor":24,"key":"REST"},{"floor":30,"key":"REST"},{"floor":32,"key":"RECALL"},{"floor":40,"key":"REST"},{"floor":46,"key":"REST"},{"floor":49,"key":"REST"}],"neow_cost":"NONE","seed_source_timestamp":1259345610603042,"circlet_count":0,"master_deck":["AscendersBane","Strike_B+1","Strike_B+1","Defend_B+1","Defend_B+1","Defend_B+1","Defend_B+1","Zap+1","Dualcast","Genetic Algorithm+1","Cold Snap","Rebound","Sweeping Beam","Beam Cell+1","Electrodynamics+1","Steam+1","Doom and Gloom","Conserve Battery+1","Static Discharge+1","Fission+1","Coolheaded+1","Coolheaded+1","Buffer+1","Conserve Battery+1","Steam Power+1","RitualDagger","Lockon+1","Go for the Eyes","Creative AI+1","Double Energy+1","FTL","Defragment+1","Force Field+1","Stack+1","Mayhem+1","Compile Driver","Go for the Eyes+1","Parasite","Beam Cell","Cold Snap","Enlightenment+1","Creative AI+1","Redo+1","Reinforced Body+1"],"relics":["FrozenCore","NeowsBlessing","Emotion Chip","Toxic Egg 2","Frozen Egg 2","Fusion Hammer","Pear","Strawberry","Sundial","Ornamental Fan","Calipers","Letter Opener","Bottled Flame"],"potions_floor_usage":[10,18,23,23,31,41,47,50,50],"damage_taken":[{"damage":0,"enemies":"Small Slimes","floor":1,"turns":1},{"damage":0,"enemies":"Jaw Worm","floor":2,"turns":1},{"damage":0,"enemies":"Lagavulin","floor":7,"turns":2},{"damage":2,"enemies":"2 Louse","floor":8,"turns":2},{"damage":12,"enemies":"Gremlin Nob","floor":10,"turns":4},{"damage":2,"enemies":"Exordium Wildlife","floor":12,"turns":3},{"damage":21,"enemies":"The Guardian","floor":16,"turns":8},{"damage":8,"enemies":"Shell Parasite","floor":18,"turns":3},{"damage":0,"enemies":"3 Byrds","floor":19,"turns":2},{"damage":0,"enemies":"Cultist and Chosen","floor":20,"turns":4},{"damage":19,"enemies":"Slavers","floor":23,"turns":5},{"damage":20,"enemies":"Gremlin Leader","floor":25,"turns":5},{"damage":0,"enemies":"Slavers","floor":28,"turns":4},{"damage":0,"enemies":"Centurion and Healer","floor":31,"turns":5},{"damage":4,"enemies":"Champ","floor":33,"turns":13},{"damage":1,"enemies":"Orb Walker","floor":35,"turns":5},{"damage":12,"enemies":"Mind Bloom Boss Battle","floor":36,"turns":10},{"damage":0,"enemies":"3 Shapes","floor":37,"turns":3},{"damage":7,"enemies":"Jaw Worm Horde","floor":39,"turns":3},{"damage":0,"enemies":"Writhing Mass","floor":41,"turns":10},{"damage":41,"enemies":"3 Darklings","floor":42,"turns":7},{"damage":19,"enemies":"Jaw Worm Horde","floor":47,"turns":4},{"damage":0,"enemies":"Nemesis","floor":48,"turns":9},{"damage":6,"enemies":"Time Eater","floor":50,"turns":11}],"seed_played":"3529505250865352617","potions_obtained":[{"floor":1,"key":"Fire Potion"},{"floor":2,"key":"Regen Potion"},{"floor":18,"key":"EssenceOfSteel"},{"floor":20,"key":"LiquidBronze"},{"floor":25,"key":"Energy Potion"},{"floor":35,"key":"GamblersBrew"},{"floor":36,"key":"FocusPotion"},{"floor":42,"key":"FocusPotion"},{"floor":48,"key":"Strength Potion"}],"is_trial":false,"path_per_floor":["M","M","?","?","?","R","E","M","T","E","R","M","?","$","R","B",null,"M","M","M","?","?","E","R","E","T","?","E","?","R","M","R","B",null,"M","?","M","$","M","R","M","M","T","?","?","R","M","E","R","B",null],"character_chosen":"DEFECT","items_purchased":["Doom and Gloom","Conserve Battery+1","Static Discharge+1","Defragment+1","Force Field+1","Stack+1","Mayhem+1","Compile Driver"],"campfire_rested":5,"item_purchase_floors":[14,14,14,38,38,38,38,38],"current_hp_per_floor":[64,64,53,70,70,70,70,68,68,56,56,54,54,54,54,33,62,63,63,63,63,63,54,78,65,65,59,59,59,85,85,85,81,86,85,73,73,73,66,88,88,47,47,47,47,73,54,54,80,74],"gold":167,"neow_bonus":"THREE_ENEMY_KILL","is_prod":false,"is_daily":false,"chose_seed":false,"campfire_upgraded":3,"win_rate":0,"timestamp":1551296341,"path_taken":["M","M","?","?","?","R","E","M","T","E","R","?","?","$","R","BOSS","M","?","M","?","?","E","R","E","T","?","E","?","R","M","R","BOSS","M","?","M","$","M","R","M","M","T","?","?","R","M","E","R","BOSS"],"build_version":"2019-01-23","purchased_purges":0,"victory":true,"max_hp_per_floor":[71,71,71,71,71,71,71,71,71,71,71,71,71,71,71,71,71,71,71,71,71,71,81,81,88,88,88,88,88,88,88,88,88,88,88,88,88,88,88,88,88,88,88,88,88,88,88,88,88,88],"card_choices":[{"not_picked":["Ball Lightning","Sunder"],"picked":"Genetic Algorithm","floor":1},{"not_picked":["Rebound","Go for the Eyes"],"picked":"Cold Snap","floor":2},{"not_picked":["Leap","Skim"],"picked":"Sweeping Beam","floor":7},{"not_picked":["Recycle","Coolheaded"],"picked":"Beam Cell","floor":8},{"not_picked":["Chaos+1","Hyperbeam"],"picked":"Electrodynamics","floor":10},{"not_picked":["Redo+1","Beam Cell"],"picked":"Steam+1","floor":12},{"not_picked":["All For One","Seek+1"],"picked":"Fission+1","floor":16},{"not_picked":["Static Discharge+1","Ball Lightning"],"picked":"Coolheaded+1","floor":18},{"not_picked":["Recycle+1","Blizzard"],"picked":"Coolheaded+1","floor":19},{"not_picked":["Melter","Steam+1"],"picked":"Buffer+1","floor":20},{"not_picked":["Sweeping Beam","Static Discharge+1"],"picked":"Conserve Battery+1","floor":23},{"not_picked":["All For One","Sweeping Beam"],"picked":"Steam Power+1","floor":25},{"not_picked":["Coolheaded+1","Melter"],"picked":"Lockon+1","floor":28},{"not_picked":["Sweeping Beam","Genetic Algorithm+1"],"picked":"Go for the Eyes","floor":31},{"not_picked":["All For One","Fission+1"],"picked":"Creative AI+1","floor":33},{"not_picked":["Go for the Eyes","Compile Driver"],"picked":"Double Energy+1","floor":35},{"not_picked":["Compile Driver","Beam Cell"],"picked":"FTL","floor":36},{"not_picked":["Ball Lightning","Fusion+1","Tempest+1"],"picked":"SKIP","floor":37},{"not_picked":["Streamline","Self Repair+1"],"picked":"Go for the Eyes+1","floor":39},{"not_picked":["Rebound","Recycle+1"],"picked":"Beam Cell","floor":41},{"not_picked":["Genetic Algorithm+1","Auto Shields+1"],"picked":"Cold Snap","floor":42},{"not_picked":["Forethought+1","PanicButton+1"],"picked":"Enlightenment+1","floor":44},{"not_picked":["Coolheaded+1","Rebound"],"picked":"Redo+1","floor":47},{"not_picked":["Chaos+1","Steam+1"],"picked":"Reinforced Body+1","floor":48}],"player_experience":401263,"relics_obtained":[{"floor":7,"key":"Emotion Chip"},{"floor":9,"key":"Toxic Egg 2"},{"floor":10,"key":"Frozen Egg 2"},{"floor":23,"key":"Pear"},{"floor":25,"key":"Strawberry"},{"floor":26,"key":"Sundial"},{"floor":28,"key":"Ornamental Fan"},{"floor":36,"key":"Calipers"},{"floor":43,"key":"Letter Opener"},{"floor":48,"key":"Bottled Flame"}],"event_choices":[{"damage_healed":0,"gold_gain":75,"player_choice":"Gather Gold","damage_taken":11,"max_hp_gain":0,"max_hp_loss":0,"event_name":"World of Goop","floor":3,"gold_loss":0},{"damage_healed":17,"gold_gain":0,"player_choice":"Healed","damage_taken":0,"max_hp_gain":0,"max_hp_loss":0,"event_name":"The Cleric","floor":4,"gold_loss":35},{"damage_healed":0,"gold_gain":0,"cards_transformed":["Strike_B"],"player_choice":"Change","damage_taken":0,"max_hp_gain":0,"max_hp_loss":0,"event_name":"Living Wall","floor":5,"gold_loss":0,"cards_obtained":["Rebound"]},{"cards_removed":["Strike_B"],"damage_healed":0,"gold_gain":0,"player_choice":"Offered Basic","damage_taken":0,"max_hp_gain":0,"max_hp_loss":0,"event_name":"Bonfire Elementals","floor":13,"gold_loss":0},{"damage_healed":0,"gold_gain":0,"player_choice":"Simplicity","damage_taken":0,"max_hp_gain":0,"max_hp_loss":0,"event_name":"Back to Basics","floor":21,"gold_loss":0,"cards_upgraded":["Strike_B","Strike_B","Defend_B","Defend_B","Defend_B","Defend_B"]},{"damage_healed":0,"gold_gain":0,"player_choice":"Ignored","damage_taken":0,"max_hp_gain":0,"max_hp_loss":0,"event_name":"Vampires","floor":22,"gold_loss":0},{"damage_healed":0,"gold_gain":0,"player_choice":"Joined the Cult","damage_taken":6,"max_hp_gain":0,"max_hp_loss":0,"event_name":"Nest","floor":27,"gold_loss":0,"cards_obtained":["RitualDagger"]},{"damage_healed":0,"gold_gain":50,"player_choice":"Pray","damage_taken":0,"max_hp_gain":0,"max_hp_loss":0,"event_name":"Golden Shrine","floor":29,"gold_loss":0},{"damage_healed":0,"gold_gain":0,"player_choice":"Fight","damage_taken":0,"max_hp_gain":0,"max_hp_loss":0,"event_name":"MindBloom","floor":36,"gold_loss":0},{"damage_healed":0,"gold_gain":0,"player_choice":"Memory 1","damage_taken":0,"max_hp_gain":0,"max_hp_loss":0,"event_name":"SensoryStone","floor":44,"gold_loss":0},{"damage_healed":0,"gold_gain":0,"player_choice":"1 cards matched","damage_taken":0,"max_hp_gain":0,"max_hp_loss":0,"event_name":"Match and Keep!","floor":45,"gold_loss":0,"cards_obtained":["Creative AI"]}],"is_beta":false,"boss_relics":[{"not_picked":["Coffee Dripper","Tiny House"],"picked":"Fusion Hammer"},{"not_picked":["Astrolabe","Sozu"],"picked":"FrozenCore"}],"items_purged_floors":[],"is_endless":false,"potions_floor_spawned":[1,2,7,18,20,25,35,36,42,48],"ascension_level":17}