{"gold_per_floor":[110,110,122,122,122,122],"floor_reached":6,"playtime":189,"items_purged":[],"score":51,"play_id":"f927eded-a696-4e90-b5b3-80f816d4ca46","local_time":"20190226194133","is_ascension_mode":true,"campfire_choices":[],"neow_cost":"NONE","seed_source_timestamp":1193088474902285,"circlet_count":0,"master_deck":["AscendersBane","Defend_G","Defend_G","Defend_G","Defend_G","Defend_G","Strike_G","Strike_G","Strike_G","Strike_G","Strike_G","Survivor","Neutralize","Writhe","Parasite","Footwork","Malaise","Masterful Stab","Wraith Form v2"],"relics":["Calling Bell","Juzu Bracelet","Pear","Prayer Wheel","Blood Vial"],"potions_floor_usage":[],"damage_taken":[{"damage":17,"enemies":"Small Slimes","floor":1,"turns":6},{"damage":11,"enemies":"2 Louse","floor":3,"turns":3},{"damage":14,"enemies":"Lagavulin","floor":6,"turns":9}],"seed_played":"5210212421016461330","potions_obtained":[{"floor":3,"key":"Strength Potion"}],"is_trial":false,"path_per_floor":["M","?","M","?","?","E"],"character_chosen":"THE_SILENT","items_purchased":[],"campfire_rested":0,"item_purchase_floors":[],"current_hp_per_floor":[56,53,44,44,44,32],"gold":122,"neow_bonus":"BOSS_RELIC","is_prod":false,"is_daily":false,"chose_seed":false,"campfire_upgraded":0,"win_rate":0,"timestamp":1551228093,"path_taken":["M","?","M","?","?","E"],"build_version":"2019-01-23","purchased_purges":0,"victory":false,"max_hp_per_floor":[80,80,80,80,80,80],"card_choices":[{"not_picked":["Skewer","Acrobatics"],"picked":"Footwork","floor":1},{"not_picked":["Bane","Reflex","Riddle With Holes"],"picked":"SKIP","floor":1},{"not_picked":["Eviscerate","Calculated Gamble"],"picked":"Malaise","floor":3},{"not_picked":["Quick Slash","Prepared"],"picked":"Masterful Stab","floor":3}],"player_experience":393892,"relics_obtained":[{"floor":0,"key":"Juzu Bracelet"},{"floor":0,"key":"Pear"},{"floor":0,"key":"Prayer Wheel"}],"event_choices":[{"damage_healed":0,"gold_gain":0,"player_choice":"Success","damage_taken":3,"relics_obtained":["Blood Vial"],"max_hp_gain":0,"max_hp_loss":0,"event_name":"Scrap Ooze","floor":2,"gold_loss":0},{"damage_healed":0,"gold_gain":0,"player_choice":"1 cards matched","damage_taken":0,"max_hp_gain":0,"max_hp_loss":0,"event_name":"Match and Keep!","floor":4,"gold_loss":0,"cards_obtained":["Wraith Form v2"]},{"cards_removed":["Regret"],"damage_healed":0,"gold_gain":0,"player_choice":"Forget","damage_taken":0,"max_hp_gain":0,"max_hp_loss":0,"event_name":"Living Wall","floor":5,"gold_loss":0}],"is_beta":false,"boss_relics":[],"items_purged_floors":[],"is_endless":false,"potions_floor_spawned":[3],"killed_by":"Lagavulin","ascension_level":10}