{"gold_per_floor":[111,14,14,14,14,48,48,48,48,73,116,116,116,160,160,160],"floor_reached":16,"playtime":284,"items_purged":[],"score":264,"play_id":"10db26ab-2ce8-49e3-b4e3-481138dada3b","local_time":"20190313210927","is_ascension_mode":true,"campfire_choices":[{"data":"Defragment","floor":8,"key":"SMITH"},{"data":"Zap","floor":13,"key":"SMITH"},{"data":"Rainbow","floor":15,"key":"SMITH"}],"neow_cost":"NONE","seed_source_timestamp":12455006587691,"circlet_count":0,"master_deck":["AscendersBane","Strike_B","Strike_B","Strike_B","Strike_B","Defend_B","Defend_B","Defend_B","Defend_B+1","Zap+1","Dualcast+1","Ball Lightning","Defragment+1","Injury","Compile Driver","Beam Cell+1","Rainbow+1","Coolheaded"],"relics":["Cracked Core","NeowsBlessing","Golden Idol","Mummified Hand","Omamori","Molten Egg 2","War Paint","Calipers","Bottled Lightning"],"potions_floor_usage":[11,14],"damage_taken":[{"damage":0,"enemies":"Cultist","floor":1,"turns":1},{"damage":0,"enemies":"3 Sentries","floor":6,"turns":1},{"damage":0,"enemies":"Jaw Worm","floor":10,"turns":1},{"damage":11,"enemies":"Gremlin Nob","floor":11,"turns":3},{"damage":20,"enemies":"3 Sentries","floor":14,"turns":5},{"damage":40,"enemies":"The Guardian","floor":16,"turns":6}],"seed_played":"6816154430509116635","potions_obtained":[{"floor":6,"key":"GamblersBrew"}],"is_trial":false,"path_per_floor":["M","$","?","$","?","E","T","R","T","M","E","?","R","E","R","B"],"character_chosen":"DEFECT","items_purchased":["Defragment","Dexterity Potion"],"campfire_rested":0,"item_purchase_floors":[2,2],"current_hp_per_floor":[64,64,64,64,69,69,69,69,69,69,58,58,58,38,38,0],"gold":160,"neow_bonus":"THREE_ENEMY_KILL","is_prod":false,"is_daily":false,"chose_seed":false,"campfire_upgraded":3,"win_rate":0,"timestamp":1552525767,"path_taken":["M","?","?","$","?","E","?","R","T","M","E","?","R","E","R","BOSS"],"build_version":"2019-01-23","purchased_purges":0,"victory":false,"max_hp_per_floor":[71,71,71,71,76,76,76,76,76,76,76,76,76,76,76,76],"card_choices":[{"not_picked":["Force Field","Steam"],"picked":"Ball Lightning","floor":1},{"not_picked":["Hologram","Redo"],"picked":"Compile Driver","floor":6},{"not_picked":["Skim","Streamline+1"],"picked":"Beam Cell+1","floor":10},{"not_picked":["Steam","Skim"],"picked":"Rainbow","floor":11},{"not_picked":["Steam","Consume"],"picked":"Coolheaded","floor":14}],"player_experience":439930,"relics_obtained":[{"floor":6,"key":"Mummified Hand"},{"floor":7,"key":"Omamori"},{"floor":9,"key":"Molten Egg 2"},{"floor":11,"key":"War Paint"},{"floor":14,"key":"Bottled Lightning"}],"event_choices":[{"damage_healed":0,"gold_gain":0,"player_choice":"Take Wound","damage_taken":0,"relics_obtained":["Golden Idol"],"max_hp_gain":0,"max_hp_loss":0,"event_name":"Golden Idol","floor":3,"gold_loss":0,"cards_obtained":["Injury"]},{"damage_healed":0,"gold_gain":0,"player_choice":"Donut","damage_taken":0,"max_hp_gain":5,"max_hp_loss":0,"event_name":"Big Fish","floor":5,"gold_loss":0},{"damage_healed":0,"gold_gain":0,"player_choice":"Searched \u00271\u0027 times","damage_taken":0,"relics_obtained":["Calipers"],"max_hp_gain":0,"max_hp_loss":0,"event_name":"Dead Adventurer","floor":12,"gold_loss":0}],"is_beta":false,"boss_relics":[],"items_purged_floors":[],"is_endless":false,"potions_floor_spawned":[6,10],"killed_by":"The Guardian","ascension_level":18}