{"gold_per_floor":[117,130,130,149,172,199,149,149,149,179,179,191,226,237,237,336,336,356,356,12,32,32,32,51,51,130,130,149,169,201,201,201,201],"floor_reached":33,"playtime":1748,"items_purged":["Strike_G"],"score":428,"play_id":"be84330b-5842-4625-9c20-323b8f37778e","local_time":"20190307225232","is_ascension_mode":true,"campfire_choices":[{"floor":8.0,"key":"REST"},{"floor":11.0,"key":"REST"},{"data":"Well Laid Plans","floor":15,"key":"SMITH"},{"data":"Adrenaline","floor":23,"key":"SMITH"},{"floor":25,"key":"REST"},{"data":"Noxious Fumes","floor":27,"key":"SMITH"},{"data":"Noxious Fumes","floor":32,"key":"SMITH"}],"neow_cost":"NONE","seed_source_timestamp":0,"circlet_count":0,"master_deck":["AscendersBane","Defend_G","Defend_G+1","Defend_G","Defend_G","Defend_G","Survivor","Neutralize","Quick Slash","Dagger Throw","Backflip+1","PiercingWail","Dash","Deadly Poison","Deadly Poison","Well Laid Plans+1","Adrenaline+1","Cloak And Dagger+1","Finesse","Noxious Fumes+1","Calculated Gamble","Backflip","Noxious Fumes+1","Dodge and Roll+1","Cloak And Dagger+1","Cloak And Dagger","Finisher"],"special_seed":0,"relics":["Sozu","War Paint","Darkstone Periapt","Shuriken","Calipers","Bottled Lightning","WristBlade","ClockworkSouvenir","Meat on the Bone","Letter Opener"],"potions_floor_usage":[],"damage_taken":[{"damage":3.0,"enemies":"Small Slimes","floor":1.0,"turns":4.0},{"damage":0.0,"enemies":"Cultist","floor":2.0,"turns":4.0},{"damage":0.0,"enemies":"2 Louse","floor":4.0,"turns":3.0},{"damage":27.0,"enemies":"3 Sentries","floor":6.0,"turns":12.0},{"damage":31.0,"enemies":"Gremlin Nob","floor":10.0,"turns":5.0},{"damage":0.0,"enemies":"Blue Slaver","floor":12.0,"turns":4.0},{"damage":9,"enemies":"Lagavulin","floor":13,"turns":6},{"damage":0,"enemies":"Lots of Slimes","floor":14,"turns":5},{"damage":16,"enemies":"The Guardian","floor":16,"turns":9},{"damage":0,"enemies":"Chosen","floor":18,"turns":4},{"damage":2,"enemies":"2 Thieves","floor":21,"turns":5},{"damage":16,"enemies":"Centurion and Healer","floor":24,"turns":6},{"damage":0,"enemies":"Snake Plant","floor":28,"turns":5},{"damage":4,"enemies":"Cultist and Chosen","floor":29,"turns":6},{"damage":19,"enemies":"Slavers","floor":30,"turns":6},{"damage":43,"enemies":"Collector","floor":33,"turns":5}],"seed_played":"607266040683893184","potions_obtained":[],"is_trial":false,"path_per_floor":["M","M","?","M","T","E","?","R","T","E","R","M","E","M","R","B",null,"M","?","$","M","$","R","M","R","T","R","M","M","E","?","R","B"],"character_chosen":"THE_SILENT","items_purchased":["Noxious Fumes","ClockworkSouvenir"],"campfire_rested":3,"item_purchase_floors":[20,20],"current_hp_per_floor":[60,60,60,60,60,33,33,54,54,23,44,44,35,35,35,19,57,57,43,43,41,41,41,25,46,46,46,46,42,35,35,35,0],"gold":201,"neow_bonus":"BOSS_RELIC","is_prod":false,"is_daily":false,"chose_seed":false,"campfire_upgraded":4,"win_rate":0,"timestamp":1552017152,"path_taken":["M","M","?","?","?","E","?","R","T","E","R","M","E","M","R","BOSS","M","?","$","?","$","R","M","R","T","R","M","M","E","?","R","BOSS"],"build_version":"2019-01-23","purchased_purges":1,"victory":false,"max_hp_per_floor":[70,70,70,70,70,70,70,70,70,70,70,70,70,70,70,70,70,70,70,70,70,70,70,70,70,70,70,70,70,70,70,70,70],"card_choices":[{"not_picked":["Finisher","Slice"],"picked":"Quick Slash","floor":1.0},{"not_picked":["Underhanded Strike","Eviscerate"],"picked":"Dagger Throw","floor":2.0},{"not_picked":["Sucker Punch","Blade Dance"],"picked":"Backflip","floor":4.0},{"not_picked":["Sucker Punch","Tools of the Trade"],"picked":"PiercingWail","floor":6.0},{"not_picked":["Quick Slash","Deadly Poison"],"picked":"Dash","floor":10.0},{"not_picked":["Sucker Punch","Eviscerate"],"picked":"Deadly Poison","floor":12.0},{"not_picked":["Slice","PiercingWail"],"picked":"Deadly Poison","floor":13},{"not_picked":["Acrobatics","Leg Sweep"],"picked":"Well Laid Plans","floor":14},{"not_picked":["Tools of the Trade","Storm of Steel"],"picked":"Adrenaline","floor":16},{"not_picked":["Infinite Blades","Outmaneuver"],"picked":"Cloak And Dagger+1","floor":18},{"not_picked":["Blade Dance","Terror"],"picked":"Calculated Gamble","floor":21},{"not_picked":["Deadly Poison","Escape Plan"],"picked":"Backflip","floor":24},{"not_picked":["Poisoned Stab","Masterful Stab"],"picked":"Noxious Fumes","floor":28},{"not_picked":["Quick Slash","Setup"],"picked":"Dodge and Roll+1","floor":29},{"not_picked":["Bane+1","Noxious Fumes+1"],"picked":"Cloak And Dagger+1","floor":30}],"player_experience":422648,"relics_obtained":[{"floor":5.0,"key":"War Paint"},{"floor":6.0,"key":"Darkstone Periapt"},{"floor":9.0,"key":"Shuriken"},{"floor":10.0,"key":"Calipers"},{"floor":13,"key":"Bottled Lightning"},{"floor":26,"key":"Meat on the Bone"},{"floor":30,"key":"Letter Opener"}],"event_choices":[{"cards_removed":["Strike_G"],"damage_healed":0.0,"max_hp_gain":0.0,"max_hp_loss":0.0,"gold_gain":0.0,"event_name":"Bonfire Elementals","player_choice":"Offered Basic","floor":3.0,"gold_loss":0.0,"damage_taken":0.0},{"cards_removed":["Strike_G"],"damage_healed":0.0,"max_hp_gain":0.0,"max_hp_loss":0.0,"gold_gain":0.0,"event_name":"The Cleric","player_choice":"Card Removal","floor":7.0,"gold_loss":50.0,"damage_taken":0.0},{"damage_healed":0,"gold_gain":0,"player_choice":"CARD ","damage_taken":14,"max_hp_gain":0,"max_hp_loss":0,"event_name":"Knowing Skull","floor":19,"potions_obtained":[],"gold_loss":0,"cards_obtained":["Finesse"]},{"damage_healed":0,"gold_gain":0,"player_choice":"CARD ","damage_taken":14,"max_hp_gain":0,"max_hp_loss":0,"event_name":"Knowing Skull","floor":19,"potions_obtained":[],"gold_loss":0,"cards_obtained":["Finesse"]},{"damage_healed":0,"gold_gain":0,"cards_transformed":["Strike_G","Strike_G"],"player_choice":"Became Test Subject","damage_taken":0,"max_hp_gain":0,"max_hp_loss":0,"event_name":"Drug Dealer","floor":31,"gold_loss":0,"cards_obtained":["Cloak And Dagger","Finisher"]}],"is_beta":false,"boss_relics":[{"not_picked":["Runic Dome","Fusion Hammer"],"picked":"WristBlade"}],"items_purged_floors":[20],"is_endless":false,"potions_floor_spawned":[1,10,13,16,18,21],"killed_by":"Collector","ascension_level":10}