{"gold_per_floor":[114,114,129,144,159,159,174,174,199,229,244,274,289,304,304,304],"floor_reached":16,"playtime":632,"items_purged":[],"score":266,"play_id":"3909b652-287b-482e-8be3-493a9dd97da1","local_time":"20180823190424","daily_mods":["Insanity","Binary","Hoarder"],"is_ascension_mode":false,"campfire_choices":[{"data":"Demon Form","floor":6,"key":"SMITH"},{"data":"Disarm","floor":8,"key":"SMITH"},{"data":"Metallicize","floor":15,"key":"SMITH"}],"neow_cost":"","seed_source_timestamp":0,"circlet_count":0,"master_deck":["Reckless Charge","Carnage","Double Tap","Iron Wave","Shrug It Off","Wild Strike","Rupture","Metallicize+1","Anger","Intimidate","Shrug It Off","Exhume","Disarm+1","Thunderclap","Ghostly Armor","Reaper","Twin Strike","Demon Form+1","Dark Embrace","Shrug It Off","Bludgeon","Juggernaut","Perfected Strike","Seeing Red","Defend_R","Seeing Red","Dual Wield","Bash","Warcry+1","Inflame","Searing Blow","True Grit","Fire Breathing","Dropkick","True Grit","Twin Strike","Dual Wield","Clash","Clothesline","Dual Wield","Feel No Pain","Reckless Charge","Dual Wield","Entrench","Reaper","Whirlwind+1","Twin Strike","Armaments+1","Combust","Entrench","Flex","Flex","Flex","Perfected Strike","Perfected Strike","Perfected Strike","Headbutt","Headbutt","Headbutt","Shrug It Off","Shrug It Off","Shrug It Off","Havoc","Havoc","Havoc","True Grit","True Grit","True Grit","Pommel Strike","Pommel Strike","Pommel Strike","Feed","Feed","Feed"],"special_seed":17766,"relics":["Burning Blood","War Paint","Dodecahedron","Bottled Tornado"],"potions_floor_usage":[11,16],"damage_taken":[{"damage":8,"enemies":"Jaw Worm","floor":1,"turns":4},{"damage":6,"enemies":"Cultist","floor":3,"turns":3},{"damage":0,"enemies":"2 Louse","floor":4,"turns":1},{"damage":0,"enemies":"Gremlin Gang","floor":5,"turns":1},{"damage":6,"enemies":"Exordium Thugs","floor":7,"turns":4},{"damage":30,"enemies":"Lagavulin","floor":10,"turns":6},{"damage":0,"enemies":"Lots of Slimes","floor":11,"turns":1},{"damage":32,"enemies":"3 Sentries","floor":12,"turns":6},{"damage":9,"enemies":"2 Fungi Beasts","floor":13,"turns":2},{"damage":3,"enemies":"3 Louse","floor":14,"turns":4},{"damage":43,"enemies":"The Guardian","floor":16,"turns":8}],"seed_played":"633193296058416102","potions_obtained":[{"floor":3,"key":"Explosive Potion"},{"floor":5,"key":"Weak Potion"},{"floor":14,"key":"Fire Potion"}],"is_trial":false,"path_per_floor":["M","?","M","M","M","R","M","R","T","E","M","E","M","M","R"],"character_chosen":"IRONCLAD","items_purchased":[],"campfire_rested":0,"item_purchase_floors":[],"current_hp_per_floor":[80,80,80,80,80,80,80,80,80,56,62,36,37,43,43,0],"gold":304,"neow_bonus":"","is_prod":false,"is_daily":true,"chose_seed":false,"campfire_upgraded":3,"win_rate":0,"timestamp":1535065464,"path_taken":["M","?","M","?","M","R","M","R","T","E","M","E","M","M","R","BOSS"],"build_version":"2018-08-16","purchased_purges":0,"victory":false,"max_hp_per_floor":[80,80,80,80,80,80,80,80,80,80,80,80,80,83,83,83],"card_choices":[{"not_picked":["Clash"],"picked":"Flex","floor":1},{"not_picked":["Fire Breathing"],"picked":"Perfected Strike","floor":3},{"not_picked":["Combust"],"picked":"Headbutt","floor":4},{"not_picked":["Sword Boomerang"],"picked":"Shrug It Off","floor":5},{"not_picked":["Havoc","Sword Boomerang"],"picked":"SKIP","floor":7},{"not_picked":["Sword Boomerang"],"picked":"Havoc","floor":7},{"not_picked":["Shrug It Off"],"picked":"True Grit","floor":10},{"not_picked":["Havoc"],"picked":"Pommel Strike","floor":11},{"not_picked":["Anger"],"picked":"Feed","floor":12},{"not_picked":["Body Slam","Anger"],"picked":"SKIP","floor":13},{"not_picked":["Wild Strike","Iron Wave"],"picked":"SKIP","floor":14}],"player_experience":598570,"relics_obtained":[{"floor":9,"key":"War Paint"},{"floor":10,"key":"Dodecahedron"},{"floor":12,"key":"Bottled Tornado"}],"event_choices":[{"event_name":"Upgrade Shrine","player_choice":"Upgraded","floor":2,"damage_taken":0}],"is_beta":false,"boss_relics":[],"items_purged_floors":[],"is_endless":false,"potions_floor_spawned":[3,5,14],"killed_by":"The Guardian","ascension_level":0}