{"gold_per_floor":[109,129,141,156,172,172,186,186,186,214,231,243,302,331,331,410,410,430,430,448,27,43,43,77,77,131,144,0,60,60,70,70,147,147,162,172,224,240,259,259,286,286,354,1,31,31,31,31,31,31],"floor_reached":50,"playtime":2205,"items_purged":["Strike_B"],"score":1067,"play_id":"22494fb4-19f2-40f2-b20c-928132d9b4b2","local_time":"20180914210310","is_ascension_mode":true,"campfire_choices":[{"data":"Dualcast","floor":6.0,"key":"SMITH"},{"data":"Doom and Gloom","floor":8.0,"key":"SMITH"},{"data":"Echo Form","floor":15.0,"key":"SMITH"},{"data":"Trip","floor":23.0,"key":"SMITH"},{"data":"Scrape","floor":25.0,"key":"SMITH"},{"floor":32.0,"key":"REST"},{"data":"White Noise","floor":40,"key":"SMITH"},{"data":"Hologram","floor":42,"key":"SMITH"},{"floor":49,"key":"REST"}],"neow_cost":"NONE","seed_source_timestamp":175671942856976,"circlet_count":0,"master_deck":["Defend_B+1","Defend_B+1","Defend_B","Defend_B","Zap+1","Dualcast+1","AscendersBane","Cold Snap","FTL","Doom and Gloom+1","Barrage","Self Repair","Scrape+1","Go for the Eyes+1","Go for the Eyes+1","Gash+1","Echo Form+1","All For One+1","Glacier+1","Reprogram","Gash+1","Beam Cell+1","Trip+1","Leap+1","FTL+1","All For One+1","White Noise+1","Gash+1","Redo+1","Machine Learning","Conserve Battery+1","Streamline+1","Hologram+1","White Noise","Glacier+1"],"special_seed":0,"relics":["Cracked Core","Bottled Tornado","Molten Egg 2","War Paint","Prayer Wheel","Sozu","ClockworkSouvenir","Sundial","Juzu Bracelet","Tiny Chest","Empty Cage","Bag of Marbles","Happy Flower","Letter Opener","Membership Card","Lantern","Omamori"],"potions_floor_usage":[],"damage_taken":[{"damage":8.0,"enemies":"Jaw Worm","floor":1.0,"turns":4.0},{"damage":0.0,"enemies":"Cultist","floor":2.0,"turns":3.0},{"damage":4.0,"enemies":"2 Louse","floor":3.0,"turns":3.0},{"damage":4.0,"enemies":"2 Fungi Beasts","floor":4.0,"turns":3.0},{"damage":7.0,"enemies":"Blue Slaver","floor":5.0,"turns":4.0},{"damage":8.0,"enemies":"3 Louse","floor":7.0,"turns":2.0},{"damage":13.0,"enemies":"Lagavulin","floor":10.0,"turns":5.0},{"damage":0.0,"enemies":"Large Slime","floor":11.0,"turns":4.0},{"damage":10.0,"enemies":"Lots of Slimes","floor":12.0,"turns":2.0},{"damage":15.0,"enemies":"Lagavulin Event","floor":13.0,"turns":5.0},{"damage":18.0,"enemies":"3 Sentries","floor":14.0,"turns":4.0},{"damage":17.0,"enemies":"Hexaghost","floor":16.0,"turns":7.0},{"damage":0.0,"enemies":"Spheric Guardian","floor":18.0,"turns":3.0},{"damage":4.0,"enemies":"Chosen","floor":20.0,"turns":3.0},{"damage":4.0,"enemies":"Snake Plant","floor":22.0,"turns":5.0},{"damage":38.0,"enemies":"Book of Stabbing","floor":24.0,"turns":6.0},{"damage":11.0,"enemies":"Snecko","floor":27.0,"turns":4.0},{"damage":27.0,"enemies":"Slavers","floor":29.0,"turns":7.0},{"damage":10.0,"enemies":"Chosen and Byrds","floor":31.0,"turns":4.0},{"damage":7.0,"enemies":"Champ","floor":33.0,"turns":7.0},{"damage":0.0,"enemies":"3 Shapes","floor":35.0,"turns":6.0},{"damage":0.0,"enemies":"Orb Walker","floor":36.0,"turns":3.0},{"damage":0,"enemies":"Reptomancer","floor":38,"turns":6},{"damage":20,"enemies":"Maw","floor":39,"turns":7},{"damage":30,"enemies":"Nemesis","floor":41,"turns":9},{"damage":33,"enemies":"2 Orb Walkers","floor":45,"turns":4},{"damage":24,"enemies":"Donu and Deca","floor":50,"turns":1}],"seed_played":"1633737693290474426","potions_obtained":[{"floor":3.0,"key":"SpeedPotion"},{"floor":5.0,"key":"LiquidBronze"},{"floor":7.0,"key":"Weak Potion"},{"floor":10.0,"key":"EssenceOfSteel"},{"floor":12.0,"key":"FocusPotion"},{"floor":13.0,"key":"Explosive Potion"},{"floor":14.0,"key":"EssenceOfSteel"}],"is_trial":false,"path_per_floor":["M","M","M","M","M","R","M","R","T","E","M","M","?","E","R","B",null,"M","?","M","$","M","R","E","R","T","M","?","E","$","M","R","B",null,"M","M","T","M","M","R","E","R","T","$","E","$","$","?","R"],"character_chosen":"DEFECT","items_purchased":["Trip","ClockworkSouvenir","Membership Card","Lantern","White Noise"],"campfire_rested":2,"item_purchase_floors":[21,21,44,44,44],"current_hp_per_floor":[56,56,52,48,41,41,40,40,40,34,41,38,30,19,19,9,56,63,71,71,71,71,71,40,40,40,36,36,16,16,13,34,34,62,69,71,71,71,58,58,35,35,35,35,2,2,2,2,23,0],"gold":31,"neow_bonus":"UPGRADE_CARD","is_prod":false,"is_daily":false,"chose_seed":false,"campfire_upgraded":7,"win_rate":0,"timestamp":1536973390,"path_taken":["M","M","M","M","M","R","M","R","T","E","M","M","?","E","R","BOSS","M","?","?","?","M","R","E","R","T","M","?","E","$","M","R","BOSS","M","M","?","M","M","R","E","R","T","$","E","?","$","?","R","BOSS"],"build_version":"2018-09-06","purchased_purges":1,"victory":false,"max_hp_per_floor":[71,71,71,71,71,71,71,71,71,71,71,71,71,71,71,71,71,71,71,71,71,71,71,71,71,71,71,71,71,71,71,71,71,71,71,71,71,71,71,71,71,71,71,71,71,71,71,71,71,71],"card_choices":[{"not_picked":["Barrage","Consume"],"picked":"Cold Snap","floor":1.0},{"not_picked":["Recycle","Skim"],"picked":"FTL","floor":2.0},{"not_picked":["Leap","Beam Cell"],"picked":"Doom and Gloom","floor":3.0},{"not_picked":["Consume","Storm"],"picked":"Barrage","floor":4.0},{"not_picked":["Recycle","Cold Snap"],"picked":"Self Repair","floor":5.0},{"not_picked":["Streamline","Reprogram"],"picked":"Scrape","floor":7.0},{"not_picked":["Hello World","Cold Snap","Static Discharge"],"picked":"SKIP","floor":10.0},{"not_picked":["Biased Cognition","Doom and Gloom+1"],"picked":"Go for the Eyes+1","floor":11.0},{"not_picked":["Auto Shields","Coolheaded"],"picked":"Go for the Eyes+1","floor":12.0},{"not_picked":["Barrage+1","Hologram"],"picked":"Gash+1","floor":13.0},{"not_picked":["Ball Lightning+1","Coolheaded"],"picked":"Echo Form","floor":14.0},{"not_picked":["Electrodynamics","Reboot"],"picked":"All For One+1","floor":16.0},{"not_picked":["Undo","Heatsinks"],"picked":"Glacier+1","floor":18.0},{"not_picked":["Hello World","Glacier"],"picked":"Reprogram","floor":18.0},{"not_picked":["Streamline+1","Conserve Battery"],"picked":"Gash+1","floor":20.0},{"not_picked":["Rebound+1","Stack"],"picked":"Beam Cell+1","floor":20.0},{"not_picked":["Sweeping Beam+1","Reinforced Body"],"picked":"Leap+1","floor":22.0},{"not_picked":["Gash+1","Turbo"],"picked":"FTL+1","floor":22.0},{"not_picked":["Aggregate","Rebound+1","Go for the Eyes+1"],"picked":"SKIP","floor":24.0},{"not_picked":["Turbo","Rebound+1"],"picked":"All For One+1","floor":27.0},{"not_picked":["Auto Shields","Ball Lightning+1"],"picked":"White Noise","floor":27.0},{"not_picked":["Stack","Amplify","Blizzard+1"],"picked":"SKIP","floor":29.0},{"not_picked":["Aggregate","Recycle"],"picked":"Gash+1","floor":31.0},{"not_picked":["Consume","Storm"],"picked":"Redo+1","floor":31.0},{"not_picked":["Meteor Strike+1","Amplify"],"picked":"Machine Learning","floor":33.0},{"not_picked":["Reinforced Body","Go for the Eyes+1"],"picked":"Conserve Battery+1","floor":35.0},{"not_picked":["Cold Snap+1","Streamline+1","Stack"],"picked":"SKIP","floor":35.0},{"not_picked":["Redo","Double Energy"],"picked":"Streamline+1","floor":36},{"not_picked":["Cold Snap+1","Go for the Eyes+1","Compile Driver+1"],"picked":"SKIP","floor":36},{"not_picked":["Darkness","Rebound+1","Coolheaded"],"picked":"SKIP","floor":38},{"not_picked":["Storm+1","Rebound+1","Ball Lightning+1"],"picked":"SKIP","floor":38},{"not_picked":["Creative AI","Leap","Coolheaded"],"picked":"SKIP","floor":39},{"not_picked":["Conserve Battery","Leap","Compile Driver+1"],"picked":"SKIP","floor":39},{"not_picked":["Sweeping Beam+1","Buffer"],"picked":"Hologram","floor":41},{"not_picked":["Rebound+1","Leap"],"picked":"Glacier+1","floor":45}],"player_experience":653012,"relics_obtained":[{"floor":9.0,"key":"Bottled Tornado"},{"floor":10.0,"key":"Molten Egg 2"},{"floor":13.0,"key":"War Paint"},{"floor":14.0,"key":"Prayer Wheel"},{"floor":24.0,"key":"Sundial"},{"floor":26.0,"key":"Juzu Bracelet"},{"floor":29.0,"key":"Tiny Chest"},{"floor":37,"key":"Bag of Marbles"},{"floor":41,"key":"Happy Flower"},{"floor":43,"key":"Letter Opener"},{"floor":45,"key":"Omamori"}],"event_choices":[{"event_name":"Dead Adventurer","player_choice":"Searched \u00271\u0027 times","floor":13.0,"damage_taken":0.0},{"event_name":"The Library","player_choice":"Heal","floor":19.0,"damage_taken":0.0},{"event_name":"Masked Bandits","player_choice":"Paid Fearfully","floor":28.0,"damage_taken":0.0},{"event_name":"Bonfire Elementals","player_choice":"BASIC","floor":48,"damage_taken":0}],"is_beta":false,"boss_relics":[{"not_picked":["Philosopher\u0027s Stone","Black Star"],"picked":"Sozu"},{"not_picked":["Nuclear Battery","Astrolabe"],"picked":"Empty Cage"}],"items_purged_floors":[21],"is_endless":false,"potions_floor_spawned":[3,5,7,10,12,13,14,22,24,27,36,41,45],"killed_by":"Donu and Deca","ascension_level":16}