{"gold_per_floor":[366,31,44,44,59,91,111,111,111,131,57,57,89,89,89,191,191,208,208,219,236,117,117,117,117,141,141,170,180,95,130,130,234,234,244,45,61,80,99,99],"floor_reached":40,"playtime":6127,"items_purged":["Pain","Defend_B","Regret","Strike_B"],"score":603,"play_id":"3610342d-fea4-4ffa-80fa-678138f53a2d","local_time":"20180703232010","is_ascension_mode":true,"campfire_choices":[{"data":"Apotheosis","floor":8,"key":"SMITH"},{"data":"Hologram","floor":12,"key":"SMITH"},{"data":"Doom and Gloom","floor":15,"key":"SMITH"},{"floor":23,"key":"REST"},{"floor":25,"key":"REST"},{"floor":27,"key":"REST"},{"data":"Chill","floor":32,"key":"SMITH"}],"neow_cost":"CURSE","seed_source_timestamp":311156847102274,"circlet_count":0,"master_deck":["Strike_B","Defend_B","Defend_B","Zap","Dualcast","Conserve Battery","Apotheosis+1","Streamline","Conserve Battery","Scrape","Beam Cell","Hologram+1","Leap","Doom and Gloom+1","All For One","Recycle","Chill+1","Reprogram+1","Self Repair","Chaos+1","Stack","Echo Form","Turbo+1","White Noise+1"],"relics":["Cracked Core","Shuriken","Smiling Mask","Cables","Pantograph","Empty Cage","Omamori","Happy Flower","Centennial Puzzle","Red Mask","Busted Crown","Potion Belt"],"potions_floor_usage":[10,13,16,21,28,31,38,38],"damage_taken":[{"damage":3,"enemies":"Cultist","floor":1,"turns":3},{"damage":0,"enemies":"2 Louse","floor":3,"turns":3},{"damage":0,"enemies":"Small Slimes","floor":5,"turns":3},{"damage":8,"enemies":"Gremlin Nob","floor":6,"turns":4},{"damage":1,"enemies":"Exordium Wildlife","floor":7,"turns":4},{"damage":3,"enemies":"Exordium Thugs","floor":10,"turns":3},{"damage":6,"enemies":"Lagavulin","floor":13,"turns":6},{"damage":23,"enemies":"Slime Boss","floor":16,"turns":7},{"damage":14,"enemies":"2 Thieves","floor":18,"turns":3},{"damage":26,"enemies":"Shell Parasite","floor":20,"turns":5},{"damage":20,"enemies":"Cultist and Chosen","floor":21,"turns":6},{"damage":27,"enemies":"Book of Stabbing","floor":28,"turns":6},{"damage":3,"enemies":"Centurion and Healer","floor":29,"turns":6},{"damage":30,"floor":31,"turns":5},{"damage":51,"enemies":"Champ","floor":33,"turns":11},{"damage":4,"enemies":"3 Shapes","floor":35,"turns":3},{"damage":6,"enemies":"Orb Walker","floor":37,"turns":3},{"damage":0,"enemies":"Maw","floor":38,"turns":8},{"damage":34,"enemies":"Sphere and 2 Shapes","floor":39,"turns":5},{"damage":60,"enemies":"Giant Head","floor":40,"turns":7}],"seed_played":"7198884720000077267","potions_obtained":[{"floor":5,"key":"Dexterity Potion"},{"floor":7,"key":"Explosive Potion"},{"floor":10,"key":"GamblersBrew"},{"floor":16,"key":"GamblersBrew"},{"floor":18,"key":"FocusPotion"},{"floor":29,"key":"PowerPotion"},{"floor":33,"key":"Block Potion"},{"floor":35,"key":"Weak Potion"},{"floor":37,"key":"SteroidPotion"},{"floor":39,"key":"SpeedPotion"}],"is_trial":false,"path_per_floor":["M","$","M","?","M","E","M","R","T","M","$","R","E","?","R","B",null,"M","?","M","M","$","R","?","R","T","R","E","M","?","?","R","B",null,"M","$","M","M","M"],"character_chosen":"DEFECT","items_purchased":["Apotheosis","Streamline","Leap","Self Repair","Potion Belt"],"campfire_rested":3,"item_purchase_floors":[2,2,11,22,36],"current_hp_per_floor":[65,65,65,65,65,57,56,56,56,53,53,53,47,47,47,49,69,55,55,29,9,9,31,17,41,41,65,48,55,55,35,35,19,65,61,61,62,72,48,0],"gold":99,"neow_bonus":"TWO_FIFTY_GOLD","is_prod":false,"is_daily":false,"chose_seed":false,"campfire_upgraded":4,"win_rate":0,"timestamp":1530674410,"path_taken":["M","$","M","?","M","E","M","R","T","?","$","R","E","?","R","BOSS","M","?","?","M","$","R","?","R","T","R","E","?","?","?","R","BOSS","M","$","M","M","M","E"],"build_version":"2018-06-28","purchased_purges":4,"victory":false,"max_hp_per_floor":[75,75,75,75,75,75,75,75,75,75,75,75,75,75,75,75,75,75,75,75,75,75,75,80,80,80,80,80,80,80,80,80,80,80,80,80,80,80,80,80],"card_choices":[{"not_picked":["Rebound","Hello World"],"picked":"Conserve Battery","floor":1},{"not_picked":["Rip and Tear","Gash","Fusion"],"picked":"SKIP","floor":3},{"not_picked":["Compile Driver","Barrage"],"picked":"Conserve Battery","floor":5},{"not_picked":["Capacitor","Rip and Tear"],"picked":"Scrape","floor":6},{"not_picked":["Go for the Eyes","Leap"],"picked":"Beam Cell","floor":7},{"not_picked":["Steam","Capacitor"],"picked":"Hologram","floor":10},{"not_picked":["Scrape","Go for the Eyes"],"picked":"Doom and Gloom","floor":13},{"not_picked":["Thunder Strike","Creative AI"],"picked":"All For One","floor":16},{"not_picked":["Conserve Battery","Sweeping Beam+1"],"picked":"Recycle","floor":18},{"not_picked":["Beam Cell","Go for the Eyes"],"picked":"Chill","floor":20},{"not_picked":["Melter","Darkness"],"picked":"Reprogram+1","floor":21},{"not_picked":["Darkness","Heatsinks"],"picked":"Chaos+1","floor":28},{"not_picked":["All For One","Lockon"],"picked":"Stack","floor":29},{"not_picked":["Core Surge","Hyperbeam"],"picked":"Echo Form","floor":33},{"not_picked":["Beam Cell"],"picked":"SKIP","floor":35},{"not_picked":[],"picked":"Turbo+1","floor":37},{"not_picked":["Self Repair+1"],"picked":"SKIP","floor":38},{"not_picked":[],"picked":"White Noise+1","floor":39}],"player_experience":363434,"relics_obtained":[{"floor":6,"key":"Shuriken"},{"floor":9,"key":"Smiling Mask"},{"floor":13,"key":"Cables"},{"floor":26,"key":"Omamori"},{"floor":28,"key":"Happy Flower"},{"floor":31,"key":"Red Mask"}],"event_choices":[{"event_name":"Transmorgrifier","player_choice":"Transform","floor":4,"damage_taken":0},{"event_name":"Big Fish","player_choice":"Box","floor":14,"damage_taken":0},{"event_name":"Purifier","player_choice":"One Purge","floor":19,"damage_taken":0},{"event_name":"Forgotten Altar","player_choice":"Shed Blood","floor":24,"damage_taken":0},{"event_name":"Addict","player_choice":"Obtained Relic","floor":30,"damage_taken":0},{"event_name":"Masked Bandits","player_choice":"Fought over 95 gold","floor":31,"damage_taken":0}],"boss_relics":[{"not_picked":["Astrolabe","White Beast Statue"],"picked":"Empty Cage"},{"not_picked":["Coffee Dripper","Black Star"],"picked":"Busted Crown"}],"items_purged_floors":[2,11,22,36],"is_endless":false,"potions_floor_spawned":[5,7,10,16,18,29,33,35,37,39],"killed_by":"Giant Head","ascension_level":9}