{"gold_per_floor":[119,119,135,135,60,60,77,107,107,123,123,123,134,146,146,249,249,263,263,263,280,280,280,310,329,329,341,341,376,121,138,138,233,233,253,25,42,42,42,42],"floor_reached":40,"playtime":2138,"items_purged":["Undo"],"score":631,"play_id":"621af28f-c05f-4a17-863a-f55d59418bfa","local_time":"20190129101535","is_ascension_mode":true,"campfire_choices":[{"data":"Buffer","floor":6,"key":"SMITH"},{"data":"Dualcast","floor":11,"key":"SMITH"},{"data":"Gash","floor":15,"key":"SMITH"},{"data":"Fission","floor":23,"key":"SMITH"},{"floor":28,"key":"REST"},{"floor":32,"key":"REST"}],"neow_cost":"NONE","seed_source_timestamp":1009672318155906,"circlet_count":0,"master_deck":["Zap+1","Dualcast+1","Buffer+1","Coolheaded","Ball Lightning","Ball Lightning","Steam","Doom and Gloom","Go for the Eyes","Conserve Battery","Gash+1","Cold Snap","Fission+1","Redo","Buffer","Go for the Eyes","Gash","Sunder","Hologram","All For One","Rainbow","Conserve Battery","Auto Shields","Creative AI","Panache","White Noise","FTL","Thunder Strike","Stack+1","Steam Power+1","Writhe"],"relics":["Cracked Core","Strawberry","Mercury Hourglass","CultistMask","Pandora\u0027s Box","Bottled Tornado","Shovel","Letter Opener","Art of War","Runic Pyramid","Anchor"],"potions_floor_usage":[8,18,21,25,29,33,40],"damage_taken":[{"damage":0,"enemies":"Cultist","floor":1,"turns":3},{"damage":9,"enemies":"2 Louse","floor":3,"turns":3},{"damage":0,"enemies":"Jaw Worm","floor":7,"turns":3},{"damage":0,"enemies":"Gremlin Nob","floor":8,"turns":3},{"damage":4,"enemies":"Lots of Slimes","floor":10,"turns":2},{"damage":0,"enemies":"Red Slaver","floor":13,"turns":3},{"damage":0,"enemies":"Large Slime","floor":14,"turns":3},{"damage":10,"enemies":"Hexaghost","floor":16,"turns":8},{"damage":11,"enemies":"2 Thieves","floor":18,"turns":3},{"damage":0,"enemies":"Shell Parasite","floor":21,"turns":2},{"damage":9,"enemies":"Book of Stabbing","floor":24,"turns":5},{"damage":23,"enemies":"Snake Plant","floor":25,"turns":5},{"damage":0,"enemies":"Shelled Parasite and Fungi","floor":27,"turns":3},{"damage":20,"enemies":"Gremlin Leader","floor":29,"turns":4},{"damage":0,"enemies":"Cultist and Chosen","floor":31,"turns":4},{"damage":24,"enemies":"Collector","floor":33,"turns":9},{"damage":18,"enemies":"3 Darklings","floor":35,"turns":5},{"damage":0,"enemies":"Orb Walker","floor":37,"turns":3},{"damage":121,"enemies":"Giant Head","floor":40,"turns":9}],"seed_played":"1989040445833694002","potions_obtained":[{"floor":1,"key":"Poison Potion"},{"floor":8,"key":"Block Potion"},{"floor":16,"key":"Explosive Potion"},{"floor":18,"key":"AttackPotion"},{"floor":21,"key":"SneckoOil"},{"floor":27,"key":"FocusPotion"},{"floor":31,"key":"Weak Potion"}],"is_trial":false,"path_per_floor":["M","?","M","?","$","R","M","E","T","M","R","?","M","M","R","B",null,"M","T","?","M","?","R","E","M","T","M","R","E","$","M","R","B",null,"M","$","M","?","?","E"],"character_chosen":"DEFECT","items_purchased":["Ball Lightning","Steam","Panache","White Noise","Anchor"],"campfire_rested":2,"item_purchase_floors":[5,5,30,30,36],"current_hp_per_floor":[68,53,44,44,44,44,44,51,51,47,47,47,47,47,47,37,71,60,60,60,60,60,60,51,28,28,28,52,32,32,32,56,32,70,52,52,52,73,73,0],"gold":42,"neow_bonus":"ONE_RANDOM_RARE_CARD","is_prod":false,"is_daily":false,"chose_seed":false,"campfire_upgraded":4,"win_rate":0,"timestamp":1548774935,"path_taken":["M","?","M","?","$","R","M","E","T","M","R","?","M","?","R","BOSS","M","?","?","M","?","R","E","M","T","M","R","E","$","M","R","BOSS","M","$","M","?","?","E"],"build_version":"2019-01-23","purchased_purges":1,"victory":false,"max_hp_per_floor":[75,75,75,75,75,75,75,82,82,82,82,82,82,82,82,82,82,82,82,82,82,82,82,82,82,82,82,82,82,82,82,82,82,82,82,82,82,82,82,82],"card_choices":[{"not_picked":["Recycle","Gash"],"picked":"Coolheaded","floor":1},{"not_picked":["Leap","Hologram"],"picked":"Ball Lightning","floor":3},{"not_picked":["Hologram","Heatsinks"],"picked":"Doom and Gloom","floor":7},{"not_picked":["Beam Cell","Streamline"],"picked":"Go for the Eyes","floor":8},{"not_picked":["Recycle","Machine Learning"],"picked":"Conserve Battery","floor":10},{"not_picked":["Darkness","Sweeping Beam"],"picked":"Gash","floor":13},{"not_picked":["Reprogram","Stack"],"picked":"Cold Snap","floor":14},{"not_picked":["Rainbow","Reboot"],"picked":"Fission","floor":16},{"not_picked":["Conserve Battery","Recycle"],"picked":"Hologram","floor":18},{"not_picked":["Skim","Storm+1"],"picked":"Conserve Battery","floor":21},{"not_picked":["Streamline","Static Discharge"],"picked":"Auto Shields","floor":24},{"not_picked":["Stack","Cold Snap","Loop"],"picked":"SKIP","floor":25},{"not_picked":["Compile Driver","Streamline","Go for the Eyes"],"picked":"SKIP","floor":27},{"not_picked":["Hologram","Stack"],"picked":"Creative AI","floor":29},{"not_picked":["Lockon","Leap"],"picked":"FTL","floor":31},{"not_picked":["Fission","Machine Learning"],"picked":"Thunder Strike","floor":33},{"not_picked":["Cold Snap","Auto Shields"],"picked":"Stack+1","floor":35},{"not_picked":["Leap","Sweeping Beam"],"picked":"Steam Power+1","floor":37}],"player_experience":235375,"relics_obtained":[{"floor":8,"key":"Strawberry"},{"floor":9,"key":"Mercury Hourglass"},{"floor":19,"key":"Bottled Tornado"},{"floor":24,"key":"Shovel"},{"floor":26,"key":"Letter Opener"},{"floor":29,"key":"Art of War"}],"event_choices":[{"damage_healed":0,"gold_gain":0,"player_choice":"Entered Light","damage_taken":15,"max_hp_gain":0,"max_hp_loss":0,"event_name":"Shining Light","floor":2,"gold_loss":0,"cards_upgraded":["Defend_B","Zap"]},{"damage_healed":0,"gold_gain":0,"cards_transformed":["Strike_B"],"player_choice":"Change","damage_taken":0,"max_hp_gain":0,"max_hp_loss":0,"event_name":"Living Wall","floor":4,"gold_loss":0,"cards_obtained":["Rebound"]},{"damage_healed":0,"gold_gain":0,"player_choice":"Trade","damage_taken":0,"relics_obtained":["CultistMask"],"max_hp_gain":0,"max_hp_loss":0,"event_name":"FaceTrader","floor":12,"gold_loss":0},{"damage_healed":0,"gold_gain":0,"cards_transformed":["Buffer","Rebound"],"player_choice":"Became Test Subject","damage_taken":0,"max_hp_gain":0,"max_hp_loss":0,"event_name":"Drug Dealer","floor":20,"gold_loss":0,"cards_obtained":["All For One","Rainbow"]},{"damage_healed":0,"gold_gain":0,"player_choice":"Ignored","damage_taken":0,"max_hp_gain":0,"max_hp_loss":0,"event_name":"Ghosts","floor":22,"gold_loss":0},{"damage_healed":21,"gold_gain":0,"player_choice":"Writhe","damage_taken":0,"max_hp_gain":0,"max_hp_loss":0,"event_name":"Winding Halls","floor":38,"gold_loss":0,"cards_obtained":["Writhe"]},{"damage_healed":0,"gold_gain":0,"player_choice":"Ignored","damage_taken":0,"max_hp_gain":0,"max_hp_loss":0,"event_name":"SecretPortal","floor":39,"gold_loss":0}],"is_beta":false,"boss_relics":[{"not_picked":["Velvet Choker","Coffee Dripper"],"picked":"Pandora\u0027s Box"},{"not_picked":["Tiny House","Sozu"],"picked":"Runic Pyramid"}],"items_purged_floors":[36],"is_endless":false,"potions_floor_spawned":[1,8,16,18,21,27,31],"killed_by":"Giant Head","ascension_level":8}