{"gold_per_floor":[117,134,147,13,23,23,53,53,53,89,102,120,135,148,148,238,238,252,252,273,296,312,312,352,34,34,46,77,105,153,165,177,282,294,329,341,353,86,102,136,136,177,177,177,238,90,90,90,90,90],"floor_reached":51,"playtime":2880,"items_purged":["Defend_G","Strike_G","Strike_G"],"score":1333,"play_id":"b6fb8200-640f-4696-9355-73d4afd0cc5f","local_time":"20180916221112","is_ascension_mode":true,"campfire_choices":[{"data":"Sucker Punch","floor":6.0,"key":"SMITH"},{"data":"Footwork","floor":15.0,"key":"SMITH"},{"data":"After Image","floor":23.0,"key":"SMITH"},{"data":"Terror","floor":27.0,"key":"SMITH"},{"data":"Riddle With Holes","floor":32.0,"key":"SMITH"},{"data":"Malaise","floor":41,"key":"SMITH"},{"data":"Footwork","floor":44,"key":"SMITH"},{"data":"Dramatic Entrance","floor":49,"key":"SMITH"}],"neow_cost":"NONE","seed_source_timestamp":106400759728119,"circlet_count":0,"master_deck":["Defend_G","Defend_G","Defend_G","Defend_G","Strike_G","Strike_G","Strike_G","Survivor","Neutralize","AscendersBane","Sucker Punch+1","Dagger Spray","Footwork+1","Escape Plan","Riddle With Holes+1","Backflip","Acrobatics","After Image+1","Deflect","Dodge and Roll","Terror+1","Dodge and Roll","Backstab","Malaise+1","Footwork+1","Terror+1","Madness","Madness","Cloak And Dagger","PiercingWail+1","Backflip+1","Dramatic Entrance+1","Flash of Steel"],"special_seed":0,"relics":["Ring of the Snake","Bag of Marbles","Bronze Scales","Golden Idol","Boot","Ninja Scroll","White Beast Statue","MutagenicStrength","Bottled Tornado","Membership Card","Oddly Smooth Stone","MawBank","Vajra","Runic Dome","Unceasing Top","Pen Nib","Bottled Lightning","Question Card","Juzu Bracelet","Smiling Mask","Bird Faced Urn"],"potions_floor_usage":[33,33,36,39,40,40,45,50],"damage_taken":[{"damage":2.0,"enemies":"Jaw Worm","floor":1.0,"turns":5.0},{"damage":4.0,"enemies":"Small Slimes","floor":2.0,"turns":4.0},{"damage":0.0,"enemies":"Cultist","floor":3.0,"turns":3.0},{"damage":9.0,"enemies":"Exordium Thugs","floor":5.0,"turns":4.0},{"damage":22.0,"enemies":"3 Sentries","floor":7.0,"turns":9.0},{"damage":1.0,"enemies":"Lagavulin","floor":10.0,"turns":6.0},{"damage":0.0,"enemies":"Blue Slaver","floor":11.0,"turns":1.0},{"damage":0.0,"enemies":"Red Slaver","floor":12.0,"turns":1.0},{"damage":0.0,"enemies":"Gremlin Gang","floor":13.0,"turns":1.0},{"damage":0.0,"enemies":"2 Fungi Beasts","floor":14.0,"turns":1.0},{"damage":2.0,"enemies":"The Guardian","floor":16.0,"turns":11.0},{"damage":2.0,"enemies":"Shell Parasite","floor":18.0,"turns":6.0},{"damage":0.0,"enemies":"Chosen","floor":20.0,"turns":3.0},{"damage":7.0,"enemies":"Snecko","floor":21.0,"turns":3.0},{"damage":0.0,"enemies":"Centurion and Healer","floor":22.0,"turns":10.0},{"damage":2.0,"enemies":"Gremlin Leader","floor":24.0,"turns":5.0},{"damage":0.0,"enemies":"Snake Plant","floor":28.0,"turns":3.0},{"damage":7.0,"enemies":"Sentry and Sphere","floor":29.0,"turns":10.0},{"damage":1.0,"enemies":"Slavers","floor":30.0,"turns":7.0},{"damage":70,"enemies":"Collector","floor":33,"turns":13},{"damage":5,"enemies":"3 Shapes","floor":35,"turns":5},{"damage":0,"enemies":"Mind Bloom Boss Battle","floor":36,"turns":7},{"damage":3,"enemies":"3 Darklings","floor":39,"turns":5},{"damage":3,"enemies":"Giant Head","floor":40,"turns":9},{"damage":11,"enemies":"2 Orb Walkers","floor":42,"turns":7},{"damage":3,"enemies":"Mysterious Sphere","floor":45,"turns":5},{"damage":2,"enemies":"Awakened One","floor":50,"turns":20}],"seed_played":"789564011029401040","potions_obtained":[{"floor":1.0,"key":"Strength Potion"},{"floor":7.0,"key":"FearPotion"},{"floor":10.0,"key":"Strength Potion"},{"floor":12.0,"key":"Dexterity Potion"},{"floor":16.0,"key":"Energy Potion"},{"floor":18.0,"key":"SneckoOil"},{"floor":20.0,"key":"SpeedPotion"},{"floor":21.0,"key":"Poison Potion"},{"floor":22.0,"key":"Fruit Juice"},{"floor":24.0,"key":"Fire Potion"},{"floor":28.0,"key":"Strength Potion"},{"floor":29.0,"key":"Swift Potion"},{"floor":30.0,"key":"Regen Potion"},{"floor":33,"key":"PowerPotion"},{"floor":35,"key":"Poison Potion"},{"floor":36,"key":"Regen Potion"},{"floor":39,"key":"SteroidPotion"},{"floor":40,"key":"GamblersBrew"},{"floor":42,"key":"Weak Potion"},{"floor":45,"key":"SpeedPotion"}],"is_trial":false,"path_per_floor":["M","M","M","$","M","R","E","?","T","E","M","M","M","M","R","B",null,"M","?","M","M","M","R","E","$","T","R","M","M","E","?","R","B",null,"M","?","?","$","M","E","R","E","T","R","?","$","?","?","R","B"],"character_chosen":"THE_SILENT","items_purchased":["Strength Potion","Membership Card","Oddly Smooth Stone","Pen Nib","Bottled Lightning","Dramatic Entrance","GhostInAJar"],"campfire_rested":0,"item_purchase_floors":[4,25,25,38,38,46,46],"current_hp_per_floor":[57,53,53,53,44,44,22,22,22,21,21,21,21,21,21,19,50,48,48,48,41,41,41,44,44,44,44,44,37,36,65,65,10,51,46,46,34,34,45,42,42,31,31,31,28,28,28,53,53,51],"gold":90,"neow_bonus":"RANDOM_COMMON_RELIC","is_prod":false,"is_daily":false,"chose_seed":false,"campfire_upgraded":8,"win_rate":0,"timestamp":1537150272,"path_taken":["M","M","M","$","M","R","E","?","T","E","M","?","M","M","R","BOSS","M","?","M","M","M","R","E","$","T","R","?","?","E","?","R","BOSS","M","?","?","$","M","E","R","E","T","R","?","$","?","?","R","BOSS"],"build_version":"2018-09-06","purchased_purges":3,"victory":true,"max_hp_per_floor":[66,66,66,66,66,66,66,60,60,60,60,60,60,60,60,60,60,60,60,60,60,60,60,65,65,65,65,65,65,65,65,65,65,65,65,65,65,65,65,65,65,65,65,65,65,65,65,53,53,53],"card_choices":[{"not_picked":["Noxious Fumes","Bane"],"picked":"Sucker Punch","floor":1.0},{"not_picked":["Calculated Gamble","Deflect"],"picked":"Dagger Spray","floor":2.0},{"not_picked":["Quick Slash","Sucker Punch","Deadly Poison"],"picked":"SKIP","floor":3.0},{"not_picked":["Dodge and Roll","Poisoned Stab"],"picked":"Footwork","floor":5.0},{"not_picked":["Well Laid Plans","Underhanded Strike"],"picked":"Escape Plan","floor":7.0},{"not_picked":["Escape Plan","Die Die Die"],"picked":"Riddle With Holes","floor":10.0},{"not_picked":["Heel Hook","Dash"],"picked":"Backflip","floor":11.0},{"not_picked":["Concentrate","Quick Slash","Underhanded Strike"],"picked":"SKIP","floor":12.0},{"not_picked":["Outmaneuver","Dagger Throw","Deadly Poison"],"picked":"SKIP","floor":13.0},{"not_picked":["Deadly Poison","Sucker Punch"],"picked":"Acrobatics","floor":14.0},{"not_picked":["Corpse Explosion","Glass Knife"],"picked":"After Image","floor":16.0},{"not_picked":["Prepared","Eviscerate"],"picked":"Deflect","floor":18.0},{"not_picked":["PiercingWail","Prepared","Deadly Poison"],"picked":"SKIP","floor":20.0},{"not_picked":["Dagger Spray","All Out Attack"],"picked":"Dodge and Roll","floor":21.0},{"not_picked":["Prepared","Poisoned Stab"],"picked":"Terror","floor":22.0},{"not_picked":["Underhanded Strike","Dagger Throw","Concentrate"],"picked":"SKIP","floor":24.0},{"not_picked":["Outmaneuver","Dagger Spray"],"picked":"Dodge and Roll","floor":28.0},{"not_picked":["Dodge and Roll","Sucker Punch+1"],"picked":"Backstab","floor":29.0},{"not_picked":["Prepared","Heel Hook","Acrobatics"],"picked":"SKIP","floor":30.0},{"not_picked":["Adrenaline","Die Die Die"],"picked":"Malaise","floor":33},{"not_picked":["Bane+1","Eviscerate"],"picked":"Footwork","floor":35},{"not_picked":["Backflip","Bane+1"],"picked":"Terror+1","floor":36},{"not_picked":["Blade Dance","Backflip"],"picked":"Cloak And Dagger","floor":39},{"not_picked":["Sucker Punch","Flying Knee","Wraith Form v2"],"picked":"SKIP","floor":40},{"not_picked":["Quick Slash","Dash","Underhanded Strike"],"picked":"PiercingWail+1","floor":42},{"not_picked":["Poisoned Stab+1","Underhanded Strike","Dagger Throw+1"],"picked":"Backflip+1","floor":45},{"not_picked":["Sadistic Nature","Finesse","Dark Shackles"],"picked":"Flash of Steel","floor":47}],"player_experience":666276,"relics_obtained":[{"floor":7.0,"key":"Bronze Scales"},{"floor":9.0,"key":"Boot"},{"floor":10.0,"key":"Ninja Scroll"},{"floor":24.0,"key":"Bottled Tornado"},{"floor":26.0,"key":"MawBank"},{"floor":30.0,"key":"Vajra"},{"floor":36,"key":"Unceasing Top"},{"floor":40,"key":"Question Card"},{"floor":42,"key":"Juzu Bracelet"},{"floor":43,"key":"Smiling Mask"},{"floor":45,"key":"Bird Faced Urn"}],"event_choices":[{"event_name":"Golden Idol","player_choice":"Lose Max HP","floor":8.0,"damage_taken":0.0},{"event_name":"Drug Dealer","player_choice":"Inject Mutagens","floor":19.0,"damage_taken":0.0},{"event_name":"Wheel of Change","player_choice":"Full Heal","floor":31.0,"damage_taken":0.0},{"event_name":"MindBloom","player_choice":"Fight","floor":36,"damage_taken":0},{"event_name":"Winding Halls","player_choice":"Embrace Madness","floor":37,"damage_taken":0},{"event_name":"Mysterious Sphere","player_choice":"Fight","floor":45,"damage_taken":0},{"event_name":"SensoryStone","player_choice":"Memory 1","floor":47,"damage_taken":0},{"event_name":"The Moai Head","player_choice":"Heal","floor":48,"damage_taken":0}],"is_beta":false,"boss_relics":[{"not_picked":["Black Star","Lizard Tail"],"picked":"White Beast Statue"},{"not_picked":["Eternal Feather","Busted Crown"],"picked":"Runic Dome"}],"items_purged_floors":[4,38,46],"is_endless":false,"potions_floor_spawned":[1,7,10,12,14,16,18,20,21,22,24,28,29,30,33,35,36,39,40,42,45],"ascension_level":17}