{"gold_per_floor":[149,224,239,414,424,424,135,170,170,185,185,196,228,247,247,342,342,312,330,348,447,447,447,447],"floor_reached":24,"playtime":1144,"items_purged":["Doubt"],"score":310,"play_id":"fc567265-f873-4686-91b0-08adb756ccf5","local_time":"20190119222634","is_ascension_mode":true,"campfire_choices":[{"data":"Bash","floor":6,"key":"SMITH"},{"data":"Metamorphosis","floor":11,"key":"SMITH"},{"floor":15,"key":"REST"},{"floor":23,"key":"REST"}],"neow_cost":"NONE","seed_source_timestamp":190518288503971,"circlet_count":0,"master_deck":["Bash+1","Iron Wave","Shrug It Off","Metamorphosis+1","Warcry","Fiend Fire","Havoc","Feed","Limit Break","Feel No Pain","Immolate","Spot Weakness","Barricade","Heavy Blade","Pommel Strike","Clothesline","Clothesline","Flex+1","True Grit"],"relics":["Burning Blood","Tiny Chest","FossilizedHelix","Peace Pipe","Paper Frog","Pandora\u0027s Box"],"potions_floor_usage":[10,13,24,24],"damage_taken":[{"damage":7,"enemies":"2 Louse","floor":1,"turns":3},{"damage":0,"enemies":"Small Slimes","floor":3,"turns":4},{"damage":1,"enemies":"Cultist","floor":5,"turns":3},{"damage":25,"enemies":"Gremlin Nob","floor":8,"turns":5},{"damage":33,"enemies":"Gremlin Gang","floor":10,"turns":5},{"damage":0,"enemies":"Looter","floor":12,"turns":3},{"damage":25,"enemies":"3 Sentries","floor":13,"turns":6},{"damage":0,"enemies":"Blue Slaver","floor":14,"turns":2},{"damage":0,"enemies":"Slime Boss","floor":16,"turns":6},{"damage":27,"enemies":"2 Thieves","floor":18,"turns":5},{"damage":42,"enemies":"3 Byrds","floor":19,"turns":6},{"damage":15,"enemies":"Snecko","floor":20,"turns":5},{"damage":53,"enemies":"Slavers","floor":24,"turns":4}],"seed_played":"2373079463883190759","potions_obtained":[{"floor":5,"key":"Swift Potion"},{"floor":10,"key":"Ancient Potion"},{"floor":12,"key":"Strength Potion"},{"floor":14,"key":"Swift Potion"},{"floor":18,"key":"Weak Potion"}],"is_trial":false,"path_per_floor":["M","?","M","?","M","R","$","E","T","M","R","M","E","M","R","B",null,"M","M","M","?","?","R","E"],"character_chosen":"IRONCLAD","items_purchased":["Metamorphosis","Weak Potion"],"campfire_rested":2,"item_purchase_floors":[7,7],"current_hp_per_floor":[79,68,74,74,79,79,79,60,60,33,33,39,20,26,50,56,80,62,26,17,17,17,41,0],"gold":447,"neow_bonus":"RANDOM_COMMON_RELIC","is_prod":false,"is_daily":false,"chose_seed":false,"campfire_upgraded":2,"win_rate":0,"timestamp":1547954794,"path_taken":["M","?","M","?","M","R","$","E","T","M","R","M","E","M","R","BOSS","M","M","M","?","?","R","E"],"build_version":"2019-01-17v2","purchased_purges":1,"victory":false,"max_hp_per_floor":[80,80,80,80,80,80,80,80,80,80,80,80,80,80,80,80,80,83,83,83,83,83,83,83],"card_choices":[{"not_picked":["Twin Strike","Sword Boomerang"],"picked":"Iron Wave","floor":1},{"not_picked":["Hemokinesis","Warcry"],"picked":"Shrug It Off","floor":3},{"not_picked":["Blood for Blood","Twin Strike","Dual Wield"],"picked":"SKIP","floor":5},{"not_picked":["Twin Strike","Ghostly Armor"],"picked":"Warcry","floor":8},{"not_picked":["Flame Barrier","Perfected Strike"],"picked":"Fiend Fire","floor":10},{"not_picked":["Second Wind","Wild Strike","Pommel Strike"],"picked":"SKIP","floor":12},{"not_picked":["Clothesline","Twin Strike","Wild Strike"],"picked":"SKIP","floor":13},{"not_picked":["Sentinel","Perfected Strike"],"picked":"Havoc","floor":14},{"not_picked":["Bludgeon","Immolate"],"picked":"Feed","floor":16},{"not_picked":["Wild Strike","Anger+1"],"picked":"Flex+1","floor":18},{"not_picked":["Havoc","Heavy Blade+1"],"picked":"True Grit","floor":19},{"not_picked":["Armaments","Clothesline","Headbutt"],"picked":"SKIP","floor":20}],"player_experience":193571,"relics_obtained":[{"floor":8,"key":"FossilizedHelix"},{"floor":9,"key":"Peace Pipe"},{"floor":13,"key":"Paper Frog"}],"event_choices":[{"damage_healed":0,"gold_gain":75,"player_choice":"Gather Gold","damage_taken":11,"max_hp_gain":0,"max_hp_loss":0,"event_name":"World of Goop","floor":2,"gold_loss":0},{"damage_healed":0,"gold_gain":175,"player_choice":"AGREE","damage_taken":0,"max_hp_gain":0,"max_hp_loss":0,"event_name":"Liars Game","floor":4,"gold_loss":0,"cards_obtained":["Doubt"]},{"damage_healed":0,"gold_gain":99,"player_choice":"Stole From Cult","damage_taken":0,"max_hp_gain":0,"max_hp_loss":0,"event_name":"Nest","floor":21,"gold_loss":0},{"damage_healed":0,"gold_gain":0,"player_choice":"Ignored","damage_taken":0,"max_hp_gain":0,"max_hp_loss":0,"event_name":"Ghosts","floor":22,"gold_loss":0}],"is_beta":false,"boss_relics":[{"not_picked":["Runic Cube","Sozu"],"picked":"Pandora\u0027s Box"}],"items_purged_floors":[7],"is_endless":false,"potions_floor_spawned":[5,10,12,14,16,18],"killed_by":"Slavers","ascension_level":4}