{"gold_per_floor":[118,118,118,118,133,168,193,227,227,241,284,284,284,307,307,403,403,428,50,73,87,112,112,112,27,52,52,52],"floor_reached":28,"playtime":1310,"items_purged":["Strike_B"],"score":500,"play_id":"3712b73d-98d5-4b6b-b675-bf67cc1af5ee","local_time":"20190227194753","is_ascension_mode":true,"campfire_choices":[{"floor":13.0,"key":"REST"},{"data":"Defragment","floor":15.0,"key":"SMITH"},{"floor":23,"key":"REST"},{"data":"Zap","floor":27,"key":"SMITH"}],"neow_cost":"NONE","seed_source_timestamp":0,"circlet_count":0,"master_deck":["AscendersBane","Strike_B","Strike_B","Defend_B","Defend_B","Defend_B","Defend_B","Zap+1","Dualcast","Coolheaded","BootSequence","Conserve Battery","Self Repair","Defragment+1","Gash","Rebound","Compile Driver","Doom and Gloom","Hologram","FTL","Buffer","Turbo","Defragment+1","Go for the Eyes","BootSequence","Rebound","Gash","Genetic Algorithm","Conserve Battery"],"special_seed":0,"relics":["FrozenCore","NeowsBlessing","Golden Idol","Prayer Wheel","Gambling Chip","Calipers","Pantograph","Matryoshka","Dodecahedron","Centennial Puzzle","Anchor"],"potions_floor_usage":[20],"damage_taken":[{"damage":0.0,"enemies":"Jaw Worm","floor":1.0,"turns":1.0},{"damage":0.0,"enemies":"Small Slimes","floor":5.0,"turns":1.0},{"damage":0.0,"enemies":"Gremlin Nob","floor":6.0,"turns":1.0},{"damage":0.0,"enemies":"Cultist","floor":7.0,"turns":4.0},{"damage":14.0,"enemies":"Lagavulin","floor":8.0,"turns":9.0},{"damage":2.0,"enemies":"Exordium Wildlife","floor":10.0,"turns":4.0},{"damage":57.0,"enemies":"Gremlin Nob","floor":11.0,"turns":5.0},{"damage":8.0,"enemies":"Blue Slaver","floor":14.0,"turns":3.0},{"damage":48.0,"enemies":"The Guardian","floor":16.0,"turns":11.0},{"damage":29,"enemies":"Spheric Guardian","floor":18,"turns":6},{"damage":16,"enemies":"3 Byrds","floor":20,"turns":6},{"damage":0,"enemies":"Centurion and Healer","floor":21,"turns":8},{"damage":5,"enemies":"Snecko","floor":22,"turns":8},{"damage":5,"enemies":"Colosseum Slavers","floor":24,"turns":7},{"damage":61,"enemies":"Slavers","floor":28,"turns":6}],"seed_played":"-2732860917137729510","potions_obtained":[{"floor":4.0,"key":"FairyPotion"},{"floor":4.0,"key":"AttackPotion"},{"floor":6.0,"key":"Regen Potion"},{"floor":14.0,"key":"Swift Potion"},{"floor":16.0,"key":"SpeedPotion"},{"floor":20,"key":"Fruit Juice"}],"is_trial":false,"path_per_floor":["M","?","?","?","M","E","M","E","T","M","E","$","R","M","R","B",null,"M","$","M","M","M","R","?","?","T","R","E"],"character_chosen":"DEFECT","items_purchased":["Go for the Eyes","Matryoshka"],"campfire_rested":2,"item_purchase_floors":[19,19],"current_hp_per_floor":[64,64,64,64,64,64,64,57,57,62,21,21,40,39,39,23,54,32,32,28,35,37,57,59,59,59,59,0],"gold":52,"neow_bonus":"THREE_ENEMY_KILL","is_prod":false,"is_daily":false,"chose_seed":false,"campfire_upgraded":2,"win_rate":0,"timestamp":1551314873,"path_taken":["M","?","?","?","M","E","M","E","T","M","E","$","R","?","R","BOSS","M","$","M","M","M","R","?","?","T","R","E"],"build_version":"2019-01-23","purchased_purges":1,"victory":false,"max_hp_per_floor":[71,71,64,64,64,64,64,64,64,64,64,64,64,64,64,64,64,64,64,69,69,69,69,69,69,69,69,69],"card_choices":[{"not_picked":["Turbo","Aggregate"],"picked":"Coolheaded","floor":1.0},{"not_picked":["Force Field","Sweeping Beam"],"picked":"Conserve Battery","floor":5.0},{"not_picked":["Leap","Lockon"],"picked":"Self Repair","floor":6.0},{"not_picked":["Beam Cell","Compile Driver"],"picked":"Defragment","floor":7.0},{"not_picked":["Redo","Streamline"],"picked":"Gash","floor":7.0},{"not_picked":["Biased Cognition","Leap"],"picked":"Rebound","floor":8.0},{"not_picked":["Streamline","Steam"],"picked":"Compile Driver","floor":10.0},{"not_picked":["Chill","Sunder"],"picked":"Doom and Gloom","floor":10.0},{"not_picked":["Rip and Tear","Compile Driver","Heatsinks"],"picked":"SKIP","floor":11.0},{"not_picked":["Consume","Hologram","Leap"],"picked":"SKIP","floor":14.0},{"not_picked":["Aggregate","FTL","Rebound"],"picked":"SKIP","floor":14.0},{"not_picked":["Consume","Leap"],"picked":"Hologram","floor":14.0},{"not_picked":["Aggregate","Rebound"],"picked":"FTL","floor":14.0},{"not_picked":["Reboot","Seek"],"picked":"Buffer","floor":16.0},{"not_picked":["Streamline","Consume"],"picked":"Turbo","floor":18},{"not_picked":["Sunder+1","Skim"],"picked":"Defragment+1","floor":18},{"not_picked":["Hologram","Lockon"],"picked":"BootSequence","floor":20},{"not_picked":["Blizzard","Barrage"],"picked":"Rebound","floor":20},{"not_picked":["Turbo","Multi-Cast"],"picked":"Gash","floor":21},{"not_picked":["Compile Driver","Rebound","Sweeping Beam"],"picked":"SKIP","floor":21},{"not_picked":["Redo","Streamline"],"picked":"Genetic Algorithm","floor":22},{"not_picked":["Blizzard","Melter"],"picked":"Conserve Battery","floor":22}],"player_experience":403887,"relics_obtained":[{"floor":6.0,"key":"Prayer Wheel"},{"floor":8.0,"key":"Gambling Chip"},{"floor":9.0,"key":"Calipers"},{"floor":11.0,"key":"Pantograph"},{"floor":26,"key":"Centennial Puzzle"},{"floor":26,"key":"Anchor"}],"event_choices":[{"damage_healed":0.0,"max_hp_gain":0.0,"max_hp_loss":0.0,"gold_gain":0.0,"cards_transformed":["Strike_B"],"event_name":"Living Wall","player_choice":"Change","floor":2.0,"gold_loss":0.0,"damage_taken":0.0,"cards_obtained":["BootSequence"]},{"damage_healed":0.0,"max_hp_gain":0.0,"max_hp_loss":7.0,"gold_gain":0.0,"event_name":"Golden Idol","player_choice":"Lose Max HP","floor":3.0,"gold_loss":0.0,"damage_taken":0.0,"relics_obtained":["Golden Idol"]},{"damage_healed":0.0,"max_hp_gain":0.0,"max_hp_loss":0.0,"gold_gain":0.0,"event_name":"Lab","player_choice":"Got Potions","floor":4.0,"gold_loss":0.0,"damage_taken":0.0},{"damage_healed":0,"gold_gain":0,"player_choice":"Fight","damage_taken":0,"max_hp_gain":0,"max_hp_loss":0,"event_name":"Colosseum","floor":24,"gold_loss":0},{"damage_healed":0,"gold_gain":0,"player_choice":"Fled From Nobs","damage_taken":0,"max_hp_gain":0,"max_hp_loss":0,"event_name":"Colosseum","floor":24,"gold_loss":0},{"damage_healed":0,"gold_gain":0,"player_choice":"Obtained Relic","damage_taken":0,"relics_obtained":["Dodecahedron"],"max_hp_gain":0,"max_hp_loss":0,"event_name":"Addict","floor":25,"gold_loss":85}],"is_beta":false,"boss_relics":[{"not_picked":["Calling Bell","Fusion Hammer"],"picked":"FrozenCore"}],"items_purged_floors":[19],"is_endless":false,"potions_floor_spawned":[6,14,16,18,20],"killed_by":"Slavers","ascension_level":18}