{"path_per_floor":["M","M","?","$","M","R","E","?","T","E","R","M","E","M","R","B",null,"M","?","M","?","$","R","$"],"character_chosen":"IRONCLAD","items_purchased":["Madness"],"gold_per_floor":[110,126,126,51,63,63,96,96,119,150,150,161,192,212,212,308,308,328,253,263,263,163,163,66],"floor_reached":25,"campfire_rested":1,"playtime":2112,"current_hp_per_floor":[65,71,71,71,72,72,50,50,50,44,44,51,16,10,31,29,72,75,75,52,37,37,37,37],"items_purged":["Strike_R","Strike_R"],"gold":66,"play_id":"94e713a2-12d8-42b9-9910-59dfdaf8b904","is_prod":false,"is_daily":false,"is_ascension_mode":true,"campfire_upgraded":3,"path_taken":["M","?","?","$","M","R","E","?","T","E","R","M","E","M","R","BOSS","M","?","M","?","$","R","?","E"],"build_version":"2018-01-25-PROD3","purchased_purges":2,"victory":false,"master_deck":["Defend_R","Defend_R","Defend_R","Defend_R","Bash","Searing Blow","Limit Break","Evolve+1","Armaments+1","Demon Form+1","Power Through","Havoc","Feed","Sword Boomerang+1","True Grit+1","Madness"],"max_hp_per_floor":[72,72,72,72,72,72,72,72,72,72,72,72,72,72,72,72,72,76,76,79,84,84,84,84],"relics":["Burning Blood","Dodecahedron","Omamori","Blood Vial","Bronze Scales","Philosopher\u0027s Stone"],"card_choices":[{"not_picked":["Flex","Sever Soul"],"picked":"Evolve"},{"not_picked":["Perfected Strike","Shrug It Off"],"picked":"Armaments"},{"not_picked":["Clash","Clothesline"],"picked":"Demon Form"},{"not_picked":["Sever Soul","Combust"],"picked":"Power Through"},{"not_picked":["Dropkick","Blood for Blood"],"picked":"Havoc"},{"not_picked":["Offering","Brutality"],"picked":"Feed"},{"not_picked":["Rampage","Bloodletting"],"picked":"Sword Boomerang"},{"not_picked":["Thunderclap","Wild Strike"],"picked":"True Grit"}],"player_experience":99130,"potions_floor_usage":[25],"damage_taken":[{"damage":13.0,"enemies":"Blue Slaver","floor":1.0,"turns":6.0},{"damage":0.0,"enemies":"2 Louse","floor":2.0,"turns":4.0},{"damage":1.0,"enemies":"Jaw Worm","floor":5.0,"turns":6.0},{"damage":28.0,"enemies":"3 Sentries","floor":7.0,"turns":11.0},{"damage":12.0,"enemies":"Lagavulin","floor":10.0,"turns":9.0},{"damage":1.0,"enemies":"3 Louse","floor":12.0,"turns":6.0},{"damage":43.0,"enemies":"3 Sentries","floor":13.0,"turns":7.0},{"damage":14.0,"enemies":"Exordium Thugs","floor":14.0,"turns":6.0},{"damage":10.0,"enemies":"The Guardian","floor":16.0,"turns":10.0},{"damage":7.0,"enemies":"Shell Parasite","floor":18.0,"turns":5.0},{"damage":33.0,"enemies":"2 Thieves","floor":20.0,"turns":5.0},{"damage":33,"enemies":"Slavers","floor":25,"turns":3}],"event_choices":[{"event_name":"Upgrade Shrine","player_choice":"Upgraded","floor":3.0,"damage_taken":0.0},{"event_name":"Liars Game","player_choice":"disagreed","floor":8.0,"damage_taken":0.0},{"event_name":"Beggar","player_choice":"Gave Gold","floor":19.0,"damage_taken":0.0},{"event_name":"Forgotten Altar","player_choice":"Shed Blood","floor":21.0,"damage_taken":0.0}],"boss_relics":[],"potions_floor_spawned":[1,2,13],"seed_played":"2532906038674837173","killed_by":"Slavers","ascension_level":1,"is_trial":false}