{"gold_per_floor":[209,221,36,53,79,114,14,47,47,82,82,82,82,82,82,206,206,221,221,246,25,43,43,79,79,127,127],"floor_reached":27,"playtime":2389,"items_purged":["Strike_B","Defend_B","Strike_B"],"score":272,"play_id":"ca59168b-484e-42ff-8f89-f0115938a30e","local_time":"20180818160649","is_ascension_mode":true,"campfire_choices":[{"floor":12.0,"key":"REST"},{"floor":15.0,"key":"REST"},{"data":"Echo Form","floor":23,"key":"SMITH"}],"neow_cost":"NONE","seed_source_timestamp":0,"circlet_count":0,"master_deck":["Strike_B","Defend_B","Defend_B","Zap","Dualcast","Sunder","Self Repair","Consume","Reboot","Echo Form+1","Coolheaded","Cold Snap","Electrodynamics","Enlightenment","Capacitor","White Noise"],"special_seed":0,"relics":["Cracked Core","Bronze Scales","Potion Belt","Happy Flower","Vajra","Emotion Chip","Golden Idol","Nuclear Battery","Nilry\u0027s Codex","Juzu Bracelet","Bag of Preparation"],"potions_floor_usage":[],"damage_taken":[{"damage":1.0,"enemies":"Cultist","floor":1.0,"turns":3.0},{"damage":1.0,"enemies":"2 Louse","floor":2.0,"turns":2.0},{"damage":12.0,"enemies":"Jaw Worm","floor":4.0,"turns":3.0},{"damage":12.0,"enemies":"3 Sentries","floor":6.0,"turns":6.0},{"damage":40.0,"enemies":"Lagavulin","floor":8.0,"turns":6.0},{"damage":21.0,"enemies":"Gremlin Nob","floor":10.0,"turns":4.0},{"damage":16.0,"enemies":"Hexaghost","floor":16.0,"turns":8.0},{"damage":6.0,"enemies":"Chosen","floor":18.0,"turns":4.0},{"damage":10,"enemies":"Shell Parasite","floor":20,"turns":6},{"damage":7,"enemies":"Snecko","floor":22,"turns":6},{"damage":47,"enemies":"Book of Stabbing","floor":24,"turns":6},{"damage":32,"enemies":"Slavers","floor":27,"turns":3}],"seed_played":"-6084114640478250016","potions_obtained":[{"floor":6.0,"key":"Swift Potion"},{"floor":10.0,"key":"LiquidBronze"},{"floor":18.0,"key":"SpeedPotion"},{"floor":24,"key":"LiquidBronze"}],"is_trial":false,"path_per_floor":["M","M","$","M","T","E","$","E","T","E","?","R","?","?","R","B",null,"M","?","M","$","M","R","E","?","T"],"character_chosen":"DEFECT","items_purchased":["Self Repair","Consume","Enlightenment"],"campfire_rested":2,"item_purchase_floors":[3,3,21],"current_hp_per_floor":[74,73,73,68,68,63,63,30,30,16,9,31,31,13,35,26,75,75,59,56,56,56,56,30,30,30,0],"gold":127,"neow_bonus":"HUNDRED_GOLD","is_prod":false,"is_daily":false,"chose_seed":false,"campfire_upgraded":1,"win_rate":0,"timestamp":1534604809,"path_taken":["M","M","$","M","?","E","$","E","T","E","?","R","?","?","R","BOSS","M","?","?","$","M","R","E","?","T","E"],"build_version":"2018-08-16","purchased_purges":3,"victory":false,"max_hp_per_floor":[75,75,75,75,75,75,75,75,75,75,75,75,75,75,75,75,75,75,75,75,75,75,75,75,75,75,75],"card_choices":[{"not_picked":["Ball Lightning","Rebound"],"picked":"Sunder","floor":1.0},{"not_picked":["Barrage","Cold Snap","Ball Lightning"],"picked":"SKIP","floor":2.0},{"not_picked":["Gash","Conserve Battery"],"picked":"Reboot","floor":4.0},{"not_picked":["Ball Lightning","Core Surge"],"picked":"Echo Form","floor":6.0},{"not_picked":["Fusion","Aggregate"],"picked":"Coolheaded","floor":8.0},{"not_picked":["Hello World","Streamline"],"picked":"Cold Snap","floor":10.0},{"not_picked":["Core Surge","Reboot"],"picked":"Electrodynamics","floor":16.0},{"not_picked":["Reinforced Body","Leap","Fusion"],"picked":"SKIP","floor":18.0},{"not_picked":["Redo","Recycle+1","Steam+1"],"picked":"SKIP","floor":20},{"not_picked":["Leap","Steam"],"picked":"Capacitor","floor":22},{"not_picked":["Sweeping Beam","Gash"],"picked":"White Noise","floor":24}],"player_experience":430536,"relics_obtained":[{"floor":5.0,"key":"Bronze Scales"},{"floor":6.0,"key":"Potion Belt"},{"floor":8.0,"key":"Happy Flower"},{"floor":9.0,"key":"Vajra"},{"floor":10.0,"key":"Emotion Chip"},{"floor":19,"key":"Nilry\u0027s Codex"},{"floor":24,"key":"Juzu Bracelet"},{"floor":26,"key":"Bag of Preparation"}],"event_choices":[{"event_name":"Golden Wing","player_choice":"Card Removal","floor":11.0,"damage_taken":0.0},{"event_name":"Purifier","player_choice":"One Purge","floor":13.0,"damage_taken":0.0},{"event_name":"Golden Idol","player_choice":"Take Damage","floor":14.0,"damage_taken":0.0},{"event_name":"Cursed Tome","player_choice":"Obtained Book","floor":19,"damage_taken":0},{"event_name":"Drug Dealer","player_choice":"Ignored","floor":25,"damage_taken":0}],"is_beta":false,"boss_relics":[{"not_picked":["Busted Crown","Runic Pyramid"],"picked":"Nuclear Battery"}],"items_purged_floors":[3,7,21],"is_endless":false,"potions_floor_spawned":[6,10,18,24],"killed_by":"Slavers","ascension_level":2}