{"gold_per_floor":[112,112,127,127,142,142,167,178,178,178,178,203,213,213],"floor_reached":14,"playtime":437,"items_purged":[],"score":195,"play_id":"89962358-4825-42be-bd1e-ea5da999288c","local_time":"20181021001304","is_ascension_mode":true,"campfire_choices":[{"data":"Dagger Throw","floor":6,"key":"SMITH"},{"data":"Caltrops","floor":10,"key":"SMITH"},{"data":"Dagger Spray","floor":11,"key":"SMITH"}],"neow_cost":"NONE","seed_source_timestamp":964666831543090,"circlet_count":0,"master_deck":["Defend_G","Defend_G","Defend_G","Defend_G","Defend_G","Strike_G","Strike_G","Strike_G","Strike_G","Strike_G","Survivor","Neutralize+1","AscendersBane","Dagger Throw+1","Dagger Throw","Dagger Spray+1","Caltrops+1","Dodge and Roll","Terror","Eviscerate","Escape Plan"],"relics":["Ring of the Snake","WingedGreaves","Prayer Wheel","Peace Pipe"],"potions_floor_usage":[12,14,14],"damage_taken":[{"damage":2,"enemies":"Small Slimes","floor":1,"turns":5},{"damage":1,"enemies":"Jaw Worm","floor":3,"turns":3},{"damage":0,"enemies":"Cultist","floor":5,"turns":3},{"damage":24,"enemies":"Gremlin Nob","floor":7,"turns":4},{"damage":7,"enemies":"Red Slaver","floor":8,"turns":5},{"damage":26,"enemies":"Lagavulin","floor":12,"turns":7},{"damage":0,"enemies":"3 Louse","floor":13,"turns":2},{"damage":28,"enemies":"3 Sentries","floor":14,"turns":8}],"seed_played":"-4509472436412351540","potions_obtained":[{"floor":3,"key":"Dexterity Potion"},{"floor":12,"key":"SpeedPotion"},{"floor":13,"key":"Regen Potion"}],"is_trial":false,"path_per_floor":["M","?","M","?","M","R","E","M","T","R","R","E","M"],"character_chosen":"THE_SILENT","items_purchased":[],"campfire_rested":0,"item_purchase_floors":[],"current_hp_per_floor":[63,68,67,67,67,67,43,36,36,36,36,10,10,0],"gold":213,"neow_bonus":"TEN_PERCENT_HP_BONUS","is_prod":false,"is_daily":false,"chose_seed":false,"campfire_upgraded":3,"win_rate":0,"timestamp":1540095184,"path_taken":["M","?","M","?","M","R","E","M","T","R","R","E","M","E"],"build_version":"2018-10-18","purchased_purges":0,"victory":false,"max_hp_per_floor":[72,77,77,77,77,77,77,77,77,77,77,77,77,77],"card_choices":[{"not_picked":["Outmaneuver","Slice"],"picked":"Dagger Throw","floor":1},{"not_picked":["PiercingWail","Cloak And Dagger"],"picked":"Dagger Throw","floor":3},{"not_picked":["Blade Dance","All Out Attack"],"picked":"Dagger Spray","floor":5},{"not_picked":["Sucker Punch","Quick Slash"],"picked":"Caltrops","floor":7},{"not_picked":["Prepared","Deadly Poison"],"picked":"Dodge and Roll","floor":8},{"not_picked":["Slice","Night Terror"],"picked":"Terror","floor":12},{"not_picked":["All Out Attack","Deadly Poison"],"picked":"Eviscerate","floor":13},{"not_picked":["Slice","Flying Knee"],"picked":"Escape Plan","floor":13}],"player_experience":780159,"relics_obtained":[{"floor":7,"key":"WingedGreaves"},{"floor":9,"key":"Prayer Wheel"},{"floor":12,"key":"Peace Pipe"}],"event_choices":[{"damage_healed":0,"gold_gain":0,"player_choice":"Donut","damage_taken":0,"max_hp_gain":5,"max_hp_loss":0,"event_name":"Big Fish","floor":2,"gold_loss":0},{"damage_healed":0,"gold_gain":0,"player_choice":"Grow","damage_taken":0,"max_hp_gain":0,"max_hp_loss":0,"event_name":"Living Wall","floor":4,"gold_loss":0,"cards_upgraded":["Neutralize"]}],"is_beta":false,"boss_relics":[],"items_purged_floors":[],"is_endless":false,"potions_floor_spawned":[3,12,13],"killed_by":"3 Sentries","ascension_level":19}