{"gold_per_floor":[368,378,378,389,31,31,31,31,31,31,65,35,35,70,70,148,148,164,164,176,101,118,145,158,158,213,227,238,238,92,109,109,188,188,199,251,269,48,60,60,90,90,117,127,141,141,141,167,167,167],"floor_reached":51,"playtime":2646,"items_purged":["Parasite"],"score":1340,"play_id":"351650f4-5ba1-4f11-94e2-e1f5728cd7a0","local_time":"20180721014145","is_ascension_mode":true,"campfire_choices":[{"data":"Malaise","floor":6,"key":"SMITH"},{"data":"Prepared","floor":10,"key":"SMITH"},{"data":"Neutralize","floor":13,"key":"SMITH"},{"data":"Bouncing Flask","floor":15,"key":"SMITH"},{"data":"Cloak And Dagger","floor":25,"key":"SMITH"},{"data":"Deflect","floor":29,"key":"SMITH"},{"data":"Blur","floor":32,"key":"SMITH"},{"data":"Adrenaline","floor":40,"key":"SMITH"},{"data":"Corpse Explosion","floor":42,"key":"SMITH"},{"data":"Burst","floor":46,"key":"SMITH"},{"data":"Madness","floor":49,"key":"SMITH"}],"neow_cost":"CURSE","seed_source_timestamp":582541112882264,"circlet_count":0,"master_deck":["Defend_G+1","Defend_G+1","Defend_G+1","Defend_G+1","Defend_G+1","Strike_G+1","Strike_G+1","Strike_G+1","Strike_G+1","Strike_G+1","Survivor","Neutralize+1","AscendersBane","Prepared+1","Sucker Punch+1","Malaise+1","Bouncing Flask+1","Cloak And Dagger+1","Footwork+1","Envenom+1","Deflect+1","Dodge and Roll+1","Escape Plan","Corpse Explosion+1","Blur+1","Adrenaline+1","Cloak And Dagger+1","Well Laid Plans+1","Noxious Fumes+1","Burst+1","Madness+1"],"relics":["Ring of the Snake","Snake Skull","TwistedFunnel","Frozen Egg 2","Meat on the Bone","Centennial Puzzle","Singing Bowl","Coffee Dripper","Art of War","Pen Nib","Runic Dome","Ginger","Oddly Smooth Stone","Happy Flower","Vajra","Orichalcum"],"potions_floor_usage":[12,16,20,23,28,50,50],"damage_taken":[{"damage":6,"enemies":"Small Slimes","floor":1,"turns":6},{"damage":3,"enemies":"Jaw Worm","floor":2,"turns":4},{"damage":0,"enemies":"Cultist","floor":4,"turns":4},{"damage":30,"enemies":"3 Sentries","floor":11,"turns":15},{"damage":6,"enemies":"Exordium Thugs","floor":12,"turns":5},{"damage":10,"enemies":"Lagavulin","floor":14,"turns":5},{"damage":21,"enemies":"Hexaghost","floor":16,"turns":8},{"damage":0,"enemies":"3 Byrds","floor":18,"turns":5},{"damage":0,"enemies":"2 Thieves","floor":20,"turns":3},{"damage":1,"enemies":"Sentry and Sphere","floor":22,"turns":6},{"damage":1,"enemies":"Book of Stabbing","floor":23,"turns":6},{"damage":6,"enemies":"Centurion and Healer","floor":24,"turns":6},{"damage":0,"enemies":"Cultist and Chosen","floor":27,"turns":5},{"damage":2,"enemies":"Chosen and Byrds","floor":28,"turns":5},{"damage":4,"enemies":"Snecko","floor":31,"turns":8},{"damage":29,"enemies":"Champ","floor":33,"turns":10},{"damage":0,"enemies":"3 Darklings","floor":35,"turns":3},{"damage":3,"floor":36,"turns":4},{"damage":0,"enemies":"Orb Walker","floor":37,"turns":3},{"damage":0,"enemies":"Transient","floor":39,"turns":5},{"damage":0,"enemies":"Nemesis","floor":41,"turns":7},{"damage":0,"enemies":"3 Darklings","floor":44,"turns":3},{"damage":1,"enemies":"Maw","floor":45,"turns":6},{"damage":12,"enemies":"Giant Head","floor":48,"turns":8},{"damage":13,"enemies":"Time Eater","floor":50,"turns":11}],"seed_played":"7384045130385975015","potions_obtained":[{"floor":11,"key":"Dexterity Potion"},{"floor":14,"key":"PowerPotion"},{"floor":16,"key":"Block Potion"},{"floor":18,"key":"Fire Potion"},{"floor":22,"key":"Dexterity Potion"},{"floor":24,"key":"SkillPotion"},{"floor":33,"key":"Dexterity Potion"},{"floor":44,"key":"Poison Potion"}],"is_trial":false,"path_per_floor":["M","M","?","M","$","R","$","T","T","R","E","M","R","E","R","B",null,"M","?","M","$","M","E","M","R","T","M","M","R","$","M","R","B",null,"M","?","M","$","M","R","E","R","T","M","M","R","?","E","R","B"],"character_chosen":"THE_SILENT","items_purchased":["Snake Skull","TwistedFunnel","Corpse Explosion","Noxious Fumes+1","Oddly Smooth Stone"],"campfire_rested":0,"item_purchase_floors":[5,5,30,38,38],"current_hp_per_floor":[53,50,50,50,50,50,50,50,50,50,32,38,38,40,40,31,57,57,57,57,57,58,57,53,53,53,55,55,55,55,51,51,34,62,62,59,61,61,63,63,65,65,65,67,66,66,66,56,56,43],"gold":167,"neow_bonus":"TWO_FIFTY_GOLD","is_prod":false,"is_daily":false,"chose_seed":false,"campfire_upgraded":11,"win_rate":0,"timestamp":1532151705,"path_taken":["M","M","?","?","$","R","$","?","T","R","E","M","R","E","R","BOSS","M","?","M","$","M","E","?","R","T","M","M","R","$","M","R","BOSS","M","?","M","$","M","R","E","R","T","M","M","R","?","E","R","BOSS"],"build_version":"2018-07-19v2","purchased_purges":1,"victory":true,"max_hp_per_floor":[66,66,66,66,66,66,66,66,66,66,66,66,66,66,66,66,66,66,66,66,63,65,65,67,67,67,69,71,71,71,71,71,71,71,71,71,73,73,75,75,77,77,77,79,79,79,79,81,81,81],"card_choices":[{"not_picked":["Dodge and Roll","PiercingWail"],"picked":"Prepared","floor":1},{"not_picked":["Prepared","Acrobatics"],"picked":"Sucker Punch","floor":2},{"not_picked":["Endless Agony","Dodge and Roll"],"picked":"Malaise","floor":4},{"not_picked":["Prepared","Calculated Gamble"],"picked":"Bouncing Flask","floor":11},{"not_picked":["Sucker Punch","Prepared"],"picked":"Cloak And Dagger","floor":12},{"not_picked":["Reflex","Venomology"],"picked":"Footwork+1","floor":14},{"not_picked":["Venomology","Adrenaline"],"picked":"Envenom+1","floor":16},{"not_picked":["Dagger Throw","Slice"],"picked":"Deflect","floor":18},{"not_picked":["Poisoned Stab","Quick Slash"],"picked":"Dodge and Roll+1","floor":20},{"not_picked":["Sucker Punch+1","Acrobatics","Terror"],"picked":"Singing Bowl","floor":22},{"not_picked":["Dagger Throw","Grand Finale"],"picked":"Escape Plan","floor":23},{"not_picked":["Flying Knee","Deflect","Reflex+1"],"picked":"Singing Bowl","floor":24},{"not_picked":["Expertise","Calculated Gamble","Leg Sweep"],"picked":"Singing Bowl","floor":27},{"not_picked":["Blade Dance","Choke","Flying Knee"],"picked":"Singing Bowl","floor":28},{"not_picked":["Heel Hook","Deadly Poison"],"picked":"Blur","floor":31},{"not_picked":["Phantasmal Killer","Night Terror"],"picked":"Adrenaline","floor":33},{"not_picked":["Dagger Throw","Outmaneuver"],"picked":"Cloak And Dagger+1","floor":35},{"not_picked":["Poisoned Stab","Escape Plan"],"picked":"Well Laid Plans+1","floor":36},{"not_picked":["Poisoned Stab","Deadly Poison","Underhanded Strike"],"picked":"Singing Bowl","floor":37},{"not_picked":["Dagger Throw","PiercingWail","Sucker Punch"],"picked":"Singing Bowl","floor":39},{"not_picked":["Poisoned Stab","Slice+1","Deflect"],"picked":"Singing Bowl","floor":41},{"not_picked":["Bouncing Flask","PiercingWail+1","Eviscerate"],"picked":"Singing Bowl","floor":44},{"not_picked":["Cloak And Dagger","Underhanded Strike"],"picked":"Burst","floor":45},{"not_picked":["Swift Strike","Good Instincts"],"picked":"Madness","floor":47},{"not_picked":["Flying Knee","Quick Slash","Adrenaline"],"picked":"Singing Bowl","floor":48}],"player_experience":505112,"relics_obtained":[{"floor":8,"key":"Frozen Egg 2"},{"floor":9,"key":"Meat on the Bone"},{"floor":11,"key":"Centennial Puzzle"},{"floor":14,"key":"Singing Bowl"},{"floor":23,"key":"Art of War"},{"floor":26,"key":"Pen Nib"},{"floor":36,"key":"Ginger"},{"floor":41,"key":"Happy Flower"},{"floor":43,"key":"Vajra"},{"floor":48,"key":"Orichalcum"}],"event_choices":[{"event_name":"Living Wall","player_choice":"Grow","floor":3,"damage_taken":0},{"event_name":"Back to Basics","player_choice":"Simplicity","floor":19,"damage_taken":0},{"event_name":"Mysterious Sphere","player_choice":"Fight","floor":36,"damage_taken":0},{"event_name":"SensoryStone","player_choice":"Memory 1","floor":47,"damage_taken":0}],"is_beta":false,"boss_relics":[{"not_picked":["Black Star","Runic Pyramid"],"picked":"Coffee Dripper"},{"not_picked":["Ring of the Serpent","Astrolabe"],"picked":"Runic Dome"}],"items_purged_floors":[21],"is_endless":false,"potions_floor_spawned":[11,14,16,18,22,24,33,35,36,44],"ascension_level":15}