{"gold_per_floor":[117,128,143,143,143,183,196,196,245,245,245,310,330,361,361,480,480,494,544,469,369,78,111,111,111,111,149,211,273,303,331,343,455,467,495,522,546,574,602,649,661,698,710,732,794,837,849,874,886,898],"floor_reached":51,"playtime":2860,"items_purged":["Strike_G","Strike_G"],"score":1227,"play_id":"3492de8e-a35e-47b1-925d-e56fe50fb836","local_time":"20190219084304","is_ascension_mode":true,"campfire_choices":[{"floor":8.0,"key":"REST"},{"data":"Footwork","floor":10.0,"key":"SMITH"},{"data":"Noxious Fumes","floor":15.0,"key":"SMITH"},{"floor":24.0,"key":"REST"},{"floor":25.0,"key":"REST"},{"data":"After Image","floor":32.0,"key":"SMITH"},{"data":"Wraith Form v2","floor":41.0,"key":"SMITH"},{"data":"Catalyst","floor":47,"key":"SMITH"},{"data":"Catalyst","floor":49,"key":"SMITH"}],"neow_cost":"NONE","seed_source_timestamp":0,"circlet_count":0,"master_deck":["Defend_G","Defend_G","Defend_G","Defend_G","Defend_G","Survivor","Neutralize","Blur","Crippling Poison","Dagger Spray","Footwork+1","Deadly Poison","Noxious Fumes+1","Heel Hook","After Image+1","A Thousand Cuts+1","Malaise+1","Catalyst+1","Backflip","Poisoned Stab","Calculated Gamble","Cloak And Dagger","Cloak And Dagger+1","Wraith Form v2+1","Deflect+1","Catalyst+1","PiercingWail+1","Parasite","Deadly Poison+1","Backflip+1","PiercingWail+1","Catalyst+1","Cloak And Dagger+1"],"special_seed":0,"relics":["Ring of the Snake","NeowsBlessing","Paper Crane","Bloody Idol","Bag of Marbles","Strawberry","SsserpentHead","WingedGreaves","Astrolabe","PreservedInsect","Happy Flower","Kunai","MawBank","Mummified Hand","Runic Pyramid","Vajra","Shuriken","Darkstone Periapt","Tingsha"],"potions_floor_usage":[50,50,50],"damage_taken":[{"damage":0.0,"enemies":"2 Louse","floor":1.0,"turns":1.0},{"damage":0.0,"enemies":"Jaw Worm","floor":2.0,"turns":1.0},{"damage":0.0,"enemies":"Cultist","floor":3.0,"turns":1.0},{"damage":19.0,"enemies":"Gremlin Nob","floor":6.0,"turns":4.0},{"damage":0.0,"enemies":"Blue Slaver","floor":7.0,"turns":5.0},{"damage":4.0,"enemies":"2 Fungi Beasts","floor":12.0,"turns":4.0},{"damage":2.0,"enemies":"Large Slime","floor":13.0,"turns":8.0},{"damage":0.0,"enemies":"Lagavulin","floor":14.0,"turns":9.0},{"damage":16.0,"enemies":"Hexaghost","floor":16.0,"turns":10.0},{"damage":1.0,"enemies":"Shell Parasite","floor":18.0,"turns":6.0},{"damage":10.0,"enemies":"2 Thieves","floor":20.0,"turns":5.0},{"damage":53.0,"enemies":"Gremlin Leader","floor":23.0,"turns":7.0},{"damage":2.0,"enemies":"Book of Stabbing","floor":27.0,"turns":9.0},{"damage":0.0,"enemies":"Snecko","floor":30.0,"turns":5.0},{"damage":0.0,"enemies":"Cultist and Chosen","floor":31.0,"turns":4.0},{"damage":5.0,"enemies":"Collector","floor":33.0,"turns":9.0},{"damage":0.0,"enemies":"3 Shapes","floor":35.0,"turns":4.0},{"damage":0.0,"enemies":"Orb Walker","floor":36.0,"turns":4.0},{"damage":1.0,"enemies":"Spire Growth","floor":37.0,"turns":7.0},{"damage":0.0,"enemies":"Writhing Mass","floor":38.0,"turns":6.0},{"damage":0.0,"enemies":"Maw","floor":39.0,"turns":7.0},{"damage":11.0,"enemies":"Nemesis","floor":40.0,"turns":9.0},{"damage":3.0,"enemies":"Giant Head","floor":42.0,"turns":9.0},{"damage":10.0,"enemies":"4 Shapes","floor":44.0,"turns":6.0},{"damage":0,"enemies":"Nemesis","floor":46,"turns":6},{"damage":0,"enemies":"Transient","floor":48,"turns":5},{"damage":42,"enemies":"Awakened One","floor":50,"turns":11}],"seed_played":"2951748261932508384","potions_obtained":[{"floor":3.0,"key":"Poison Potion"},{"floor":6.0,"key":"Regen Potion"},{"floor":7.0,"key":"SpeedPotion"},{"floor":16.0,"key":"GamblersBrew"},{"floor":27.0,"key":"LiquidBronze"},{"floor":30.0,"key":"Explosive Potion"},{"floor":33.0,"key":"FearPotion"},{"floor":36.0,"key":"GhostInAJar"},{"floor":37.0,"key":"Regen Potion"},{"floor":40.0,"key":"GhostInAJar"},{"floor":42.0,"key":"SkillPotion"}],"is_trial":false,"path_per_floor":["M","M","M","?","?","E","M","R","T","R","?","M","M","E","R","B",null,"M","?","M","$","$","E","R","R","T","E","?","T","M","M","R","B",null,"M","M","M","M","M","E","R","E","T","M","?","E","R","M","R","B",null],"character_chosen":"THE_SILENT","items_purchased":["Poisoned Stab","PreservedInsect","Calculated Gamble"],"campfire_rested":3,"item_purchase_floors":[21,22,22],"current_hp_per_floor":[63,63,63,45,28,9,9,30,37,37,37,33,31,46,46,30,65,64,64,54,54,54,1,24,47,47,45,45,55,65,75,77,77,77,77,77,77,77,77,71,76,77,77,72,73,73,73,73,73,45],"gold":910,"neow_bonus":"THREE_ENEMY_KILL","is_prod":false,"is_daily":false,"chose_seed":false,"campfire_upgraded":6,"win_rate":0,"timestamp":1550583784,"path_taken":["M","M","M","?","?","E","M","R","T","R","?","?","M","E","R","BOSS","M","?","M","$","$","E","R","R","T","E","?","?","M","M","R","BOSS","M","M","M","M","M","E","R","E","T","M","?","E","R","M","R","BOSS"],"build_version":"2019-01-23","purchased_purges":2,"victory":true,"max_hp_per_floor":[70,70,70,70,70,70,70,70,77,77,77,77,77,77,77,77,77,77,77,77,77,77,77,77,77,77,77,77,77,77,77,77,77,77,77,77,77,77,77,77,77,77,77,77,73,73,73,73,73,73],"card_choices":[{"not_picked":["Dodge and Roll","Blade Dance"],"picked":"Blur","floor":1.0},{"not_picked":["Dagger Throw","Infinite Blades"],"picked":"Crippling Poison","floor":2.0},{"not_picked":["Masterful Stab","Slice"],"picked":"Dagger Spray","floor":3.0},{"not_picked":["Caltrops","Well Laid Plans"],"picked":"Footwork","floor":6.0},{"not_picked":["Reflex","Acrobatics","A Thousand Cuts"],"picked":"SKIP","floor":7.0},{"not_picked":["Blur","Slice"],"picked":"Deadly Poison","floor":12.0},{"not_picked":["All Out Attack","Acrobatics"],"picked":"Noxious Fumes","floor":13.0},{"not_picked":["Caltrops","Backstab"],"picked":"Heel Hook","floor":14.0},{"not_picked":["A Thousand Cuts","Glass Knife"],"picked":"After Image","floor":16.0},{"not_picked":["Reflex","Dagger Spray+1","Slice+1"],"picked":"SKIP","floor":18.0},{"not_picked":["Acrobatics","Escape Plan"],"picked":"Backflip","floor":20.0},{"not_picked":["Dagger Spray+1","Unload","Deadly Poison"],"picked":"SKIP","floor":23.0},{"not_picked":["Bane","Prepared","Dagger Throw"],"picked":"SKIP","floor":27.0},{"not_picked":["Expertise","Catalyst"],"picked":"Cloak And Dagger","floor":30.0},{"not_picked":["Slice","Backstab"],"picked":"Cloak And Dagger+1","floor":31.0},{"not_picked":["Phantasmal Killer","Adrenaline"],"picked":"Wraith Form v2","floor":33.0},{"not_picked":["Infinite Blades+1","Quick Slash+1"],"picked":"Deflect+1","floor":35.0},{"not_picked":["Dodge and Roll+1","Deflect+1"],"picked":"Catalyst","floor":36.0},{"not_picked":["Cloak And Dagger+1","Distraction"],"picked":"PiercingWail+1","floor":37.0},{"not_picked":["Dagger Spray+1","Blade Dance+1","Predator+1"],"picked":"SKIP","floor":38.0},{"not_picked":["Quick Slash+1","Blade Dance+1"],"picked":"Deadly Poison+1","floor":39.0},{"not_picked":["Endless Agony","Prepared"],"picked":"Backflip+1","floor":40.0},{"not_picked":["Masterful Stab","Slice","Choke"],"picked":"SKIP","floor":42.0},{"not_picked":["Phantasmal Killer","Deadly Poison"],"picked":"PiercingWail+1","floor":44.0},{"not_picked":["Terror","Reflex"],"picked":"Catalyst","floor":46},{"not_picked":["Crippling Poison","Dodge and Roll"],"picked":"Cloak And Dagger+1","floor":48}],"player_experience":308023,"relics_obtained":[{"floor":6.0,"key":"Bag of Marbles"},{"floor":9.0,"key":"Strawberry"},{"floor":14.0,"key":"WingedGreaves"},{"floor":23.0,"key":"Happy Flower"},{"floor":26.0,"key":"Kunai"},{"floor":27.0,"key":"MawBank"},{"floor":29.0,"key":"Mummified Hand"},{"floor":40.0,"key":"Vajra"},{"floor":42.0,"key":"Shuriken"},{"floor":43.0,"key":"Darkstone Periapt"},{"floor":46,"key":"Tingsha"}],"event_choices":[{"damage_healed":0.0,"max_hp_gain":0.0,"max_hp_loss":0.0,"gold_gain":0.0,"event_name":"Scrap Ooze","player_choice":"Success","floor":4.0,"gold_loss":0.0,"damage_taken":18.0,"relics_obtained":["Paper Crane"]},{"damage_healed":0.0,"max_hp_gain":0.0,"max_hp_loss":0.0,"gold_gain":0.0,"event_name":"Golden Idol","player_choice":"Take Damage","floor":5.0,"gold_loss":0.0,"damage_taken":17.0,"relics_obtained":["Golden Idol"]},{"damage_healed":0.0,"max_hp_gain":0.0,"max_hp_loss":0.0,"gold_gain":0.0,"event_name":"FaceTrader","player_choice":"Trade","floor":11.0,"gold_loss":0.0,"damage_taken":0.0,"relics_obtained":["SsserpentHead"]},{"damage_healed":0.0,"max_hp_gain":0.0,"max_hp_loss":0.0,"gold_gain":0.0,"event_name":"Ghosts","player_choice":"Ignored","floor":19.0,"gold_loss":0.0,"damage_taken":0.0},{"damage_healed":0.0,"max_hp_gain":0.0,"max_hp_loss":0.0,"gold_gain":0.0,"event_name":"Forgotten Altar","player_choice":"Gave Idol","floor":28.0,"relics_lost":["Golden Idol"],"gold_loss":0.0,"damage_taken":0.0,"relics_obtained":["Bloody Idol"]},{"damage_healed":0,"gold_gain":0,"player_choice":"Max HP","damage_taken":0,"max_hp_gain":0,"max_hp_loss":4,"event_name":"Winding Halls","floor":45,"gold_loss":0}],"is_beta":false,"boss_relics":[{"not_picked":["HoveringKite","Runic Dome"],"picked":"Astrolabe"},{"not_picked":["Philosopher\u0027s Stone","Pandora\u0027s Box"],"picked":"Runic Pyramid"}],"items_purged_floors":[21,22],"is_endless":false,"potions_floor_spawned":[3,6,7,16,27,30,33,36,37,40,42,48],"ascension_level":9}