{"gold_per_floor":[99,24,24,24,24,24,24,9,9,9,9,9,0,0,0,0,0,0,0,0],"floor_reached":20,"playtime":2230,"items_purged":["Strike_R"],"score":252,"play_id":"f187fb1e-d031-44dd-b25c-d7d79407cfcd","local_time":"20180706185619","is_ascension_mode":true,"campfire_choices":[{"data":"Body Slam","floor":6,"key":"SMITH"},{"data":"True Grit","floor":12,"key":"SMITH"},{"floor":15,"key":"REST"}],"neow_cost":"NONE","seed_source_timestamp":558423197839599,"circlet_count":0,"master_deck":["Strike_R","Strike_R+1","Strike_R","Strike_R","Defend_R","Defend_R","Defend_R","Defend_R","Bash","AscendersBane","Body Slam+1","Headbutt","Whirlwind","Pommel Strike","Thunderclap+1","True Grit+1","Juggernaut","Armaments"],"relics":["Ectoplasm","Sundial","Sozu"],"potions_floor_usage":[13,13,13,16,16,19],"damage_taken":[{"damage":12,"enemies":"Jaw Worm","floor":1,"turns":2},{"damage":4,"enemies":"2 Louse","floor":3,"turns":3},{"damage":5,"enemies":"Cultist","floor":4,"turns":4},{"damage":11,"enemies":"Blue Slaver","floor":7,"turns":3},{"damage":11,"enemies":"Looter","floor":8,"turns":2},{"damage":5,"enemies":"Gremlin Gang","floor":11,"turns":3},{"damage":7,"enemies":"Exordium Thugs","floor":13,"turns":3},{"damage":15,"enemies":"Hexaghost","floor":16,"turns":9},{"damage":0,"enemies":"3 Byrds","floor":18,"turns":4},{"damage":33,"enemies":"2 Thieves","floor":19,"turns":3},{"damage":36,"enemies":"Snake Plant","floor":20,"turns":4}],"seed_played":"5112438252403000363","potions_obtained":[{"floor":1,"key":"Block Potion"},{"floor":3,"key":"EssenceOfSteel"},{"floor":7,"key":"SpeedPotion"},{"floor":13,"key":"Poison Potion"},{"floor":14,"key":"Swift Potion"},{"floor":14,"key":"Explosive Potion"},{"floor":14,"key":"Poison Potion"},{"floor":16,"key":"AttackPotion"}],"is_trial":false,"path_per_floor":["M","$","M","M","?","R","M","M","T","?","M","R","M","?","R","B",null,"M","M"],"character_chosen":"IRONCLAD","items_purchased":[],"campfire_rested":1,"item_purchase_floors":[],"current_hp_per_floor":[60,60,56,51,51,51,40,29,29,13,8,8,1,1,25,10,63,63,30,0],"gold":0,"neow_bonus":"BOSS_RELIC","is_prod":false,"is_daily":false,"chose_seed":false,"campfire_upgraded":2,"win_rate":0,"timestamp":1530917779,"path_taken":["M","$","M","M","?","R","M","M","T","?","?","R","M","?","R","BOSS","M","M","M"],"build_version":"2018-07-05","purchased_purges":1,"victory":false,"max_hp_per_floor":[80,80,80,80,80,80,80,80,80,80,80,80,80,80,80,80,80,80,80,80],"card_choices":[{"not_picked":["Burning Pact","Sword Boomerang"],"picked":"Body Slam","floor":1},{"not_picked":["Corruption","Dual Wield"],"picked":"Headbutt","floor":3},{"not_picked":["Sword Boomerang","Pommel Strike"],"picked":"Whirlwind","floor":4},{"not_picked":["Body Slam","Armaments"],"picked":"Pommel Strike","floor":7},{"not_picked":["Intimidate","Whirlwind"],"picked":"Thunderclap","floor":8},{"not_picked":["Anger","Headbutt"],"picked":"True Grit","floor":11},{"not_picked":["Thunderclap","Corruption","Warcry"],"picked":"SKIP","floor":13},{"not_picked":["Reaper","Dark Embrace"],"picked":"Juggernaut","floor":16},{"not_picked":["Cleave","Thunderclap","Whirlwind+1"],"picked":"SKIP","floor":18},{"not_picked":["Havoc","Twin Strike"],"picked":"Armaments","floor":19}],"player_experience":386918,"relics_obtained":[{"floor":9,"key":"Sundial"}],"event_choices":[{"event_name":"The Cleric","player_choice":"Leave","floor":5,"damage_taken":0},{"event_name":"Shining Light","player_choice":"Entered Light","floor":10,"damage_taken":0},{"event_name":"The Lab","player_choice":"Got Potions","floor":14,"damage_taken":0}],"boss_relics":[{"not_picked":["Cursed Key","Runic Cube"],"picked":"Sozu"}],"items_purged_floors":[2],"is_endless":false,"potions_floor_spawned":[1,3,7,13,16],"killed_by":"Snake Plant","ascension_level":10}