{"gold_per_floor":[116,134,134,181,20,49,69,95,119,119,150,162,162,188,188,264,264,284,296,41,41,54,83,99,125,173,173,173,190,218,234,234,308,308,318,0,0,0,17,17,33,61,61,61,61,18,46,73,85,97],"floor_reached":50,"playtime":2486,"items_purged":[],"score":1332,"play_id":"f0a9e88d-f5cb-43cb-a257-1fae965339e3","local_time":"20190523222501","is_ascension_mode":true,"campfire_choices":[{"data":"Neutralize","floor":10,"key":"SMITH"},{"data":"Sucker Punch","floor":13,"key":"SMITH"},{"data":"Deadly Poison","floor":15,"key":"SMITH"},{"data":"Noxious Fumes","floor":28,"key":"SMITH"},{"data":"Noxious Fumes","floor":32,"key":"SMITH"},{"floor":40,"key":"REST"},{"floor":44,"key":"REST"},{"floor":49,"key":"REST"}],"neow_cost":"NONE","seed_source_timestamp":372705162330080,"circlet_count":0,"master_deck":["AscendersBane","Defend_G","Defend_G+1","Defend_G","Defend_G","Defend_G","Strike_G","Strike_G","Strike_G","Strike_G","Strike_G+1","Survivor","Neutralize+1","Cloak And Dagger+1","Dagger Spray+1","Deadly Poison+1","Skewer","Heel Hook","Backstab","Sucker Punch+1","Venomology","Malaise","Escape Plan","Backflip","Noxious Fumes+1","Bane","Dagger Throw","Noxious Fumes+1","PiercingWail","Phantasmal Killer","Reflex+1","PiercingWail","Predator+1","A Thousand Cuts","Backflip","Madness","Madness","Masterful Stab+1","Acrobatics","Tactician+1","Dash","Concentrate"],"relics":["Ring of the Snake","NeowsBlessing","Potion Belt","Snake Skull","Whetstone","Bronze Scales","Blood Vial","Paper Crane","Pen Nib","Eternal Feather","PreservedInsect","Orichalcum","Oddly Smooth Stone","Smiling Mask","Ginger","Busted Crown","Red Mask","Happy Flower","Bottled Flame","Incense Burner","MawBank"],"potions_floor_usage":[8,11,16,16,23,24,24,25,25,29,29,30,33,33,33,42,42,42,47,48,50,50],"damage_taken":[{"damage":0,"enemies":"Cultist","floor":1,"turns":1},{"damage":0,"enemies":"Small Slimes","floor":2,"turns":1},{"damage":0,"enemies":"Lagavulin","floor":6,"turns":1},{"damage":1,"enemies":"Jaw Worm","floor":7,"turns":3},{"damage":0,"enemies":"Gremlin Nob","floor":8,"turns":3},{"damage":2,"enemies":"3 Sentries","floor":11,"turns":4},{"damage":2,"enemies":"Blue Slaver","floor":12,"turns":2},{"damage":0,"enemies":"Gremlin Nob","floor":14,"turns":3},{"damage":16,"enemies":"Hexaghost","floor":16,"turns":8},{"damage":6,"enemies":"3 Byrds","floor":18,"turns":2},{"damage":8,"enemies":"Chosen","floor":19,"turns":5},{"damage":29,"enemies":"3 Cultists","floor":22,"turns":4},{"damage":0,"enemies":"Gremlin Leader","floor":23,"turns":4},{"damage":6,"enemies":"Centurion and Healer","floor":24,"turns":2},{"damage":3,"enemies":"Slavers","floor":25,"turns":3},{"damage":1,"enemies":"Snake Plant","floor":29,"turns":4},{"damage":8,"enemies":"Book of Stabbing","floor":30,"turns":4},{"damage":13,"enemies":"Shelled Parasite and Fungi","floor":31,"turns":5},{"damage":33,"enemies":"Collector","floor":33,"turns":8},{"damage":36,"enemies":"3 Darklings","floor":35,"turns":6},{"damage":3,"enemies":"Orb Walker","floor":39,"turns":4},{"damage":19,"enemies":"Sphere and 2 Shapes","floor":41,"turns":5},{"damage":69,"enemies":"Giant Head","floor":42,"turns":8},{"damage":18,"enemies":"Nemesis","floor":47,"turns":7},{"damage":5,"enemies":"4 Shapes","floor":48,"turns":7},{"damage":93,"enemies":"Donu and Deca","floor":50,"turns":9}],"seed_played":"2762730129139934804","potions_obtained":[{"floor":7,"key":"Strength Potion"},{"floor":8,"key":"AttackPotion"},{"floor":11,"key":"Regen Potion"},{"floor":12,"key":"FairyPotion"},{"floor":23,"key":"SkillPotion"},{"floor":24,"key":"Explosive Potion"},{"floor":39,"key":"Regen Potion"},{"floor":41,"key":"Dexterity Potion"},{"floor":47,"key":"Explosive Potion"}],"is_trial":false,"path_per_floor":["M","M","?","T","$","E","M","E","T","R","E","M","R","E","R","B",null,"M","M","$","?","M","E","M","E","T","?","R","M","E","M","R","B",null,"M","?","?","$","M","R","M","E","T","R","?","$","E","M","R","B"],"character_chosen":"THE_SILENT","items_purchased":["Snake Skull","PreservedInsect","Noxious Fumes","Bane","Dash"],"campfire_rested":3,"item_purchase_floors":[5,20,20,20,46],"current_hp_per_floor":[59,59,39,39,39,39,38,38,38,38,38,38,38,40,40,41,60,56,50,50,66,37,39,35,34,34,47,65,65,58,47,65,33,58,24,24,12,12,11,51,34,6,6,49,49,49,33,30,66,0],"gold":97,"neow_bonus":"THREE_ENEMY_KILL","is_prod":false,"is_daily":false,"chose_seed":false,"campfire_upgraded":5,"win_rate":0,"timestamp":1558675501,"path_taken":["M","?","?","?","?","E","M","E","T","R","E","?","R","E","R","BOSS","M","M","$","?","M","E","?","E","T","?","R","M","E","M","R","BOSS","M","?","?","?","?","R","M","E","T","R","?","?","E","M","R","BOSS"],"build_version":"2019-01-23","purchased_purges":0,"victory":false,"max_hp_per_floor":[66,66,66,66,66,66,66,66,66,66,66,66,66,66,66,66,66,66,66,66,66,66,66,66,66,66,66,66,66,66,66,66,66,66,66,66,66,66,66,66,66,66,66,66,66,66,66,66,66,66],"card_choices":[{"not_picked":["PiercingWail","Flying Knee"],"picked":"Cloak And Dagger","floor":1},{"not_picked":["All Out Attack","Flying Knee"],"picked":"Dagger Spray","floor":2},{"not_picked":["Terror","Dodge and Roll"],"picked":"Deadly Poison","floor":6},{"not_picked":["Doppelganger","Deflect"],"picked":"Skewer","floor":7},{"not_picked":["Prepared","Slice"],"picked":"Heel Hook","floor":8},{"not_picked":["Outmaneuver","Concentrate"],"picked":"Backstab","floor":11},{"not_picked":["Quick Slash","Predator"],"picked":"Sucker Punch","floor":12},{"not_picked":["Dodge and Roll","Cloak And Dagger"],"picked":"Venomology","floor":14},{"not_picked":["Venomology","Bullet Time"],"picked":"Malaise","floor":16},{"not_picked":["Acrobatics","Blade Dance"],"picked":"Escape Plan","floor":18},{"not_picked":["Deflect","Dagger Throw+1"],"picked":"Backflip","floor":19},{"not_picked":["Malaise","Prepared"],"picked":"Dagger Throw","floor":22},{"not_picked":["Endless Agony","Slice"],"picked":"Noxious Fumes","floor":23},{"not_picked":["Acrobatics","Distraction"],"picked":"PiercingWail","floor":24},{"not_picked":["Choke","Outmaneuver"],"picked":"Phantasmal Killer","floor":25},{"not_picked":["Endless Agony","Prepared"],"picked":"Reflex+1","floor":29},{"not_picked":["Dagger Spray","Dagger Throw"],"picked":"PiercingWail","floor":30},{"not_picked":["Flechettes+1","Night Terror"],"picked":"Predator+1","floor":31},{"not_picked":["Glass Knife","Phantasmal Killer"],"picked":"A Thousand Cuts","floor":33},{"not_picked":[],"picked":"Backflip","floor":35},{"not_picked":[],"picked":"Masterful Stab+1","floor":39},{"not_picked":[],"picked":"Acrobatics","floor":41},{"not_picked":[],"picked":"Tactician+1","floor":42},{"not_picked":[],"picked":"Concentrate","floor":47},{"not_picked":["Reflex"],"picked":"SKIP","floor":48}],"player_experience":687728,"relics_obtained":[{"floor":4,"key":"Potion Belt"},{"floor":6,"key":"Whetstone"},{"floor":8,"key":"Bronze Scales"},{"floor":9,"key":"Blood Vial"},{"floor":11,"key":"Paper Crane"},{"floor":14,"key":"Pen Nib"},{"floor":23,"key":"Orichalcum"},{"floor":25,"key":"Oddly Smooth Stone"},{"floor":26,"key":"Smiling Mask"},{"floor":30,"key":"Ginger"},{"floor":42,"key":"Happy Flower"},{"floor":43,"key":"Bottled Flame"},{"floor":47,"key":"MawBank"}],"event_choices":[{"damage_healed":0,"gold_gain":0,"player_choice":"Entered Light","damage_taken":20,"max_hp_gain":0,"max_hp_loss":0,"event_name":"Shining Light","floor":3,"gold_loss":0,"cards_upgraded":["Cloak And Dagger","Defend_G"]},{"damage_healed":16,"gold_gain":0,"player_choice":"Full Heal","damage_taken":0,"max_hp_gain":0,"max_hp_loss":0,"event_name":"Wheel of Change","floor":21,"gold_loss":0},{"damage_healed":13,"gold_gain":0,"player_choice":"Heal","damage_taken":0,"max_hp_gain":0,"max_hp_loss":0,"event_name":"The Library","floor":27,"gold_loss":0},{"damage_healed":0,"gold_gain":0,"player_choice":"Paid","damage_taken":0,"relics_obtained":["Red Mask"],"max_hp_gain":0,"max_hp_loss":0,"event_name":"Tomb of Lord Red Mask","floor":36,"gold_loss":318},{"damage_healed":0,"gold_gain":0,"player_choice":"Embrace Madness","damage_taken":12,"max_hp_gain":0,"max_hp_loss":0,"event_name":"Winding Halls","floor":37,"gold_loss":0,"cards_obtained":["Madness","Madness"]},{"damage_healed":0,"gold_gain":0,"player_choice":"Gave Potion","damage_taken":0,"relics_obtained":["Incense Burner"],"max_hp_gain":0,"max_hp_loss":0,"event_name":"WeMeetAgain","floor":45,"gold_loss":0}],"is_beta":false,"boss_relics":[{"not_picked":["Empty Cage","Tiny House"],"picked":"Eternal Feather"},{"not_picked":["Calling Bell","Sozu"],"picked":"Busted Crown"}],"items_purged_floors":[],"is_endless":false,"potions_floor_spawned":[7,8,11,12,23,24,29,30,39,41,47],"killed_by":"Donu and Deca","ascension_level":18}