{"gold_per_floor":[112,125,125,135,149,182,182,210,262,289,301,33,33],"floor_reached":13,"playtime":547,"items_purged":["Strike_B"],"score":184,"play_id":"af7ea1e8-740a-4009-9ee2-40c9505c813a","local_time":"20180829200410","is_ascension_mode":true,"campfire_choices":[{"data":"Zap","floor":7,"key":"SMITH"}],"neow_cost":"NONE","seed_source_timestamp":425530606640139,"circlet_count":0,"master_deck":["Strike_B","Strike_B","Strike_B","Defend_B","Defend_B","Defend_B","Defend_B","Zap+1","Dualcast","AscendersBane","Auto Shields","Ball Lightning","Ball Lightning","Loop","BootSequence","Chill","Go for the Eyes","Rebound","Electrodynamics","BootSequence"],"relics":["Cracked Core","Omamori","Dream Catcher","Pear","Oddly Smooth Stone","Bag of Preparation"],"potions_floor_usage":[6,8,13,13,13],"damage_taken":[{"damage":4,"enemies":"Small Slimes","floor":1,"turns":3},{"damage":0,"enemies":"Cultist","floor":2,"turns":3},{"damage":0,"enemies":"2 Louse","floor":4,"turns":2},{"damage":5,"enemies":"Blue Slaver","floor":5,"turns":3},{"damage":14,"enemies":"Gremlin Nob","floor":6,"turns":4},{"damage":20,"enemies":"3 Sentries","floor":8,"turns":6},{"damage":21,"enemies":"Lagavulin","floor":10,"turns":8},{"damage":4,"enemies":"Exordium Thugs","floor":11,"turns":4},{"damage":0,"enemies":"Gremlin Nob","floor":13,"turns":2}],"seed_played":"-5297889904954449541","potions_obtained":[{"floor":2,"key":"Block Potion"},{"floor":5,"key":"Energy Potion"},{"floor":11,"key":"EntropicBrew"}],"is_trial":false,"path_per_floor":["M","M","?","M","M","E","R","E","T","E","M","$"],"character_chosen":"DEFECT","items_purchased":["Electrodynamics","BootSequence"],"campfire_rested":0,"item_purchase_floors":[12,12],"current_hp_per_floor":[60,60,60,60,55,41,41,31,31,10,6,6,6],"gold":33,"neow_bonus":"RANDOM_COMMON_RELIC","is_prod":false,"is_daily":false,"chose_seed":false,"campfire_upgraded":1,"win_rate":0,"timestamp":1535587450,"path_taken":["M","M","?","M","M","E","R","E","T","E","M","$","E"],"build_version":"2018-08-23v2","purchased_purges":1,"victory":false,"max_hp_per_floor":[71,71,71,71,71,71,71,81,81,81,81,81,81],"card_choices":[{"not_picked":["Turbo","Redo"],"picked":"Auto Shields","floor":1},{"not_picked":["Steam","Cold Snap"],"picked":"Ball Lightning","floor":2},{"not_picked":["Cold Snap","Steam"],"picked":"Ball Lightning","floor":4},{"not_picked":["Gash","Blizzard"],"picked":"Loop","floor":5},{"not_picked":["Fission","Melter"],"picked":"BootSequence","floor":6},{"not_picked":["Sweeping Beam","Beam Cell"],"picked":"Chill","floor":8},{"not_picked":["Beam Cell","Rainbow"],"picked":"Go for the Eyes","floor":10},{"not_picked":["Heatsinks","Gash"],"picked":"Rebound","floor":11}],"player_experience":626963,"relics_obtained":[{"floor":6,"key":"Dream Catcher"},{"floor":8,"key":"Pear"},{"floor":9,"key":"Oddly Smooth Stone"},{"floor":10,"key":"Bag of Preparation"}],"event_choices":[{"event_name":"Wheel of Change","player_choice":"Curse","floor":3,"damage_taken":0}],"is_beta":false,"boss_relics":[],"items_purged_floors":[12],"is_endless":false,"potions_floor_spawned":[2,5,11],"killed_by":"Gremlin Nob","ascension_level":15}