{"gold_per_floor":[12,32,32,55,55,83,83,115,115,130,165,145,165,17,17,94,94,104,116,135,155,69,69,69,82,82,113,62,93,93,93,93,168,168,183,198,127,227,106,133,133,157,180,180,208,208,226,238,238,238,238,238,9,39,39],"floor_reached":55,"playtime":2939,"items_purged":["Defend_B"],"score":1650,"play_id":"413d1511-ad16-4e57-9475-41763837e3de","local_time":"20190224194734","is_ascension_mode":true,"campfire_choices":[{"data":"Buffer","floor":7,"key":"SMITH"},{"data":"Zap","floor":15,"key":"SMITH"},{"data":"Dualcast","floor":24,"key":"SMITH"},{"data":"Echo Form","floor":30,"key":"SMITH"},{"data":"Capacitor","floor":32,"key":"SMITH"},{"data":"Defragment","floor":41,"key":"SMITH"},{"floor":44,"key":"RECALL"},{"data":"Buffer","floor":46,"key":"SMITH"},{"data":"Reinforced Body","floor":49,"key":"SMITH"},{"data":"Meteor Strike","floor":52,"key":"SMITH"}],"neow_cost":"NO_GOLD","seed_source_timestamp":1017888383416605,"circlet_count":0,"master_deck":["AscendersBane","Strike_B+1","Strike_B+1","Defend_B","Defend_B","Zap+1","Dualcast+1","Buffer+1","Ball Lightning","Genetic Algorithm","Reinforced Body+1","Compile Driver","Hologram","Stack","Multi-Cast","Hologram","Biased Cognition","Go for the Eyes+1","FTL","Steam Power","Cold Snap","Capacitor+1","Cold Snap","Rip and Tear","Coolheaded","Echo Form+1","Beam Cell","Seek","Go for the Eyes","Blizzard","Steam+1","Defragment+1","Meteor Strike+1","Buffer+1","Go for the Eyes","Sunder","Static Discharge","Turbo"],"relics":["Cracked Core","DataDisk","Whetstone","Happy Flower","Thread and Needle","Meat on the Bone","Oddly Smooth Stone","Nuclear Battery","Du-Vu Doll","Smiling Mask","Busted Crown","Calipers","Bird Faced Urn","Pen Nib","Art of War","Ancient Tea Set","Boot","Centennial Puzzle"],"potions_floor_usage":[6,11,18,20,21,29,33,33,40,55,55],"damage_taken":[{"damage":0,"enemies":"Cultist","floor":1,"turns":3},{"damage":7,"enemies":"Jaw Worm","floor":2,"turns":4},{"damage":16,"enemies":"3 Sentries","floor":6,"turns":7},{"damage":0,"enemies":"Lagavulin","floor":8,"turns":6},{"damage":0,"enemies":"Small Slimes","floor":10,"turns":3},{"damage":0,"enemies":"Gremlin Nob","floor":11,"turns":4},{"damage":0,"enemies":"Blue Slaver","floor":13,"turns":3},{"damage":0,"enemies":"Slime Boss","floor":16,"turns":8},{"damage":0,"enemies":"2 Thieves","floor":18,"turns":3},{"damage":0,"enemies":"Shell Parasite","floor":19,"turns":6},{"damage":0,"enemies":"Sentry and Sphere","floor":20,"turns":6},{"damage":0,"enemies":"Chosen and Byrds","floor":21,"turns":6},{"damage":4,"enemies":"3 Cultists","floor":25,"turns":5},{"damage":0,"enemies":"Gremlin Leader","floor":27,"turns":9},{"damage":0,"enemies":"Book of Stabbing","floor":29,"turns":5},{"damage":6,"enemies":"Champ","floor":33,"turns":13},{"damage":0,"enemies":"3 Shapes","floor":35,"turns":3},{"damage":0,"enemies":"3 Darklings","floor":36,"turns":7},{"damage":1,"enemies":"Mind Bloom Boss Battle","floor":38,"turns":7},{"damage":0,"enemies":"Nemesis","floor":40,"turns":8},{"damage":10,"enemies":"Giant Head","floor":45,"turns":9},{"damage":11,"enemies":"Jaw Worm Horde","floor":47,"turns":5},{"damage":0,"enemies":"Transient","floor":48,"turns":5},{"damage":0,"enemies":"Donu and Deca","floor":50,"turns":12},{"damage":33,"enemies":"Shield and Spear","floor":54,"turns":10},{"damage":69,"enemies":"The Heart","floor":55,"turns":8}],"seed_played":"-5722439392454022403","potions_obtained":[{"floor":2,"key":"Dexterity Potion"},{"floor":6,"key":"Fire Potion"},{"floor":11,"key":"Ancient Potion"},{"floor":12,"key":"EssenceOfSteel"},{"floor":16,"key":"Fire Potion"},{"floor":18,"key":"Swift Potion"},{"floor":20,"key":"AttackPotion"},{"floor":29,"key":"Dexterity Potion"},{"floor":36,"key":"Swift Potion"},{"floor":45,"key":"Ancient Potion"},{"floor":47,"key":"EssenceOfSteel"},{"floor":48,"key":"Weak Potion"}],"is_trial":false,"path_per_floor":["M","M","?","T","?","E","R","E","T","M","E","?","M","$","R","B",null,"M","M","M","M","$","?","R","M","T","E","$","E","R","?","R","B",null,"M","M","$","?","$","E","R","T","T","R","E","R","M","M","R","B",null,"R","$","E","B"],"character_chosen":"DEFECT","items_purchased":["Oddly Smooth Stone","Capacitor","Cold Snap","AttackPotion","Blizzard","Defragment","Boot","Static Discharge"],"campfire_rested":0,"item_purchase_floors":[14,22,22,28,37,39,53,53],"current_hp_per_floor":[64,57,57,57,57,41,41,41,41,41,41,41,41,41,41,41,64,64,64,64,64,64,64,64,60,60,60,60,60,60,47,47,41,67,67,67,67,66,66,66,66,66,66,66,68,68,67,76,76,76,76,76,76,55,0],"gold":39,"neow_bonus":"THREE_RARE_CARDS","is_prod":false,"is_daily":false,"chose_seed":false,"campfire_upgraded":9,"win_rate":0,"timestamp":1551055654,"path_taken":["M","M","?","?","?","E","R","E","T","M","E","?","M","$","R","BOSS","M","M","M","?","$","?","R","M","T","E","$","E","R","?","R","BOSS","M","M","$","?","$","E","R","?","T","R","E","R","M","M","R","BOSS","R","$","E","BOSS"],"build_version":"2019-01-23","purchased_purges":1,"victory":false,"max_hp_per_floor":[71,71,71,71,71,71,71,71,71,71,71,71,71,71,71,71,71,71,71,71,71,71,71,71,71,71,71,71,71,71,76,76,76,76,76,76,76,76,76,76,76,76,76,76,76,76,76,76,76,76,76,76,76,76,76],"card_choices":[{"not_picked":["Biased Cognition","Machine Learning"],"picked":"Buffer","floor":0},{"not_picked":["Chill","Darkness"],"picked":"Ball Lightning","floor":1},{"not_picked":["Darkness","Loop"],"picked":"Genetic Algorithm","floor":2},{"not_picked":["All For One","Reinforced Body"],"picked":"Compile Driver","floor":6},{"not_picked":["Compile Driver","Machine Learning"],"picked":"Hologram","floor":8},{"not_picked":["Steam Power","Reprogram"],"picked":"Stack","floor":10},{"not_picked":["Redo","Force Field"],"picked":"Multi-Cast","floor":11},{"not_picked":["Compile Driver","Leap"],"picked":"Hologram","floor":13},{"not_picked":["Amplify","Multi-Cast"],"picked":"Biased Cognition","floor":16},{"not_picked":["Streamline","Redo"],"picked":"Go for the Eyes+1","floor":18},{"not_picked":["Gash","Rip and Tear"],"picked":"FTL","floor":19},{"not_picked":["Double Energy","Beam Cell"],"picked":"Steam Power","floor":20},{"not_picked":["Sunder","Tempest"],"picked":"Cold Snap","floor":21},{"not_picked":["Gash","Stack","Hologram"],"picked":"SKIP","floor":25},{"not_picked":["Hologram","Turbo"],"picked":"Echo Form","floor":27},{"not_picked":["Fusion","Recycle+1"],"picked":"Beam Cell","floor":29},{"not_picked":["Multi-Cast","Amplify"],"picked":"Seek","floor":33},{"not_picked":["Static Discharge"],"picked":"SKIP","floor":35},{"not_picked":[],"picked":"Go for the Eyes","floor":36},{"not_picked":[],"picked":"Steam+1","floor":38},{"not_picked":[],"picked":"Meteor Strike","floor":40},{"not_picked":[],"picked":"Buffer","floor":45},{"not_picked":[],"picked":"Go for the Eyes","floor":47},{"not_picked":[],"picked":"Sunder","floor":48},{"not_picked":[],"picked":"Turbo","floor":54}],"player_experience":367601,"relics_obtained":[{"floor":4,"key":"DataDisk"},{"floor":6,"key":"Whetstone"},{"floor":8,"key":"Happy Flower"},{"floor":9,"key":"Thread and Needle"},{"floor":11,"key":"Meat on the Bone"},{"floor":27,"key":"Du-Vu Doll"},{"floor":29,"key":"Smiling Mask"},{"floor":38,"key":"Calipers"},{"floor":40,"key":"Bird Faced Urn"},{"floor":42,"key":"Pen Nib"},{"floor":43,"key":"Art of War"},{"floor":45,"key":"Ancient Tea Set"},{"floor":54,"key":"Centennial Puzzle"}],"event_choices":[{"damage_healed":0,"gold_gain":0,"player_choice":"Ignored","damage_taken":0,"max_hp_gain":0,"max_hp_loss":0,"event_name":"Liars Game","floor":3,"gold_loss":0},{"damage_healed":0,"gold_gain":0,"cards_transformed":["Strike_B"],"player_choice":"Change","damage_taken":0,"max_hp_gain":0,"max_hp_loss":0,"event_name":"Living Wall","floor":5,"gold_loss":0,"cards_obtained":["Reinforced Body"]},{"damage_healed":0,"gold_gain":0,"player_choice":"Bought 1 Potion","damage_taken":0,"max_hp_gain":0,"max_hp_loss":0,"event_name":"The Woman in Blue","floor":12,"gold_loss":0},{"damage_healed":0,"gold_gain":0,"cards_transformed":["Strike_B","Defend_B"],"player_choice":"Became Test Subject","damage_taken":0,"max_hp_gain":0,"max_hp_loss":0,"event_name":"Drug Dealer","floor":23,"gold_loss":0,"cards_obtained":["Rip and Tear","Coolheaded"]},{"damage_healed":0,"gold_gain":0,"player_choice":"Shed Blood","damage_taken":18,"max_hp_gain":5,"max_hp_loss":0,"event_name":"Forgotten Altar","floor":31,"gold_loss":0},{"damage_healed":0,"gold_gain":0,"player_choice":"Fight","damage_taken":0,"max_hp_gain":0,"max_hp_loss":0,"event_name":"MindBloom","floor":38,"gold_loss":0}],"is_beta":false,"boss_relics":[{"not_picked":["Lizard Tail","Pandora\u0027s Box"],"picked":"Nuclear Battery"},{"not_picked":["Coffee Dripper","White Beast Statue"],"picked":"Busted Crown"}],"items_purged_floors":[39],"is_endless":false,"potions_floor_spawned":[2,6,11,16,18,20,29,36,45,47,48,54],"killed_by":"The Heart","ascension_level":14}