{"gold_per_floor":[110,260,260,271,546,579,597,597,668,668,13,13,46,57,57,129,129,145,145],"floor_reached":19,"playtime":649,"items_purged":["Regret"],"score":333,"play_id":"eff75eae-48d7-4794-89f1-0d0f327e52fc","local_time":"20190316194116","is_ascension_mode":true,"campfire_choices":[{"data":"Creative AI","floor":8,"key":"SMITH"},{"data":"Zap","floor":10,"key":"SMITH"},{"floor":12,"key":"REST"},{"floor":15,"key":"REST"}],"neow_cost":"NONE","seed_source_timestamp":266000605763305,"circlet_count":0,"master_deck":["AscendersBane","Strike_B","Strike_B","Strike_B","Strike_B","Defend_B","Defend_B","Defend_B+1","Defend_B","Zap+1","Dualcast","Ball Lightning+1","Steam","Doubt","Loop","Creative AI+1","Beam Cell","Genetic Algorithm","Doom and Gloom","Capacitor","Compile Driver","Core Surge","Leap+1"],"relics":["Cracked Core","Strawberry","Bottled Tornado","Blood Vial","Art of War","Matryoshka","Inserter"],"potions_floor_usage":[6,16,16],"damage_taken":[{"damage":0,"enemies":"2 Louse","floor":1,"turns":2},{"damage":8,"enemies":"Small Slimes","floor":4,"turns":3},{"damage":18,"enemies":"Lagavulin","floor":6,"turns":6},{"damage":2,"enemies":"Cultist","floor":7,"turns":3},{"damage":35,"enemies":"3 Sentries","floor":13,"turns":6},{"damage":14,"enemies":"Looter","floor":14,"turns":3},{"damage":29,"enemies":"Hexaghost","floor":16,"turns":9},{"damage":47,"enemies":"Shell Parasite","floor":18,"turns":8},{"damage":19,"enemies":"Spheric Guardian","floor":19,"turns":3}],"seed_played":"120344239269367287","potions_obtained":[{"floor":4,"key":"Regen Potion"},{"floor":6,"key":"Swift Potion"},{"floor":7,"key":"AttackPotion"},{"floor":13,"key":"Weak Potion"}],"is_trial":false,"path_per_floor":["M","?","?","M","?","E","M","R","T","R","$","R","E","M","R","B",null,"M","M"],"character_chosen":"DEFECT","items_purchased":["Genetic Algorithm","Doom and Gloom","Capacitor","Blood Vial","Art of War"],"campfire_rested":2,"item_purchase_floors":[11,11,11,11,11],"current_hp_per_floor":[64,64,43,35,35,39,37,37,37,37,37,60,27,15,38,11,61,16,0],"gold":145,"neow_bonus":"THREE_CARDS","is_prod":false,"is_daily":false,"chose_seed":false,"campfire_upgraded":2,"win_rate":0,"timestamp":1552779676,"path_taken":["M","?","?","M","?","E","M","R","T","R","$","R","E","M","R","BOSS","M","?"],"build_version":"2019-01-23","purchased_purges":1,"victory":false,"max_hp_per_floor":[71,71,71,71,71,78,78,78,78,78,78,78,78,78,78,78,78,78,78],"card_choices":[{"not_picked":["Steam Power","Fusion"],"picked":"Ball Lightning","floor":0},{"not_picked":["Barrage","Redo"],"picked":"Steam","floor":1},{"not_picked":["Rebound","FTL"],"picked":"Loop","floor":4},{"not_picked":["Gash","Melter"],"picked":"Creative AI","floor":6},{"not_picked":["Loop","Conserve Battery"],"picked":"Beam Cell","floor":7},{"not_picked":["Scrape","Leap","Reprogram"],"picked":"SKIP","floor":13},{"not_picked":["Doom and Gloom","Leap"],"picked":"Compile Driver","floor":14},{"not_picked":["Machine Learning","Hyperbeam"],"picked":"Core Surge","floor":16},{"not_picked":["Skim","Beam Cell"],"picked":"Leap+1","floor":18}],"player_experience":441649,"relics_obtained":[{"floor":6,"key":"Strawberry"},{"floor":9,"key":"Bottled Tornado"},{"floor":13,"key":"Matryoshka"}],"event_choices":[{"damage_healed":0,"gold_gain":150,"player_choice":"AGREE","damage_taken":0,"max_hp_gain":0,"max_hp_loss":0,"event_name":"Liars Game","floor":2,"gold_loss":0,"cards_obtained":["Doubt"]},{"damage_healed":0,"gold_gain":0,"player_choice":"Entered Light","damage_taken":21,"max_hp_gain":0,"max_hp_loss":0,"event_name":"Shining Light","floor":3,"gold_loss":0,"cards_upgraded":["Ball Lightning","Defend_B"]},{"damage_healed":0,"gold_gain":275,"player_choice":"Desecrate","damage_taken":0,"max_hp_gain":0,"max_hp_loss":0,"event_name":"Golden Shrine","floor":5,"gold_loss":0,"cards_obtained":["Regret"]}],"is_beta":false,"boss_relics":[{"not_picked":["Pandora\u0027s Box","Lizard Tail"],"picked":"Inserter"}],"items_purged_floors":[11],"is_endless":false,"potions_floor_spawned":[4,6,7,13],"killed_by":"Spheric Guardian","ascension_level":18}