{"gold_per_floor":[110,110,110,110,129,129,164,164,164,179,179,213,239,78,78,150,150,104,0,14,14],"floor_reached":21,"playtime":607,"items_purged":["Defend_G"],"score":515,"play_id":"9ee6407c-92fc-47c4-b248-3519d5d64101","local_time":"20181027191538","is_ascension_mode":true,"campfire_choices":[{"data":"Neutralize","floor":6,"key":"SMITH"},{"data":"Footwork","floor":8,"key":"SMITH"},{"data":"Terror","floor":11,"key":"SMITH"},{"data":"Caltrops","floor":15,"key":"SMITH"}],"neow_cost":"NONE","seed_source_timestamp":1551463986266893,"circlet_count":0,"master_deck":["Defend_G","Defend_G","Defend_G","Strike_G","Strike_G","Strike_G","Strike_G","Survivor","Neutralize+1","AscendersBane","Sucker Punch","Underhanded Strike","Footwork+1","Terror+1","Caltrops+1","Blade Dance","Backstab","Tools of the Trade","Prepared+1","Dagger Spray"],"relics":["Ring of the Snake","NeowsBlessing","Pear","Ornamental Fan","WingedGreaves","Art of War","Empty Cage"],"potions_floor_usage":[10,16,21],"damage_taken":[{"damage":0,"enemies":"2 Louse","floor":1,"turns":1},{"damage":0,"enemies":"Small Slimes","floor":5,"turns":1},{"damage":0,"enemies":"Lagavulin","floor":7,"turns":1},{"damage":1,"enemies":"Jaw Worm","floor":10,"turns":6},{"damage":24,"enemies":"Gremlin Nob","floor":12,"turns":4},{"damage":0,"enemies":"Lagavulin","floor":13,"turns":7},{"damage":16,"enemies":"Hexaghost","floor":16,"turns":10},{"damage":29,"enemies":"2 Thieves","floor":18,"turns":5},{"damage":27,"enemies":"Chosen","floor":20,"turns":5},{"damage":22,"enemies":"Colosseum Slavers","floor":21,"turns":2}],"seed_played":"4880484878009090180","potions_obtained":[{"floor":7,"key":"SteroidPotion"},{"floor":13,"key":"Fruit Juice"},{"floor":20,"key":"PowerPotion"}],"is_trial":false,"path_per_floor":["M","?","?","?","M","R","E","R","T","M","R","E","E","$","R","B",null,"M","?","M"],"character_chosen":"THE_SILENT","items_purchased":["Backstab"],"campfire_rested":0,"item_purchase_floors":[14],"current_hp_per_floor":[59,64,64,64,64,64,74,74,74,73,73,49,49,49,49,38,74,45,45,18,0],"gold":14,"neow_bonus":"THREE_ENEMY_KILL","is_prod":false,"is_daily":false,"chose_seed":false,"campfire_upgraded":4,"win_rate":0,"timestamp":1540682138,"path_taken":["M","?","?","?","M","R","E","R","T","M","R","E","E","$","R","BOSS","M","?","M","?"],"build_version":"2018-10-25v2","purchased_purges":1,"victory":false,"max_hp_per_floor":[66,71,71,71,71,71,81,81,81,81,81,81,81,81,81,86,86,86,86,86,86],"card_choices":[{"not_picked":["Outmaneuver","Well Laid Plans"],"picked":"Sucker Punch","floor":1},{"not_picked":["Blade Dance","Prepared"],"picked":"Underhanded Strike","floor":5},{"not_picked":["Reflex","Well Laid Plans"],"picked":"Footwork","floor":7},{"not_picked":["Deadly Poison","Bane"],"picked":"Terror","floor":10},{"not_picked":["Sucker Punch","Corpse Explosion"],"picked":"Caltrops","floor":12},{"not_picked":["Dash","Finisher"],"picked":"Blade Dance","floor":13},{"not_picked":["Wraith Form v2","Unload"],"picked":"Tools of the Trade","floor":16},{"not_picked":["Bane","Flying Knee+1"],"picked":"Prepared+1","floor":18},{"not_picked":["Slice","Prepared"],"picked":"Dagger Spray","floor":20}],"player_experience":852493,"relics_obtained":[{"floor":7,"key":"Pear"},{"floor":9,"key":"Ornamental Fan"},{"floor":12,"key":"WingedGreaves"},{"floor":13,"key":"Art of War"}],"event_choices":[{"damage_healed":0,"gold_gain":0,"player_choice":"Donut","damage_taken":0,"max_hp_gain":5,"max_hp_loss":0,"event_name":"Big Fish","floor":2,"gold_loss":0},{"damage_healed":0,"gold_gain":0,"player_choice":"Leave","damage_taken":0,"max_hp_gain":0,"max_hp_loss":0,"event_name":"The Cleric","floor":3,"gold_loss":0},{"damage_healed":0,"gold_gain":0,"player_choice":"Ignored","damage_taken":0,"max_hp_gain":0,"max_hp_loss":0,"event_name":"Liars Game","floor":4,"gold_loss":0},{"damage_healed":0,"gold_gain":0,"player_choice":"Paid Fearfully","damage_taken":0,"max_hp_gain":0,"max_hp_loss":0,"event_name":"Masked Bandits","floor":19,"gold_loss":104},{"damage_healed":0,"gold_gain":0,"player_choice":"Fight","damage_taken":0,"max_hp_gain":0,"max_hp_loss":0,"event_name":"Colosseum","floor":21,"gold_loss":0}],"is_beta":false,"boss_relics":[{"not_picked":["Cursed Key","Ring of the Serpent"],"picked":"Empty Cage"}],"items_purged_floors":[14],"is_endless":false,"potions_floor_spawned":[7,13,20],"killed_by":"Colosseum Slavers","ascension_level":20}