{"gold_per_floor":[112,131,131,148,164,164,164,198,198,208,224,235,235,235,235,312,312,322,115,5,5,5,32,32,32,59,71,101,132,144,185,197,209],"floor_reached":33,"playtime":1941,"items_purged":["Strike_G"],"score":556,"play_id":"bf64578a-f9fe-45ab-8106-c1e96195d861","local_time":"20181020071517","is_ascension_mode":true,"campfire_choices":[{"data":"Dagger Spray","floor":6.0,"key":"SMITH"},{"data":"Footwork","floor":13.0,"key":"SMITH"},{"data":"After Image","floor":15.0,"key":"SMITH"},{"data":"Noxious Fumes","floor":24.0,"key":"SMITH"},{"data":"Bandage Up","floor":27.0,"key":"SMITH"},{"data":"Underhanded Strike","floor":30.0,"key":"SMITH"},{"data":"Night Terror","floor":32,"key":"SMITH"}],"neow_cost":"NONE","seed_source_timestamp":0,"circlet_count":0,"master_deck":["Defend_G","Defend_G","Defend_G+1","Defend_G","Strike_G","Strike_G","Survivor","Neutralize","AscendersBane","Dagger Spray+1","Footwork+1","Leg Sweep","Expertise","After Image+1","Dodge and Roll","Tools of the Trade","Noxious Fumes+1","Bandage Up+1","Underhanded Strike+1","Dash+1","Pain","Night Terror+1"],"special_seed":0,"relics":["Ring of the Snake","Vajra","Smiling Mask","Meat on the Bone","Pen Nib","Coffee Dripper","Letter Opener","WarpedTongs","MawBank","Molten Egg 2"],"potions_floor_usage":[31],"damage_taken":[{"damage":0.0,"enemies":"Cultist","floor":1.0,"turns":4.0},{"damage":8.0,"enemies":"Jaw Worm","floor":2.0,"turns":5.0},{"damage":0.0,"enemies":"Small Slimes","floor":4.0,"turns":2.0},{"damage":10.0,"enemies":"3 Louse","floor":5.0,"turns":2.0},{"damage":16.0,"enemies":"3 Sentries","floor":8.0,"turns":7.0},{"damage":0.0,"enemies":"Gremlin Gang","floor":10.0,"turns":3.0},{"damage":1.0,"enemies":"Blue Slaver","floor":11.0,"turns":6.0},{"damage":6.0,"enemies":"Large Slime","floor":12.0,"turns":6.0},{"damage":2.0,"enemies":"The Guardian","floor":16.0,"turns":18.0},{"damage":8.0,"enemies":"Shell Parasite","floor":18.0,"turns":7.0},{"damage":32.0,"enemies":"Book of Stabbing","floor":23.0,"turns":8.0},{"damage":7.0,"enemies":"Chosen","floor":28.0,"turns":7.0},{"damage":0.0,"enemies":"Centurion and Healer","floor":29.0,"turns":6.0},{"damage":29,"enemies":"Slavers","floor":31,"turns":7},{"damage":66,"enemies":"Champ","floor":33,"turns":17}],"seed_played":"2850609361451323000","potions_obtained":[{"floor":1.0,"key":"EssenceOfSteel"},{"floor":10.0,"key":"AttackPotion"},{"floor":11.0,"key":"Poison Potion"},{"floor":18.0,"key":"Poison Potion"},{"floor":28.0,"key":"Weak Potion"},{"floor":31,"key":"FearPotion"}],"is_trial":false,"path_per_floor":["M","M","?","M","M","R","?","E","T","M","M","M","R","?","R","B",null,"M","$","?","?","?","E","R","?","T","R","M","M","R","E","R"],"character_chosen":"THE_SILENT","items_purchased":["Bandage Up","Underhanded Strike"],"campfire_rested":0,"item_purchase_floors":[19,19],"current_hp_per_floor":[59,51,51,51,41,41,34,18,18,30,41,35,35,57,57,55,63,55,55,55,55,66,38,38,38,38,38,37,43,43,32,32,0],"gold":209,"neow_bonus":"RANDOM_COMMON_RELIC","is_prod":false,"is_daily":false,"chose_seed":false,"campfire_upgraded":7,"win_rate":0,"timestamp":1540034117,"path_taken":["M","M","?","M","M","R","?","E","T","M","?","M","R","?","R","BOSS","M","$","?","?","?","E","R","?","T","R","M","M","R","E","R","BOSS"],"build_version":"2018-10-18","purchased_purges":1,"victory":false,"max_hp_per_floor":[66,66,66,66,66,66,66,66,66,66,66,66,66,66,66,66,66,66,66,66,66,66,66,66,66,66,66,66,66,66,66,66,66],"card_choices":[{"not_picked":["Endless Agony","Dodge and Roll"],"picked":"Dagger Spray","floor":1.0},{"not_picked":["Prepared","Infinite Blades"],"picked":"Crippling Poison","floor":2.0},{"not_picked":["Acrobatics","Blur"],"picked":"Footwork","floor":4.0},{"not_picked":["Deadly Poison","PiercingWail"],"picked":"Leg Sweep","floor":5.0},{"not_picked":["Setup","PiercingWail"],"picked":"Expertise","floor":8.0},{"not_picked":["Underhanded Strike","Acrobatics"],"picked":"After Image","floor":10.0},{"not_picked":["Unload","Setup"],"picked":"Dodge and Roll","floor":11.0},{"not_picked":["Expertise","PiercingWail","Bane"],"picked":"SKIP","floor":12.0},{"not_picked":["Wraith Form v2","Die Die Die"],"picked":"Tools of the Trade","floor":16.0},{"not_picked":["Choke","Reflex"],"picked":"Noxious Fumes","floor":18.0},{"not_picked":["Distraction","Dagger Throw+1"],"picked":"Dash+1","floor":23.0},{"not_picked":["Heel Hook","Flechettes","Flying Knee"],"picked":"SKIP","floor":28.0},{"not_picked":["Blade Dance","Flying Knee","Expertise"],"picked":"SKIP","floor":29.0},{"not_picked":["Blade Dance","Calculated Gamble"],"picked":"Night Terror","floor":31}],"player_experience":772019,"relics_obtained":[{"floor":8.0,"key":"Meat on the Bone"},{"floor":9.0,"key":"Pen Nib"},{"floor":23.0,"key":"Letter Opener"},{"floor":26.0,"key":"MawBank"},{"floor":31,"key":"Molten Egg 2"}],"event_choices":[{"cards_removed":["Crippling Poison"],"damage_healed":0.0,"max_hp_gain":0.0,"max_hp_loss":0.0,"gold_gain":0.0,"event_name":"WeMeetAgain","player_choice":"Gave Card","floor":3.0,"gold_loss":0.0,"damage_taken":0.0,"relics_obtained":["Smiling Mask"]},{"cards_removed":["Defend_G"],"damage_healed":0.0,"max_hp_gain":0.0,"max_hp_loss":0.0,"gold_gain":0.0,"event_name":"Golden Wing","player_choice":"Card Removal","floor":7.0,"gold_loss":0.0,"damage_taken":7.0},{"damage_healed":22.0,"max_hp_gain":0.0,"max_hp_loss":0.0,"gold_gain":0.0,"event_name":"Big Fish","player_choice":"Banana","floor":14.0,"gold_loss":0.0,"damage_taken":0.0},{"cards_removed":["Strike_G"],"damage_healed":0.0,"max_hp_gain":0.0,"max_hp_loss":0.0,"gold_gain":0.0,"event_name":"Designer","player_choice":"Upgrade and Remove","floor":20.0,"gold_loss":110.0,"damage_taken":0.0,"cards_upgraded":["Defend_G"]},{"cards_removed":["Strike_G"],"damage_healed":0.0,"max_hp_gain":0.0,"max_hp_loss":0.0,"gold_gain":0.0,"event_name":"Wheel of Change","player_choice":"Card Removal","floor":21.0,"gold_loss":0.0,"damage_taken":0.0},{"damage_healed":13.0,"max_hp_gain":0.0,"max_hp_loss":0.0,"gold_gain":0.0,"event_name":"The Library","player_choice":"Heal","floor":22.0,"gold_loss":0.0,"damage_taken":0.0},{"damage_healed":0.0,"max_hp_gain":0.0,"max_hp_loss":0.0,"gold_gain":0.0,"event_name":"Accursed Blacksmith","player_choice":"Rummage","floor":25.0,"gold_loss":0.0,"damage_taken":0.0,"relics_obtained":["WarpedTongs"],"cards_obtained":["Pain"]}],"is_beta":false,"boss_relics":[{"not_picked":["Lizard Tail","Fusion Hammer"],"picked":"Coffee Dripper"}],"items_purged_floors":[19],"is_endless":false,"potions_floor_spawned":[1,10,11,12,18,28,31],"killed_by":"Champ","ascension_level":19}