{"gold_per_floor":[117,130,148,148,3,30,30,63,102,39,51,73,85,117,129,216,228,251,1,18,18,34,34],"floor_reached":23,"playtime":769,"items_purged":[],"score":352,"play_id":"10b10289-0819-4472-85a6-66bab6949437","local_time":"20181123145255","is_ascension_mode":true,"campfire_choices":[{"data":"Inflame","floor":7.0,"key":"SMITH"},{"data":"Flex","floor":15.0,"key":"SMITH"}],"neow_cost":"NONE","seed_source_timestamp":234016397736116,"circlet_count":0,"master_deck":["AscendersBane","Strike_R","Strike_R","Strike_R","Strike_R","Defend_R","Defend_R+1","Defend_R+1","Defend_R","Bash","Flex+1","Whirlwind","Inflame+1","Seeing Red","Twin Strike","Battle Trance","Berserk","Offering","True Grit","Shame","Reaper"],"special_seed":0,"relics":["Burning Blood","Orichalcum","Bronze Scales","MawBank","Oddly Smooth Stone","Runic Cube","Gremlin Horn","Strawberry"],"potions_floor_usage":[],"damage_taken":[{"damage":2.0,"enemies":"2 Louse","floor":1.0,"turns":3.0},{"damage":14.0,"enemies":"Jaw Worm","floor":2.0,"turns":4.0},{"damage":14.0,"enemies":"Small Slimes","floor":3.0,"turns":4.0},{"damage":20.0,"enemies":"Gremlin Nob","floor":6.0,"turns":4.0},{"damage":9.0,"enemies":"3 Sentries","floor":8.0,"turns":3.0},{"damage":0.0,"enemies":"Looter","floor":12.0,"turns":2.0},{"damage":3.0,"enemies":"2 Fungi Beasts","floor":14.0,"turns":3.0},{"damage":28.0,"enemies":"Hexaghost","floor":16.0,"turns":9.0},{"damage":26.0,"enemies":"2 Thieves","floor":18.0,"turns":3.0},{"damage":16.0,"enemies":"Shell Parasite","floor":20.0,"turns":4.0},{"damage":21.0,"enemies":"Shelled Parasite and Fungi","floor":22.0,"turns":3.0},{"damage":22,"enemies":"Gremlin Leader","floor":23,"turns":4}],"seed_played":"-6478503057153636935","potions_obtained":[{"floor":0.0,"key":"Swift Potion"},{"floor":0.0,"key":"SneckoOil"},{"floor":6.0,"key":"Explosive Potion"},{"floor":8.0,"key":"Energy Potion"},{"floor":12.0,"key":"SpeedPotion"},{"floor":20.0,"key":"SpeedPotion"}],"is_trial":false,"path_per_floor":["M","M","M","?","$","E","R","E","T","?","?","M","?","M","R","B",null,"M","$","M","?","M","E"],"character_chosen":"IRONCLAD","items_purchased":["Orichalcum","Gremlin Horn"],"campfire_rested":0,"item_purchase_floors":[5,19],"current_hp_per_floor":[72,64,56,75,75,61,61,58,58,58,35,41,41,44,44,22,62,42,42,32,39,24,2],"gold":34,"neow_bonus":"THREE_SMALL_POTIONS","is_prod":false,"is_daily":false,"chose_seed":false,"campfire_upgraded":2,"win_rate":0,"timestamp":1543002775,"path_taken":["M","M","M","?","?","E","R","E","T","?","?","M","?","?","R","BOSS","M","$","M","?","M","E"],"build_version":"2018-11-15","purchased_purges":0,"victory":false,"max_hp_per_floor":[75,75,75,75,75,75,75,75,75,75,75,75,75,75,75,75,75,75,75,75,82,82,82],"card_choices":[{"not_picked":["Armaments","Bloodletting"],"picked":"Flex","floor":1.0},{"not_picked":["Corruption","Pommel Strike"],"picked":"Whirlwind","floor":2.0},{"not_picked":["Heavy Blade","Combust"],"picked":"Inflame","floor":3.0},{"not_picked":["Headbutt","Havoc"],"picked":"Seeing Red","floor":6.0},{"not_picked":["Dual Wield","Whirlwind"],"picked":"Twin Strike","floor":8.0},{"not_picked":["Entrench","Shrug It Off"],"picked":"Battle Trance","floor":12.0},{"not_picked":["Clothesline","Havoc"],"picked":"Berserk","floor":14.0},{"not_picked":["Immolate","Impervious"],"picked":"Offering","floor":16.0},{"not_picked":["Iron Wave","Rage"],"picked":"True Grit","floor":18.0},{"not_picked":["Clash","Twin Strike","Havoc"],"picked":"SKIP","floor":20.0},{"not_picked":["Armaments","Fire Breathing"],"picked":"Reaper","floor":22.0}],"player_experience":936813,"relics_obtained":[{"floor":6.0,"key":"Bronze Scales"},{"floor":8.0,"key":"MawBank"},{"floor":9.0,"key":"Oddly Smooth Stone"}],"event_choices":[{"damage_healed":25.0,"max_hp_gain":0.0,"max_hp_loss":0.0,"gold_gain":0.0,"event_name":"Big Fish","player_choice":"Banana","floor":4.0,"gold_loss":0.0,"damage_taken":0.0},{"cards_removed":["Strike_R"],"damage_healed":0.0,"max_hp_gain":0.0,"max_hp_loss":0.0,"gold_gain":0.0,"event_name":"The Cleric","player_choice":"Card Removal","floor":10.0,"gold_loss":75.0,"damage_taken":0.0},{"damage_healed":0.0,"max_hp_gain":0.0,"max_hp_loss":0.0,"gold_gain":0.0,"event_name":"Shining Light","player_choice":"Entered Light","floor":11.0,"gold_loss":0.0,"damage_taken":23.0,"cards_upgraded":["Defend_R","Defend_R"]},{"damage_healed":0.0,"max_hp_gain":0.0,"max_hp_loss":0.0,"gold_gain":0.0,"event_name":"Golden Idol","player_choice":"Ignored","floor":13.0,"gold_loss":0.0,"damage_taken":0.0},{"damage_healed":0.0,"max_hp_gain":0.0,"max_hp_loss":0.0,"gold_gain":0.0,"event_name":"Addict","player_choice":"Stole Relic","floor":21.0,"gold_loss":0.0,"damage_taken":0.0,"relics_obtained":["Strawberry"],"cards_obtained":["Shame"]}],"is_beta":false,"boss_relics":[{"not_picked":["Busted Crown","Snecko Eye"],"picked":"Runic Cube"}],"items_purged_floors":[],"is_endless":false,"potions_floor_spawned":[1,6,8,12,20],"killed_by":"Gremlin Leader","ascension_level":15}