{"path_per_floor":["M","?","?","M","M","R","M","$","T","$","R","M","?","E","R","B",null,"M","M","$","M","?","R","$","E","T","M","$","?","R","M","R","B",null,"M","?","?","M","T","R","M","M","T","R","M","R","$","?","R","B"],"character_chosen":"THE_SILENT","items_purchased":["Noxious Fumes","Oddly Smooth Stone"],"gold_per_floor":[112,112,112,124,144,144,156,81,104,4,4,23,23,58,58,163,163,181,194,69,84,84,84,84,117,169,185,115,40,40,50,50,145,145,161,161,161,175,202,202,219,231,257,257,273,273,116,116,116,116],"floor_reached":51,"campfire_rested":2,"playtime":6055,"current_hp_per_floor":[70,70,56,56,56,56,56,56,56,56,56,56,56,34,57,57,77,76,67,67,63,63,63,63,30,30,24,24,24,47,25,25,13,77,60,60,60,48,48,54,40,40,40,46,46,52,52,52,58,69],"items_purged":["Strike_G","Strike_G","Strike_G"],"gold":116,"play_id":"57a03fce-30d1-4710-a689-e26582c530ec","is_prod":false,"is_daily":false,"is_ascension_mode":false,"campfire_upgraded":8,"path_taken":["M","?","?","M","M","R","M","$","T","$","R","M","?","E","R","BOSS","M","M","$","M","?","R","$","E","T","M","$","?","R","M","R","BOSS","M","?","?","M","?","R","M","?","T","R","M","R","$","?","R","BOSS"],"build_version":"2018-01-25-PROD3","purchased_purges":3,"victory":true,"master_deck":["Defend_G+1","Defend_G+1","Defend_G+1","Survivor+1","Neutralize+1","Acrobatics","Burst+1","Noxious Fumes+1","Backflip+1","Backflip+1","After Image+1","Outmaneuver+1","Bouncing Flask","Leg Sweep","Escape Plan+1","Noxious Fumes","Backflip+1","Bullet Time+1","Acrobatics+1"],"max_hp_per_floor":[70,70,70,70,70,70,70,70,70,70,70,70,70,77,77,77,77,77,77,77,77,77,77,77,77,77,77,77,77,77,77,77,77,77,77,77,77,77,77,77,77,77,77,77,77,77,77,77,77,77],"relics":["Ring of the Snake","Happy Flower","Strawberry","Snecko Eye","Pen Nib","Vajra","Eternal Feather","Regal Pillow","Molten Egg","Oddly Smooth Stone"],"card_choices":[{"not_picked":["All Out Attack","Crippling Poison"],"picked":"Acrobatics"},{"not_picked":["Outmaneuver","Flechettes"],"picked":"Burst"},{"not_picked":["Terror","PiercingWail"],"picked":"Noxious Fumes"},{"not_picked":["Acrobatics","Blade Dance"],"picked":"Backflip"},{"not_picked":["Predator","Masterful Stab"],"picked":"Backflip"},{"not_picked":["Night Terror","Burst"],"picked":"After Image"},{"not_picked":["Acrobatics","Flying Knee"],"picked":"Outmaneuver"},{"not_picked":["Sucker Punch","Calculated Gamble"],"picked":"Bouncing Flask"},{"not_picked":["Adrenaline","Bouncing Flask"],"picked":"Leg Sweep"},{"not_picked":["Deadly Poison","Skewer"],"picked":"Escape Plan"},{"not_picked":["Caltrops","Sucker Punch"],"picked":"Backflip"},{"not_picked":["Tools of the Trade","Doppelganger"],"picked":"Bullet Time"},{"not_picked":["Deadly Poison","Poisoned Stab"],"picked":"Acrobatics"}],"player_experience":36318,"potions_floor_usage":[14,16,25,25,31,41,50,50],"damage_taken":[{"damage":0,"enemies":"Jaw Worm","floor":1,"turns":5},{"damage":0,"enemies":"Cultist","floor":4,"turns":4},{"damage":0,"enemies":"2 Louse","floor":5,"turns":3},{"damage":0,"enemies":"Looter","floor":7,"turns":4},{"damage":0,"enemies":"Large Slime","floor":12,"turns":7},{"damage":29,"enemies":"3 Sentries","floor":14,"turns":7},{"damage":0,"enemies":"The Guardian","floor":16,"turns":12},{"damage":1,"enemies":"Spheric Guardian","floor":18,"turns":7},{"damage":9,"enemies":"Shell Parasite","floor":19,"turns":9},{"damage":4,"enemies":"Centurion and Healer","floor":21,"turns":12},{"damage":51,"enemies":"Slavers","floor":25,"turns":8},{"damage":6,"enemies":"Chosen and Byrds","floor":27,"turns":8},{"damage":22,"enemies":"Snake Plant","floor":31,"turns":5},{"damage":12,"enemies":"Champ","floor":33,"turns":13},{"damage":17,"enemies":"Orb Walker","floor":35,"turns":5},{"damage":12,"enemies":"3 Shapes","floor":38,"turns":5},{"damage":14,"enemies":"Sphere and 2 Shapes","floor":41,"turns":5},{"damage":0,"enemies":"Maw","floor":42,"turns":8},{"damage":0,"enemies":"3 Darklings","floor":45,"turns":6},{"damage":4,"enemies":"Donu and Deca","floor":50,"turns":12}],"event_choices":[{"event_name":"The Woman in Blue","player_choice":"Bought 0 Potions","floor":2,"damage_taken":0},{"event_name":"Shining Light","player_choice":"Entered Light","floor":3,"damage_taken":0},{"event_name":"Purifier","player_choice":"One Purge","floor":13,"damage_taken":0},{"event_name":"Back to Basics","player_choice":"Simplicity","floor":22,"damage_taken":0},{"event_name":"Beggar","player_choice":"Gave Gold","floor":29,"damage_taken":0},{"event_name":"Tomb of Lord Red Mask","player_choice":"Ignored","floor":36,"damage_taken":0},{"event_name":"Mysterious Sphere","player_choice":"Ignore","floor":48,"damage_taken":0}],"boss_relics":[{"not_picked":["Black Star","Tiny House"],"picked":"Snecko Eye"},{"not_picked":["Lizard Tail","Astrolabe"],"picked":"Eternal Feather"}],"potions_floor_spawned":[1,5,7,18,21,27,33,35,41,45],"seed_played":"2133149979489497874","ascension_level":0,"is_trial":false}