{"path_per_floor":["M","M","?","?","M","R","M","?","T","E","R","M","M","$","R","B",null,"M","M","?"],"character_chosen":"THE_SILENT","items_purchased":["Noxious Fumes"],"gold_per_floor":[109,123,198,198,215,215,226,226,249,283,283,299,319,162,162,261,261,275,291,271],"floor_reached":21,"campfire_rested":1,"playtime":1030,"current_hp_per_floor":[59,58,47,22,17,38,29,29,29,21,21,15,15,15,15,7,52,28,22,22],"items_purged":["Parasite"],"gold":271,"score":281,"play_id":"79668834-d09a-4b60-bddf-9181f82a9776","is_prod":false,"is_daily":false,"is_ascension_mode":true,"campfire_upgraded":1,"path_taken":["M","M","?","?","M","R","M","?","T","E","R","M","?","$","R","BOSS","M","M","?","M"],"build_version":"2018-02-22-PROD2","purchased_purges":1,"victory":false,"master_deck":["Defend_G","Defend_G","Defend_G","Defend_G","Defend_G","Strike_G","Strike_G","Strike_G","Strike_G","Strike_G","Survivor","Neutralize","Cloak And Dagger","Dash","Backflip","Dagger Spray","Terror","Dash","Acrobatics","Noxious Fumes+1","Tools of the Trade","Flying Knee","Bane","Calculated Gamble","Sucker Punch","Concentrate+1","Reflex+1"],"max_hp_per_floor":[70,70,70,70,70,70,70,70,70,70,70,70,70,67,67,67,67,67,67,67],"relics":["The Specimen","Pantograph","Bronze Scales","Shovel","Tingsha","Orrery"],"card_choices":[{"not_picked":["Grand Finale","Flechettes"],"picked":"Cloak And Dagger"},{"not_picked":["Underhanded Strike","Prepared"],"picked":"Dash"},{"not_picked":["Dagger Throw","Deflect"],"picked":"Backflip"},{"not_picked":["Acrobatics","Finisher"],"picked":"Dagger Spray"},{"not_picked":["Well Laid Plans","Masterful Stab"],"picked":"Terror"},{"not_picked":["Tactician","Sucker Punch"],"picked":"Dash"},{"not_picked":["Outmaneuver","Quick Slash"],"picked":"Acrobatics"},{"not_picked":["Night Terror","Storm of Steel"],"picked":"Tools of the Trade"},{"not_picked":["Phantasmal Killer","Cloak And Dagger"],"picked":"Flying Knee"},{"not_picked":["Expertise","Poisoned Stab"],"picked":"Bane"},{"not_picked":["Setup","Underhanded Strike"],"picked":"Calculated Gamble"},{"not_picked":["Cloak And Dagger","Slice"],"picked":"Sucker Punch"},{"not_picked":["PiercingWail","Expertise"],"picked":"Concentrate"},{"not_picked":["Cloak And Dagger","Poisoned Stab"],"picked":"Reflex"}],"player_experience":274188,"potions_floor_usage":[10,10,13,16,21,21],"damage_taken":[{"damage":4,"enemies":"Small Slimes","floor":1,"turns":5},{"damage":1,"enemies":"Cultist","floor":2,"turns":5},{"damage":5,"enemies":"2 Louse","floor":5,"turns":4},{"damage":9,"enemies":"2 Fungi Beasts","floor":7,"turns":4},{"damage":8,"enemies":"3 Sentries","floor":10,"turns":6},{"damage":6,"enemies":"Exordium Wildlife","floor":12,"turns":4},{"damage":0,"enemies":"Gremlin Gang","floor":13,"turns":3},{"damage":33,"enemies":"Hexaghost","floor":16,"turns":10},{"damage":24,"enemies":"Spheric Guardian","floor":18,"turns":4},{"damage":6,"enemies":"3 Byrds","floor":19,"turns":5},{"damage":30,"enemies":"3 Cultists","floor":21,"turns":3}],"event_choices":[{"event_name":"World of Goop","player_choice":"Gather Gold","floor":3,"damage_taken":0},{"event_name":"Scrap Ooze","player_choice":"success","floor":4,"damage_taken":25},{"event_name":"The Lab","player_choice":"Got Potions","floor":8,"damage_taken":0},{"event_name":"The Woman in Blue","player_choice":"Bought 1 Potion","floor":20,"damage_taken":0}],"boss_relics":[{"not_picked":["Calling Bell","Runic Pyramid"],"picked":"Orrery"}],"potions_floor_spawned":[1,5,12,13,19],"seed_played":"5576380340420625596","killed_by":"3 Cultists","ascension_level":11,"is_trial":false}