{"path_per_floor":["M","?","?","M","?","R","M","M","T","E","M","$","R","$","R","B",null,"M","M","M","$","T","R","?","E","T","T","M","E","M","E","R","B",null,"M","$","M","M","$","R","M","R","T","?","E","M","R","E","R","B"],"character_chosen":"IRONCLAD","items_purchased":["Demon Form","True Grit","War Paint","Armaments"],"gold_per_floor":[113,113,113,128,128,128,144,163,163,191,204,129,129,29,29,130,130,147,157,171,10,10,10,10,41,41,41,57,86,98,126,126,229,229,247,91,111,129,11,11,31,31,31,31,59,69,69,125,125,125],"floor_reached":51,"campfire_rested":0,"playtime":2874,"current_hp_per_floor":[70,75,75,77,70,70,73,70,70,52,39,39,39,39,39,27,65,75,77,74,74,74,74,74,74,74,74,74,77,77,73,73,51,71,77,77,77,75,75,75,66,66,66,56,54,67,67,77,77,51],"items_purged":["Strike_R","Strike_R","Strike_R"],"gold":125,"score":881,"play_id":"fe36c583-3db2-4b7a-a039-eca75cacc579","is_prod":false,"is_daily":false,"is_ascension_mode":true,"campfire_upgraded":9,"path_taken":["M","?","?","M","?","R","M","M","T","E","?","$","R","$","R","BOSS","M","M","M","$","?","R","?","E","T","?","M","E","M","E","R","BOSS","M","$","M","M","$","R","M","R","T","?","E","M","R","E","R","BOSS"],"build_version":"2018-02-22-PROD2","purchased_purges":3,"victory":true,"master_deck":["Strike_R","Strike_R","Defend_R+1","Defend_R","Defend_R","Bash","Metallicize+1","Pommel Strike+1","Cleave","Iron Wave+1","Flex+1","Reaper","Shockwave+1","Demon Form+1","Writhe","Bludgeon+1","Offering","Battle Trance+1","True Grit+1","Heavy Blade+1","Armaments+1","Shrug It Off+1","Madness","Madness","Shrug It Off+1"],"max_hp_per_floor":[72,77,77,77,77,77,77,77,77,77,77,77,77,77,77,77,77,77,77,77,77,77,77,77,77,77,77,77,77,77,77,77,77,77,77,77,77,77,77,77,77,77,77,77,77,77,77,77,77,77],"relics":["Burning Blood","Red Skull","Bottled Tornado","Bag of Preparation","Snecko Eye","Happy Flower","Meat on the Bone","Blood Vial","Blue Candle","Toolbox","The Courier","Ginger","Sozu","War Paint","Calipers","Orichalcum","Tiny Chest"],"card_choices":[{"not_picked":["Flex","Combust"],"picked":"Metallicize"},{"not_picked":["Disarm","Wild Strike"],"picked":"Pommel Strike"},{"not_picked":["Perfected Strike","Juggernaut"],"picked":"Cleave"},{"not_picked":["Armaments","Flame Barrier"],"picked":"Iron Wave"},{"not_picked":["Bloodletting","Ghostly Armor"],"picked":"Flex"},{"not_picked":["Barricade","Exhume"],"picked":"Reaper"},{"not_picked":["Warcry","Cleave"],"picked":"Shockwave"},{"not_picked":["Carnage","Pommel Strike"],"picked":"Bludgeon"},{"not_picked":["Exhume","Bludgeon"],"picked":"Offering"},{"not_picked":["Inflame","Rampage"],"picked":"Battle Trance"},{"not_picked":["Warcry","Combust"],"picked":"Heavy Blade"},{"not_picked":["Rampage","Iron Wave"],"picked":"Shrug It Off"},{"not_picked":["Pummel","Havoc"],"picked":"Shrug It Off"}],"player_experience":235513,"potions_floor_usage":[16,16,25,29,38,50,50],"damage_taken":[{"damage":8,"enemies":"Jaw Worm","floor":1,"turns":5},{"damage":3,"enemies":"2 Louse","floor":4,"turns":3},{"damage":3,"enemies":"Cultist","floor":7,"turns":4},{"damage":9,"enemies":"2 Fungi Beasts","floor":8,"turns":4},{"damage":24,"enemies":"3 Sentries","floor":10,"turns":7},{"damage":19,"enemies":"Gremlin Gang","floor":11,"turns":3},{"damage":33,"enemies":"The Guardian","floor":16,"turns":11},{"damage":4,"enemies":"2 Thieves","floor":18,"turns":3},{"damage":0,"enemies":"3 Byrds","floor":19,"turns":3},{"damage":15,"enemies":"Slaver and Parasite","floor":20,"turns":7},{"damage":6,"enemies":"Book of Stabbing","floor":25,"turns":4},{"damage":14,"enemies":"Snake Plant","floor":28,"turns":3},{"damage":9,"enemies":"Gremlin Leader","floor":29,"turns":5},{"damage":0,"enemies":"Centurion and Healer","floor":30,"turns":2},{"damage":10,"enemies":"Slavers","floor":31,"turns":4},{"damage":45,"enemies":"Collector","floor":33,"turns":6},{"damage":5,"enemies":"Orb Walker","floor":35,"turns":2},{"damage":7,"enemies":"3 Darklings","floor":37,"turns":3},{"damage":26,"enemies":"Sphere and 2 Shapes","floor":38,"turns":4},{"damage":29,"enemies":"4 Shapes","floor":41,"turns":2},{"damage":10,"enemies":"Nemesis","floor":45,"turns":5},{"damage":4,"enemies":"3 Darklings","floor":46,"turns":3},{"damage":4,"enemies":"Giant Head","floor":48,"turns":5},{"damage":46,"enemies":"Time Eater","floor":50,"turns":9}],"event_choices":[{"event_name":"Big Fish","player_choice":"Donut","floor":2,"damage_taken":0},{"event_name":"Match and Keep!","player_choice":"0 cards matched","floor":3,"damage_taken":0},{"event_name":"Golden Wing","player_choice":"Card Removal","floor":5,"damage_taken":0},{"event_name":"The Mausoleum","player_choice":"Yes","floor":24,"damage_taken":0},{"event_name":"Winding Halls","player_choice":"Embrace Madness","floor":44,"damage_taken":0}],"boss_relics":[{"not_picked":["Tiny House","Velvet Choker"],"picked":"Snecko Eye"},{"not_picked":["Philosopher\u0027s Stone","Eternal Feather"],"picked":"Sozu"}],"potions_floor_spawned":[4,10,11,18,20,25,33,37,38,46,48],"seed_played":"-2032045788391415809","ascension_level":9,"is_trial":false}