{"gold_per_floor":[16,31,42,117,77,106,106,106],"floor_reached":8,"playtime":291,"items_purged":[],"score":109,"play_id":"a07a84dc-e659-40ce-8d9f-7ec112b1a0ca","local_time":"20181021221951","is_ascension_mode":true,"campfire_choices":[{"data":"Footwork","floor":7,"key":"SMITH"}],"neow_cost":"NO_GOLD","seed_source_timestamp":1044419583635416,"circlet_count":0,"master_deck":["Defend_G","Defend_G","Defend_G","Defend_G","Defend_G","Strike_G","Strike_G","Strike_G","Strike_G","Strike_G","Survivor","Neutralize","AscendersBane","Die Die Die","Footwork+1","Backstab","Leg Sweep","Backstab"],"relics":["Ring of the Snake","Oddly Smooth Stone"],"potions_floor_usage":[6,6,8],"damage_taken":[{"damage":0,"enemies":"2 Louse","floor":1,"turns":2},{"damage":2,"enemies":"Cultist","floor":2,"turns":5},{"damage":8,"enemies":"Jaw Worm","floor":3,"turns":4},{"damage":1,"enemies":"Looter","floor":5,"turns":4},{"damage":23,"enemies":"Lagavulin","floor":6,"turns":7},{"damage":31,"enemies":"Gremlin Nob","floor":8,"turns":4}],"seed_played":"8061032314696551746","potions_obtained":[{"floor":2,"key":"Strength Potion"},{"floor":3,"key":"Regen Potion"},{"floor":6,"key":"Energy Potion"}],"is_trial":false,"path_per_floor":["M","M","M","?","M","E","R"],"character_chosen":"THE_SILENT","items_purchased":[],"campfire_rested":0,"item_purchase_floors":[],"current_hp_per_floor":[59,57,49,38,37,29,29,0],"gold":106,"neow_bonus":"THREE_RARE_CARDS","is_prod":false,"is_daily":false,"chose_seed":false,"campfire_upgraded":1,"win_rate":0,"timestamp":1540174791,"path_taken":["M","M","M","?","M","E","R","E"],"build_version":"2018-10-18","purchased_purges":0,"victory":false,"max_hp_per_floor":[66,66,66,66,66,66,66,66],"card_choices":[{"not_picked":["Malaise","Night Terror"],"picked":"Die Die Die","floor":0},{"not_picked":["Deflect","Prepared"],"picked":"Footwork","floor":1},{"not_picked":["Expertise","Acrobatics"],"picked":"Backstab","floor":2},{"not_picked":["Backflip","Slice"],"picked":"Leg Sweep","floor":3},{"not_picked":["Tactician","Bane"],"picked":"Backstab","floor":5},{"not_picked":["Grand Finale","Leg Sweep","Calculated Gamble"],"picked":"SKIP","floor":6}],"player_experience":792265,"relics_obtained":[{"floor":6,"key":"Oddly Smooth Stone"}],"event_choices":[{"damage_healed":0,"gold_gain":75,"player_choice":"Gather Gold","damage_taken":11,"max_hp_gain":0,"max_hp_loss":0,"event_name":"World of Goop","floor":4,"gold_loss":0}],"is_beta":false,"boss_relics":[],"items_purged_floors":[],"is_endless":false,"potions_floor_spawned":[2,3,6],"killed_by":"Gremlin Nob","ascension_level":19}