{"gold_per_floor":[114,114,114,114,128,128,128,159,159,190,210,210,241,258,258,359,359,379,407,407,407,421,421,421],"floor_reached":24,"playtime":668,"items_purged":[],"score":297,"play_id":"9e9143a1-74d1-4f1a-8540-6b800644f326","local_time":"20190319194703","is_ascension_mode":true,"campfire_choices":[{"data":"Perfected Strike","floor":7,"key":"SMITH"},{"floor":12,"key":"REST"},{"data":"Impervious","floor":15,"key":"SMITH"},{"floor":23,"key":"REST"}],"neow_cost":"NONE","seed_source_timestamp":525532111631063,"circlet_count":0,"master_deck":["Strike_R","Strike_R","Strike_R","Strike_R","Defend_R","Defend_R","Defend_R","Bash","Perfected Strike+1","Perfected Strike+1","Impervious+1","Shrug It Off","Battle Trance","Reaper","Ghostly Armor","Decay","Rage"],"relics":["Burning Blood","Nunchaku","Pantograph","Dream Catcher","Ancient Tea Set","Cursed Key","Red Mask"],"potions_floor_usage":[13,16,16,22],"damage_taken":[{"damage":5,"enemies":"Small Slimes","floor":1,"turns":4},{"damage":3,"enemies":"2 Louse","floor":5,"turns":4},{"damage":16,"enemies":"Gremlin Nob","floor":8,"turns":3},{"damage":45,"enemies":"3 Sentries","floor":10,"turns":11},{"damage":2,"enemies":"Jaw Worm","floor":11,"turns":3},{"damage":10,"enemies":"Gremlin Nob","floor":13,"turns":3},{"damage":0,"enemies":"Exordium Wildlife","floor":14,"turns":3},{"damage":80,"enemies":"Hexaghost","floor":16,"turns":13},{"damage":7,"enemies":"Chosen","floor":18,"turns":4},{"damage":57,"enemies":"Masked Bandits","floor":19,"turns":6},{"damage":35,"enemies":"2 Thieves","floor":22,"turns":4},{"damage":65,"enemies":"Book of Stabbing","floor":24,"turns":5}],"seed_played":"5244680485720690872","potions_obtained":[{"floor":5,"key":"FearPotion"},{"floor":10,"key":"BloodPotion"},{"floor":13,"key":"Swift Potion"},{"floor":19,"key":"Regen Potion"}],"is_trial":false,"path_per_floor":["M","?","$","?","M","?","R","E","T","E","M","R","E","M","R","B",null,"M","?","?","?","M","R","E"],"character_chosen":"IRONCLAD","items_purchased":[],"campfire_rested":2,"item_purchase_floors":[],"current_hp_per_floor":[73,66,66,66,69,69,69,59,59,20,24,48,44,50,50,9,62,65,17,43,43,31,55,0],"gold":421,"neow_bonus":"TRANSFORM_CARD","is_prod":false,"is_daily":false,"chose_seed":false,"campfire_upgraded":2,"win_rate":0,"timestamp":1553039223,"path_taken":["M","?","$","?","M","?","R","E","T","E","M","R","E","M","R","BOSS","M","?","?","?","M","R","E"],"build_version":"2019-01-23","purchased_purges":0,"victory":false,"max_hp_per_floor":[80,80,80,80,80,80,80,80,80,80,80,80,80,80,80,80,80,80,80,80,80,80,80,80],"card_choices":[{"not_picked":["Clash","Iron Wave","True Grit"],"picked":"SKIP","floor":1},{"not_picked":["Infernal Blade","Reckless Charge"],"picked":"Perfected Strike","floor":5},{"not_picked":["Twin Strike","Wild Strike"],"picked":"Impervious","floor":8},{"not_picked":["Burning Pact","Entrench"],"picked":"Shrug It Off","floor":10},{"not_picked":["Fire Breathing","Second Wind","Infernal Blade"],"picked":"SKIP","floor":11},{"not_picked":["Sentinel","True Grit"],"picked":"Battle Trance","floor":13},{"not_picked":["Iron Wave","Sword Boomerang","Havoc"],"picked":"SKIP","floor":14},{"not_picked":["Offering","Brutality"],"picked":"Reaper","floor":16},{"not_picked":["Burning Pact","Anger+1"],"picked":"Ghostly Armor","floor":18},{"not_picked":["Inflame","Thunderclap","Pommel Strike"],"picked":"SKIP","floor":22},{"not_picked":["Rupture+1","Iron Wave"],"picked":"Rage","floor":23}],"player_experience":457531,"relics_obtained":[{"floor":8,"key":"Nunchaku"},{"floor":9,"key":"Pantograph"},{"floor":10,"key":"Dream Catcher"},{"floor":13,"key":"Ancient Tea Set"},{"floor":19,"key":"Red Mask"}],"event_choices":[{"cards_removed":["Defend_R"],"damage_healed":0,"gold_gain":0,"player_choice":"Card Removal","damage_taken":7,"max_hp_gain":0,"max_hp_loss":0,"event_name":"Golden Wing","floor":2,"gold_loss":0},{"damage_healed":0,"gold_gain":0,"player_choice":"Ignored","damage_taken":0,"max_hp_gain":0,"max_hp_loss":0,"event_name":"Liars Game","floor":4,"gold_loss":0},{"damage_healed":0,"gold_gain":0,"player_choice":"Grow","damage_taken":0,"max_hp_gain":0,"max_hp_loss":0,"event_name":"Living Wall","floor":6,"gold_loss":0,"cards_upgraded":["Perfected Strike"]},{"damage_healed":0,"gold_gain":0,"player_choice":"Fought Bandits","damage_taken":0,"max_hp_gain":0,"max_hp_loss":0,"event_name":"Masked Bandits","floor":19,"gold_loss":0},{"damage_healed":26,"gold_gain":0,"player_choice":"Heal","damage_taken":0,"max_hp_gain":0,"max_hp_loss":0,"event_name":"The Library","floor":20,"gold_loss":0},{"damage_healed":0,"gold_gain":0,"player_choice":"Smashed Altar","damage_taken":0,"max_hp_gain":0,"max_hp_loss":0,"event_name":"Forgotten Altar","floor":21,"gold_loss":0,"cards_obtained":["Decay"]}],"is_beta":false,"boss_relics":[{"not_picked":["Astrolabe","Ectoplasm"],"picked":"Cursed Key"}],"items_purged_floors":[],"is_endless":false,"potions_floor_spawned":[5,10,13,19],"killed_by":"Book of Stabbing","ascension_level":8}