{"gold_per_floor":[111,127,138,152,120,120,149,161,173,199,211,233,264,276,288,395,407,437,449,30,30,40,65,65,65,65,65,65,76,102,102,102,102],"floor_reached":33,"playtime":1485,"items_purged":[],"score":316,"play_id":"f7c69d16-5158-4248-8c26-5f912189c031","local_time":"20190117082459","is_ascension_mode":true,"campfire_choices":[{"data":"Neutralize","floor":6,"key":"SMITH"},{"floor":8,"key":"REST"},{"floor":11,"key":"REST"},{"data":"Burst","floor":15,"key":"SMITH"},{"data":"Metamorphosis","floor":25,"key":"SMITH"},{"floor":27,"key":"REST"},{"floor":32,"key":"REST"}],"neow_cost":"CURSE","seed_source_timestamp":656364977674543,"circlet_count":0,"master_deck":["Defend_G+1","Defend_G+1","Defend_G+1","Strike_G+1","Strike_G+1","Strike_G+1","Strike_G+1","Strike_G+1","Survivor","Neutralize+1","Shame","Backstab","Grand Finale","Deadly Poison","Poisoned Stab","Deadly Poison","Cloak And Dagger","Backstab","Escape Plan","Accuracy","Burst+1","After Image","Quick Slash","Metamorphosis+1","Bandage Up","Shame","Distraction+1","Blur","Necronomicurse","A Thousand Cuts"],"relics":["Ring of the Snake","MawBank","Centennial Puzzle","Shuriken","Sozu","Pen Nib","Anchor","Torii","Necronomicon","Meat on the Bone","Lantern"],"potions_floor_usage":[16,16,23,31],"damage_taken":[{"damage":3,"enemies":"Small Slimes","floor":1,"turns":3},{"damage":0,"enemies":"2 Louse","floor":2,"turns":2},{"damage":7,"enemies":"Jaw Worm","floor":3,"turns":3},{"damage":12,"enemies":"2 Fungi Beasts","floor":4,"turns":2},{"damage":17,"enemies":"Lagavulin","floor":7,"turns":4},{"damage":19,"enemies":"Large Slime","floor":10,"turns":5},{"damage":0,"enemies":"3 Louse","floor":12,"turns":2},{"damage":2,"enemies":"Exordium Wildlife","floor":13,"turns":3},{"damage":19,"enemies":"Hexaghost","floor":16,"turns":7},{"damage":18,"enemies":"Chosen","floor":18,"turns":5},{"damage":2,"enemies":"3 Byrds","floor":22,"turns":4},{"damage":15,"enemies":"Slavers","floor":23,"turns":4},{"damage":16,"enemies":"Snake Plant","floor":29,"turns":4},{"damage":36,"enemies":"Gremlin Leader","floor":30,"turns":7},{"damage":0,"enemies":"3 Cultists","floor":31,"turns":2},{"damage":64,"enemies":"Champ","floor":33,"turns":8}],"seed_played":"-7468568922142401079","potions_obtained":[{"floor":3,"key":"SmokeBomb"},{"floor":10,"key":"LiquidBronze"},{"floor":13,"key":"Block Potion"},{"floor":16,"key":"Poison Potion"}],"is_trial":false,"path_per_floor":["M","M","M","M","?","R","E","R","T","M","R","M","M","?","R","B",null,"M","?","$","?","M","E","?","R","T","R","?","M","E","M","R","B"],"character_chosen":"THE_SILENT","items_purchased":["Metamorphosis","Pen Nib","Bandage Up"],"campfire_rested":4,"item_purchase_floors":[20,20,20],"current_hp_per_floor":[67,67,60,48,48,48,31,52,52,33,54,54,52,49,49,30,70,52,52,52,52,58,47,31,31,31,52,52,36,16,32,53,0],"gold":102,"neow_bonus":"TRANSFORM_TWO_CARDS","is_prod":false,"is_daily":false,"chose_seed":false,"campfire_upgraded":3,"win_rate":0,"timestamp":1547731499,"path_taken":["M","M","M","M","?","R","E","R","T","M","R","M","M","?","R","BOSS","M","?","$","?","M","E","?","R","T","R","?","M","E","M","R","BOSS"],"build_version":"2019-01-10","purchased_purges":0,"victory":false,"max_hp_per_floor":[70,70,70,70,70,70,70,70,70,70,70,70,70,70,70,70,70,70,70,70,70,70,70,70,70,70,70,70,70,70,70,70,70],"card_choices":[{"not_picked":["Underhanded Strike","Catalyst"],"picked":"Deadly Poison","floor":1},{"not_picked":["Slice","Expertise"],"picked":"Poisoned Stab","floor":2},{"not_picked":["Sucker Punch","Expertise"],"picked":"Deadly Poison","floor":3},{"not_picked":["Blade Dance","Deflect"],"picked":"Cloak And Dagger","floor":4},{"not_picked":["A Thousand Cuts","Underhanded Strike"],"picked":"Backstab","floor":7},{"not_picked":["Flechettes","Dodge and Roll"],"picked":"Escape Plan","floor":10},{"not_picked":["Sucker Punch","Infinite Blades"],"picked":"Accuracy","floor":12},{"not_picked":["Acrobatics","Backflip"],"picked":"Burst","floor":13},{"not_picked":["Glass Knife","Phantasmal Killer"],"picked":"After Image","floor":16},{"not_picked":["Heel Hook+1","Outmaneuver"],"picked":"Quick Slash","floor":18},{"not_picked":["Underhanded Strike","Backflip"],"picked":"Distraction+1","floor":22},{"not_picked":["Prepared","Expertise"],"picked":"Blur","floor":23},{"not_picked":["Well Laid Plans","Poisoned Stab"],"picked":"A Thousand Cuts","floor":29},{"not_picked":["Bane","Sucker Punch","Night Terror"],"picked":"SKIP","floor":30}],"player_experience":118419,"relics_obtained":[{"floor":7,"key":"MawBank"},{"floor":9,"key":"Centennial Puzzle"},{"floor":23,"key":"Torii"},{"floor":24,"key":"Necronomicon"},{"floor":26,"key":"Meat on the Bone"},{"floor":30,"key":"Lantern"}],"event_choices":[{"damage_healed":0,"gold_gain":0,"player_choice":"Left Gold","damage_taken":0,"max_hp_gain":0,"max_hp_loss":0,"event_name":"World of Goop","floor":5,"gold_loss":32},{"damage_healed":0,"gold_gain":0,"player_choice":"Success","damage_taken":3,"relics_obtained":["Shuriken"],"max_hp_gain":0,"max_hp_loss":0,"event_name":"Scrap Ooze","floor":14,"gold_loss":0},{"damage_healed":0,"gold_gain":0,"player_choice":"Simplicity","damage_taken":0,"max_hp_gain":0,"max_hp_loss":0,"event_name":"Back to Basics","floor":19,"gold_loss":0,"cards_upgraded":["Defend_G","Defend_G","Defend_G","Strike_G","Strike_G","Strike_G","Strike_G","Strike_G"]},{"damage_healed":0,"gold_gain":0,"player_choice":"Stole Relic","damage_taken":0,"relics_obtained":["Anchor"],"max_hp_gain":0,"max_hp_loss":0,"event_name":"Addict","floor":21,"gold_loss":0,"cards_obtained":["Shame"]},{"damage_healed":0,"gold_gain":0,"player_choice":"Obtained Book","damage_taken":16,"max_hp_gain":0,"max_hp_loss":0,"event_name":"Cursed Tome","floor":24,"gold_loss":0},{"damage_healed":0,"gold_gain":0,"player_choice":"Ignored","damage_taken":0,"max_hp_gain":0,"max_hp_loss":0,"event_name":"Ghosts","floor":28,"gold_loss":0}],"is_beta":false,"boss_relics":[{"not_picked":["Ring of the Serpent","Snecko Eye"],"picked":"Sozu"}],"items_purged_floors":[],"is_endless":false,"potions_floor_spawned":[3,10,13,16,18,30],"killed_by":"Champ","ascension_level":2}