{"gold_per_floor":[114,114,129,146,221,221,221,221,275,275,308,323,323],"floor_reached":13,"playtime":410,"items_purged":[],"score":166,"play_id":"914fa2a7-407d-477d-b9fc-9192d8ae1524","local_time":"20190101173113","is_ascension_mode":true,"campfire_choices":[{"data":"Cold Snap","floor":6,"key":"SMITH"},{"data":"Strike_B","floor":8,"key":"SMITH"}],"neow_cost":"PERCENT_DAMAGE","seed_source_timestamp":7376189265521,"circlet_count":0,"master_deck":["AscendersBane","Strike_B","Strike_B","Strike_B","Strike_B+1","Defend_B","Defend_B","Defend_B","Zap+1","Dualcast","Self Repair","Cold Snap+1","Go for the Eyes"],"relics":["Cracked Core","Torii","Anchor","Happy Flower"],"potions_floor_usage":[3,11],"damage_taken":[{"damage":8,"enemies":"Small Slimes","floor":1,"turns":3},{"damage":1,"enemies":"Jaw Worm","floor":3,"turns":3},{"damage":0,"enemies":"Cultist","floor":4,"turns":3},{"damage":36,"enemies":"3 Sentries","floor":11,"turns":13},{"damage":6,"enemies":"Looter","floor":12,"turns":3},{"damage":28,"enemies":"Lagavulin","floor":13,"turns":5}],"seed_played":"6141026913283528765","potions_obtained":[{"floor":1,"key":"EssenceOfSteel"},{"floor":3,"key":"Energy Potion"}],"is_trial":false,"path_per_floor":["M","?","M","M","?","R","?","R","T","?","E","M","E"],"character_chosen":"DEFECT","items_purchased":[],"campfire_rested":0,"item_purchase_floors":[],"current_hp_per_floor":[38,38,44,51,40,40,63,63,63,56,27,21,0],"gold":323,"neow_bonus":"ONE_RARE_RELIC","is_prod":false,"is_daily":false,"chose_seed":false,"campfire_upgraded":2,"win_rate":0,"timestamp":1546381873,"path_taken":["M","?","M","M","?","R","?","R","T","?","E","?","E"],"build_version":"2018-12-20","purchased_purges":0,"victory":false,"max_hp_per_floor":[71,71,71,71,71,71,71,71,71,71,71,71,71],"card_choices":[{"not_picked":["Storm","BootSequence"],"picked":"Self Repair","floor":1},{"not_picked":["Self Repair","Stack"],"picked":"Cold Snap","floor":3},{"not_picked":["Turbo","Scrape","Leap"],"picked":"SKIP","floor":4},{"not_picked":["Coolheaded","Buffer","Turbo"],"picked":"SKIP","floor":11},{"not_picked":["Beam Cell","Ball Lightning"],"picked":"Go for the Eyes","floor":12}],"player_experience":991520,"relics_obtained":[{"floor":9,"key":"Anchor"},{"floor":11,"key":"Happy Flower"}],"event_choices":[{"damage_healed":0,"gold_gain":0,"player_choice":"Grow","damage_taken":0,"max_hp_gain":0,"max_hp_loss":0,"event_name":"Living Wall","floor":2,"gold_loss":0,"cards_upgraded":["Zap"]},{"damage_healed":0,"gold_gain":75,"player_choice":"Gather Gold","damage_taken":11,"max_hp_gain":0,"max_hp_loss":0,"event_name":"World of Goop","floor":5,"gold_loss":0},{"damage_healed":23,"gold_gain":0,"player_choice":"Banana","damage_taken":0,"max_hp_gain":0,"max_hp_loss":0,"event_name":"Big Fish","floor":7,"gold_loss":0},{"cards_removed":["Defend_B"],"damage_healed":0,"gold_gain":0,"player_choice":"Card Removal","damage_taken":7,"max_hp_gain":0,"max_hp_loss":0,"event_name":"Golden Wing","floor":10,"gold_loss":0}],"is_beta":false,"boss_relics":[],"items_purged_floors":[],"is_endless":false,"potions_floor_spawned":[1,3],"killed_by":"Lagavulin","ascension_level":20}