{"gold_per_floor":[118,118,131,131,131,131,163,175,175,186,246,50,70,89,89,185,185,203,293,307,307],"floor_reached":21,"playtime":940,"items_purged":[],"score":258,"play_id":"55628c83-a0a8-4c56-91ff-8d803a272995","local_time":"20190316222042","is_ascension_mode":true,"campfire_choices":[{"floor":6.0,"key":"REST"},{"data":"Whirlwind","floor":15.0,"key":"SMITH"}],"neow_cost":"PERCENT_DAMAGE","seed_source_timestamp":0,"circlet_count":0,"master_deck":["Bash+1","Fiend Fire","Seeing Red","Reaper+1","Shrug It Off","Whirlwind+1","Shrug It Off","Impervious","Barricade","Brutality","Double Tap","Iron Wave","Whirlwind","True Grit","Entrench","True Grit","Warcry","Cleave+1"],"special_seed":0,"relics":["Burning Blood","Ice Cream","Torii","Bottled Lightning","Tiny Chest","Whetstone","Pandora\u0027s Box"],"potions_floor_usage":[],"damage_taken":[{"damage":6.0,"enemies":"Jaw Worm","floor":1.0,"turns":5.0},{"damage":2.0,"enemies":"Small Slimes","floor":3.0,"turns":5.0},{"damage":24.0,"enemies":"Gremlin Nob","floor":7.0,"turns":4.0},{"damage":0.0,"enemies":"2 Louse","floor":8.0,"turns":3.0},{"damage":9.0,"enemies":"Blue Slaver","floor":10.0,"turns":3.0},{"damage":11.0,"enemies":"Lagavulin","floor":11.0,"turns":7.0},{"damage":0.0,"enemies":"Exordium Wildlife","floor":13.0,"turns":2.0},{"damage":1.0,"enemies":"2 Fungi Beasts","floor":14.0,"turns":3.0},{"damage":20,"enemies":"The Guardian","floor":16,"turns":19},{"damage":8,"enemies":"2 Thieves","floor":18,"turns":2},{"damage":41,"enemies":"Chosen","floor":20,"turns":8},{"damage":55,"enemies":"3 Cultists","floor":21,"turns":4}],"seed_played":"3119975795027222034","potions_obtained":[{"floor":10.0,"key":"Regen Potion"},{"floor":13.0,"key":"LiquidBronze"},{"floor":14.0,"key":"Weak Potion"},{"floor":18,"key":"Ancient Potion"}],"is_trial":false,"path_per_floor":["M","?","M","?","?","R","E","M","T","M","E","$","M","M","R","B",null,"M","?","M","M"],"character_chosen":"IRONCLAD","items_purchased":["Whetstone","Shrug It Off"],"campfire_rested":1,"item_purchase_floors":[12,12],"current_hp_per_floor":[51,39,43,36,20,44,26,32,32,29,38,38,54,59,59,50,73,71,55,30,0],"gold":307,"neow_bonus":"ONE_RARE_RELIC","is_prod":false,"is_daily":false,"chose_seed":false,"campfire_upgraded":1,"win_rate":0,"timestamp":1552789242,"path_taken":["M","?","M","?","?","R","E","M","T","M","E","?","?","M","R","BOSS","M","?","?","M"],"build_version":"2019-01-23","purchased_purges":0,"victory":false,"max_hp_per_floor":[80,80,80,80,80,80,80,80,80,80,80,80,80,80,80,80,80,80,80,80,80],"card_choices":[{"not_picked":["Iron Wave","Sword Boomerang","Reckless Charge"],"picked":"SKIP","floor":1.0},{"not_picked":["Sword Boomerang","Reckless Charge","Havoc"],"picked":"SKIP","floor":3.0},{"not_picked":["Cleave","Clash"],"picked":"Fiend Fire","floor":7.0},{"not_picked":["Blood for Blood","Twin Strike"],"picked":"Seeing Red","floor":8.0},{"not_picked":["Corruption","Pommel Strike","Twin Strike"],"picked":"SKIP","floor":10.0},{"not_picked":["True Grit","Pommel Strike"],"picked":"Reaper","floor":11.0},{"not_picked":["Wild Strike","Reckless Charge"],"picked":"Whirlwind","floor":13.0},{"not_picked":["Combust","True Grit"],"picked":"Shrug It Off","floor":14.0},{"not_picked":["Double Tap","Bludgeon"],"picked":"Impervious","floor":16},{"not_picked":["Headbutt","True Grit"],"picked":"Warcry","floor":18},{"not_picked":["Metallicize","Rupture+1"],"picked":"Cleave+1","floor":20}],"player_experience":443204,"relics_obtained":[{"floor":7.0,"key":"Bottled Lightning"},{"floor":11.0,"key":"Tiny Chest"}],"event_choices":[{"damage_healed":0.0,"max_hp_gain":0.0,"max_hp_loss":0.0,"gold_gain":0.0,"event_name":"Scrap Ooze","player_choice":"Success","floor":2.0,"gold_loss":0.0,"damage_taken":12.0,"relics_obtained":["Torii"]},{"cards_removed":["Strike_R"],"damage_healed":0.0,"max_hp_gain":0.0,"max_hp_loss":0.0,"gold_gain":0.0,"event_name":"Golden Wing","player_choice":"Card Removal","floor":4.0,"gold_loss":0.0,"damage_taken":7.0},{"damage_healed":0.0,"max_hp_gain":0.0,"max_hp_loss":0.0,"gold_gain":0.0,"event_name":"Shining Light","player_choice":"Entered Light","floor":5.0,"gold_loss":0.0,"damage_taken":16.0,"cards_upgraded":["Defend_R","Strike_R"]},{"damage_healed":0,"gold_gain":90,"player_choice":"GOLD ","damage_taken":16,"max_hp_gain":0,"max_hp_loss":0,"event_name":"Knowing Skull","floor":19,"potions_obtained":[],"gold_loss":0,"cards_obtained":[]}],"is_beta":false,"boss_relics":[{"not_picked":["Empty Cage","Fusion Hammer"],"picked":"Pandora\u0027s Box"}],"items_purged_floors":[],"is_endless":false,"potions_floor_spawned":[10,13,14,18],"killed_by":"3 Cultists","ascension_level":7}