{"gold_per_floor":[359,45,45,10,29,58,58,73,73,108,126,136,149,167,167,245,245,258,276,276,276],"floor_reached":21,"playtime":1038,"items_purged":[],"score":357,"play_id":"55fb5848-81b3-4cc7-aa43-89944a80f763","local_time":"20180915232722","is_ascension_mode":true,"campfire_choices":[{"data":"Uppercut","floor":7,"key":"SMITH"},{"data":"True Grit","floor":15,"key":"SMITH"}],"neow_cost":"PERCENT_DAMAGE","seed_source_timestamp":26686643894993,"circlet_count":0,"master_deck":["Strike_R","Strike_R","Strike_R","Strike_R","Strike_R","Defend_R","Defend_R","Defend_R","Defend_R","Bash","AscendersBane","Inflame","Uppercut+1","Iron Wave","Shrug It Off","Corruption","Inflame","Cleave","Sword Boomerang","True Grit+1","Offering","Clash+1","Wild Strike","Writhe"],"relics":["Black Blood","Medical Kit","Darkstone Periapt","Mummified Hand","PreservedInsect","Thread and Needle"],"potions_floor_usage":[11,12,13,13,13,16,21],"damage_taken":[{"damage":0,"enemies":"2 Louse","floor":1,"turns":3},{"damage":9,"enemies":"Small Slimes","floor":5,"turns":4},{"damage":30,"enemies":"Gremlin Nob","floor":6,"turns":5},{"damage":3,"enemies":"Cultist","floor":8,"turns":4},{"damage":23,"enemies":"Lagavulin","floor":10,"turns":6},{"damage":13,"enemies":"Lots of Slimes","floor":11,"turns":5},{"damage":0,"enemies":"2 Fungi Beasts","floor":12,"turns":4},{"damage":19,"enemies":"Exordium Thugs","floor":13,"turns":5},{"damage":1,"enemies":"Red Slaver","floor":14,"turns":3},{"damage":19,"enemies":"The Guardian","floor":16,"turns":14},{"damage":22,"enemies":"Chosen","floor":18,"turns":5},{"damage":19,"enemies":"Spheric Guardian","floor":19,"turns":5},{"damage":44,"enemies":"Shelled Parasite and Fungi","floor":21,"turns":3}],"seed_played":"-3210744701953539891","potions_obtained":[{"floor":1,"key":"SpeedPotion"},{"floor":10,"key":"Poison Potion"},{"floor":11,"key":"Block Potion"},{"floor":12,"key":"EntropicBrew"},{"floor":18,"key":"GamblersBrew"}],"is_trial":false,"path_per_floor":["M","$","?","?","M","E","R","M","T","E","M","M","M","M","R","B",null,"M","M","?"],"character_chosen":"IRONCLAD","items_purchased":["Uppercut","Medical Kit"],"campfire_rested":0,"item_purchase_floors":[2,2],"current_hp_per_floor":[56,56,56,74,71,47,47,50,50,33,26,32,19,24,24,11,59,47,38,44,0],"gold":276,"neow_bonus":"TWO_FIFTY_GOLD","is_prod":false,"is_daily":false,"chose_seed":false,"campfire_upgraded":2,"win_rate":0,"timestamp":1537068442,"path_taken":["M","$","?","?","M","E","R","M","T","E","?","M","?","M","R","BOSS","M","M","?","M"],"build_version":"2018-09-06","purchased_purges":0,"victory":false,"max_hp_per_floor":[75,75,75,75,75,75,75,75,75,75,75,75,75,75,75,75,75,75,75,81,81],"card_choices":[{"not_picked":["Thunderclap","Armaments"],"picked":"Inflame","floor":1},{"not_picked":["Sword Boomerang","Battle Trance"],"picked":"Iron Wave","floor":5},{"not_picked":["Flex","Pummel"],"picked":"Shrug It Off","floor":6},{"not_picked":["Warcry","Body Slam","Heavy Blade"],"picked":"SKIP","floor":8},{"not_picked":["Immolate","Dual Wield"],"picked":"Corruption","floor":10},{"not_picked":["Perfected Strike","Havoc"],"picked":"Inflame","floor":11},{"not_picked":["Clothesline","Clash"],"picked":"Cleave","floor":12},{"not_picked":["Whirlwind","Body Slam"],"picked":"Sword Boomerang","floor":13},{"not_picked":["Perfected Strike","Entrench"],"picked":"True Grit","floor":14},{"not_picked":["Impervious","Demon Form"],"picked":"Offering","floor":16},{"not_picked":["Disarm","Intimidate"],"picked":"Clash+1","floor":18},{"not_picked":["Cleave","Clash"],"picked":"Wild Strike","floor":19}],"player_experience":658216,"relics_obtained":[{"floor":6,"key":"Darkstone Periapt"},{"floor":9,"key":"Mummified Hand"},{"floor":10,"key":"PreservedInsect"}],"event_choices":[{"event_name":"Shining Light","player_choice":"Ignored","floor":3,"damage_taken":0},{"event_name":"The Cleric","player_choice":"Healed","floor":4,"damage_taken":0},{"event_name":"The Mausoleum","player_choice":"Yes","floor":20,"damage_taken":0}],"is_beta":false,"boss_relics":[{"not_picked":["Empty Cage","Velvet Choker"],"picked":"Black Blood"}],"items_purged_floors":[],"is_endless":false,"potions_floor_spawned":[1,10,11,12,18],"killed_by":"Shelled Parasite and Fungi","ascension_level":17}