{"gold_per_floor":[112,77,95,114,19,44,9,35,85,104,130,143,143,156,156,253,253,222,232,25,124,124,124,154,154,177,177],"floor_reached":27,"playtime":1228,"items_purged":[],"score":326,"play_id":"d257f54f-b7a7-4ba5-a3b6-b9e76d33ee5a","local_time":"20190118125037","is_ascension_mode":true,"campfire_choices":[{"data":"White Noise","floor":13,"key":"SMITH"},{"floor":15,"key":"REST"},{"data":"Creative AI","floor":23,"key":"SMITH"}],"neow_cost":"NONE","seed_source_timestamp":69476403357861,"circlet_count":0,"master_deck":["Strike_B","Strike_B","Strike_B","Strike_B","Defend_B","Defend_B","Defend_B","Defend_B","Zap+1","Dualcast","Sunder","Conserve Battery","White Noise+1","Conserve Battery","Leap","Sweeping Beam+1","Turbo","Creative AI+1","Steam","Beam Cell+1","Gash+1","Electrodynamics","BootSequence","Leap","Conserve Battery"],"relics":["Cracked Core","Molten Egg 2","Boot","Happy Flower","Meat on the Bone","Inserter","Lee\u0027s Waffle","Art of War","Bird Faced Urn","Enchiridion","Lantern"],"potions_floor_usage":[6,14,16,16,18,24],"damage_taken":[{"damage":5,"enemies":"Small Slimes","floor":1,"turns":4},{"damage":2,"enemies":"Jaw Worm","floor":3,"turns":3},{"damage":0,"enemies":"2 Louse","floor":4,"turns":1},{"damage":29,"enemies":"Gremlin Nob","floor":6,"turns":4},{"damage":4,"enemies":"3 Sentries","floor":8,"turns":6},{"damage":4,"enemies":"Lots of Slimes","floor":10,"turns":2},{"damage":40,"enemies":"Gremlin Nob","floor":11,"turns":5},{"damage":0,"enemies":"Red Slaver","floor":12,"turns":2},{"damage":10,"enemies":"Gremlin Gang","floor":14,"turns":3},{"damage":8,"enemies":"The Guardian","floor":16,"turns":11},{"damage":23,"enemies":"2 Thieves","floor":18,"turns":5},{"damage":5,"enemies":"Shell Parasite","floor":19,"turns":6},{"damage":42,"enemies":"Slavers","floor":24,"turns":4},{"damage":51,"enemies":"Gremlin Leader","floor":27,"turns":7}],"seed_played":"6683631798167460672","potions_obtained":[{"floor":1,"key":"SneckoOil"},{"floor":3,"key":"GamblersBrew"},{"floor":4,"key":"Dexterity Potion"},{"floor":11,"key":"LiquidBronze"},{"floor":12,"key":"Explosive Potion"},{"floor":14,"key":"EssenceOfSteel"},{"floor":18,"key":"Explosive Potion"}],"is_trial":false,"path_per_floor":["M","?","M","M","$","E","?","E","T","M","E","M","R","M","R","B",null,"M","M","$","?","?","R","E","?","T","E"],"character_chosen":"DEFECT","items_purchased":["Conserve Battery","Leap","Lee\u0027s Waffle"],"campfire_rested":1,"item_purchase_floors":[5,5,20],"current_hp_per_floor":[63,63,61,61,61,32,50,46,46,42,2,14,14,16,38,42,67,44,39,82,82,82,82,52,36,36,0],"gold":177,"neow_bonus":"UPGRADE_CARD","is_prod":false,"is_daily":false,"chose_seed":false,"campfire_upgraded":2,"win_rate":0,"timestamp":1547833837,"path_taken":["M","?","M","M","$","E","?","E","T","?","E","M","R","M","R","BOSS","M","M","$","?","?","R","E","?","T","E"],"build_version":"2019-01-17v2","purchased_purges":0,"victory":false,"max_hp_per_floor":[75,75,75,75,75,75,75,75,75,75,75,75,75,75,75,75,75,75,75,82,82,82,82,82,82,82,82],"card_choices":[{"not_picked":["Force Field","Doom and Gloom"],"picked":"Sunder","floor":1},{"not_picked":["Coolheaded","Rip and Tear"],"picked":"Conserve Battery","floor":3},{"not_picked":["Turbo","Force Field"],"picked":"White Noise","floor":4},{"not_picked":["Reprogram","Barrage"],"picked":"Sweeping Beam","floor":6},{"not_picked":["Aggregate","Gash+1"],"picked":"Turbo","floor":8},{"not_picked":["Compile Driver+1","Turbo"],"picked":"Creative AI","floor":10},{"not_picked":["Compile Driver+1","Gash+1"],"picked":"Steam","floor":11},{"not_picked":["Fusion","Steam"],"picked":"Beam Cell+1","floor":12},{"not_picked":["Cold Snap+1","Stack"],"picked":"Gash+1","floor":14},{"not_picked":["Machine Learning","Fission"],"picked":"Electrodynamics","floor":16},{"not_picked":["Conserve Battery","Hologram"],"picked":"BootSequence","floor":18},{"not_picked":["Darkness+1","Stack"],"picked":"Leap","floor":19},{"not_picked":["Undo","Skim"],"picked":"Conserve Battery","floor":24}],"player_experience":156015,"relics_obtained":[{"floor":6,"key":"Molten Egg 2"},{"floor":8,"key":"Boot"},{"floor":9,"key":"Happy Flower"},{"floor":11,"key":"Meat on the Bone"},{"floor":24,"key":"Bird Faced Urn"},{"floor":25,"key":"Enchiridion"},{"floor":26,"key":"Lantern"}],"event_choices":[{"damage_healed":0,"gold_gain":0,"player_choice":"Left Gold","damage_taken":0,"max_hp_gain":0,"max_hp_loss":0,"event_name":"World of Goop","floor":2,"gold_loss":35},{"damage_healed":18,"gold_gain":0,"player_choice":"Healed","damage_taken":0,"max_hp_gain":0,"max_hp_loss":0,"event_name":"The Cleric","floor":7,"gold_loss":35},{"damage_healed":0,"gold_gain":99,"player_choice":"Stole From Cult","damage_taken":0,"max_hp_gain":0,"max_hp_loss":0,"event_name":"Nest","floor":21,"gold_loss":0},{"damage_healed":0,"gold_gain":0,"player_choice":"Opened","damage_taken":0,"relics_obtained":["Art of War"],"max_hp_gain":0,"max_hp_loss":0,"event_name":"The Mausoleum","floor":22,"gold_loss":0},{"damage_healed":0,"gold_gain":0,"player_choice":"Obtained Book","damage_taken":16,"max_hp_gain":0,"max_hp_loss":0,"event_name":"Cursed Tome","floor":25,"gold_loss":0}],"is_beta":false,"boss_relics":[{"not_picked":["Fusion Hammer","Tiny House"],"picked":"Inserter"}],"items_purged_floors":[],"is_endless":false,"potions_floor_spawned":[1,3,4,11,12,14,18],"killed_by":"Gremlin Leader","ascension_level":6}