{"path_per_floor":["M","M","?","M","?","E","?","M","T","R","M","R","$","M","R","B",null,"M","?","?","?","?","R","M","E","T","R","M","R","M","E","R","B",null,"M","?","?","$"],"character_chosen":"THE_SILENT","items_purchased":["Toxic Egg 2","Singing Bowl","Distraction","Accuracy","Centennial Puzzle","Footwork","Leg Sweep"],"gold_per_floor":[149,160,160,175,175,201,451,467,494,494,512,512,1,11,11,107,107,126,126,126,126,126,126,140,175,175,175,195,195,214,269,269,371,371,391,641,695,197],"floor_reached":39,"campfire_rested":5,"playtime":2946,"current_hp_per_floor":[73,64,64,64,49,40,40,39,39,79,72,72,72,70,70,62,89,77,77,77,59,43,86,90,2,2,45,42,86,52,69,100,27,102,83,83,16,16],"items_purged":["Regret"],"gold":197,"score":467,"play_id":"ea7d6b3c-8ca6-43c3-ab94-9922167878aa","is_prod":false,"is_daily":false,"is_ascension_mode":false,"campfire_upgraded":2,"path_taken":["M","M","?","?","?","E","?","M","T","R","?","R","?","M","R","BOSS","M","?","?","?","?","R","M","E","T","R","M","R","M","E","R","BOSS","M","?","?","$","M"],"build_version":"2018-02-22-PROD2","purchased_purges":1,"victory":false,"master_deck":["Defend_G","Defend_G","Defend_G","Defend_G","Defend_G+1","Strike_G","Strike_G","Strike_G","Strike_G+1","Strike_G","Survivor","Neutralize","Escape Plan","Dagger Spray","Dodge and Roll+1","Poisoned Stab","Blade Dance+1","Slice","Deadly Poison","Distraction+1","Accuracy+1","Venomology+1","Leg Sweep+1","Footwork","Adrenaline+1","Blur+1","Underhanded Strike","Slice+1","Noxious Fumes+1","Bouncing Flask+1","Terror+1","Footwork","Leg Sweep+1"],"max_hp_per_floor":[75,75,75,75,75,85,85,85,85,85,85,85,85,87,87,87,89,91,91,91,96,96,96,96,96,96,96,98,98,98,100,100,102,102,102,102,104,104],"relics":["Tiny House","Happy Flower","Pear","Regal Pillow","Toxic Egg 2","Singing Bowl","Orrery","Enchiridion","Prayer Wheel","Thread and Needle","Tiny Chest","Runic Pyramid","Tingsha","Centennial Puzzle"],"card_choices":[{"not_picked":["Predator","Blade Dance"],"picked":"Escape Plan"},{"not_picked":["Slice","Sucker Punch"],"picked":"Dagger Spray"},{"not_picked":["Dagger Throw","Venomology"],"picked":"Dodge and Roll"},{"not_picked":["Backflip","PiercingWail"],"picked":"Poisoned Stab"},{"not_picked":["Dagger Spray","Underhanded Strike"],"picked":"Blade Dance"},{"not_picked":["Tactician","Cloak And Dagger"],"picked":"Slice"},{"not_picked":["Malaise","Masterful Stab"],"picked":"Deadly Poison"},{"not_picked":["Wraith Form","Night Terror"],"picked":"Venomology"},{"not_picked":["Calculated Gamble","Dodge and Roll"],"picked":"Leg Sweep"},{"not_picked":["Poisoned Stab","Sucker Punch"],"picked":"Footwork"},{"not_picked":["Dagger Throw","Underhanded Strike"],"picked":"Adrenaline"},{"not_picked":["Backflip","Underhanded Strike"],"picked":"Blur"},{"not_picked":["Acrobatics","Concentrate"],"picked":"Underhanded Strike"},{"not_picked":["Dagger Spray","PiercingWail"],"picked":"Slice"},{"not_picked":["Poisoned Stab","Envenom"],"picked":"Noxious Fumes"},{"not_picked":["Masterful Stab","Deadly Poison"],"picked":"Bouncing Flask"},{"not_picked":["Blur","Sucker Punch"],"picked":"Terror"}],"player_experience":169890,"potions_floor_usage":[6,6,16,16,18,24,24,24,25,28,30,30,31,31,33,37,37,39,39],"damage_taken":[{"damage":2,"enemies":"Small Slimes","floor":1,"turns":4},{"damage":9,"enemies":"Cultist","floor":2,"turns":4},{"damage":0,"enemies":"2 Louse","floor":4,"turns":2},{"damage":19,"enemies":"Lagavulin","floor":6,"turns":8},{"damage":1,"enemies":"Red Slaver","floor":8,"turns":4},{"damage":7,"enemies":"2 Fungi Beasts","floor":11,"turns":4},{"damage":4,"enemies":"Blue Slaver","floor":14,"turns":4},{"damage":23,"enemies":"Hexaghost","floor":16,"turns":11},{"damage":14,"enemies":"3 Byrds","floor":18,"turns":5},{"damage":9,"enemies":"Spheric Guardian","floor":24,"turns":9},{"damage":88,"enemies":"Slavers","floor":25,"turns":8},{"damage":5,"enemies":"Snake Plant","floor":28,"turns":5},{"damage":34,"enemies":"Chosen and Byrds","floor":30,"turns":9},{"damage":0,"enemies":"Book of Stabbing","floor":31,"turns":7},{"damage":75,"enemies":"Collector","floor":33,"turns":11},{"damage":19,"enemies":"Orb Walker","floor":35,"turns":4},{"damage":69,"enemies":"Mysterious Sphere","floor":37,"turns":8},{"damage":20,"enemies":"3 Darklings","floor":39,"turns":2}],"event_choices":[{"event_name":"Accursed Blacksmith","player_choice":"Rummage","floor":3,"damage_taken":0},{"event_name":"Shining Light","player_choice":"Entered Light","floor":5,"damage_taken":0},{"event_name":"Golden Shrine","player_choice":"Desecrate","floor":7,"damage_taken":0},{"event_name":"Drug Dealer","player_choice":"Ignored","floor":19,"damage_taken":0},{"event_name":"Purifier","player_choice":"One Purge","floor":20,"damage_taken":0},{"event_name":"Forgotten Altar","player_choice":"Shed Blood","floor":21,"damage_taken":0},{"event_name":"Cursed Tome","player_choice":"Obtained Book","floor":22,"damage_taken":0},{"event_name":"Golden Shrine","player_choice":"Desecrate","floor":36,"damage_taken":0},{"event_name":"Mysterious Sphere","player_choice":"Fight","floor":37,"damage_taken":0}],"boss_relics":[{"not_picked":["White Beast Statue","Ectoplasm"],"picked":"Orrery"},{"not_picked":["Runic Dome","Cursed Key"],"picked":"Runic Pyramid"}],"potions_floor_spawned":[1,2,4,11,16,18,25,30,35,37],"seed_played":"-7400405882187280678","killed_by":"3 Darklings","ascension_level":0,"is_trial":false}