{"gold_per_floor":[209,224,50,68,82,82,106,137,137,137,137],"floor_reached":11,"playtime":388,"items_purged":[],"score":142,"play_id":"f37f3334-7b69-4f94-b678-aa94c26603c3","local_time":"20181021000539","is_ascension_mode":true,"campfire_choices":[{"data":"Terror","floor":6,"key":"SMITH"},{"floor":10,"key":"REST"}],"neow_cost":"NONE","seed_source_timestamp":964270360914617,"circlet_count":0,"master_deck":["Defend_G","Defend_G","Defend_G","Defend_G","Defend_G","Strike_G","Strike_G","Strike_G","Strike_G","Strike_G","Survivor","Neutralize","AscendersBane","Flying Knee","Terror+1","Backstab","Footwork","Poisoned Stab","Dash","Cloak And Dagger","Dodge and Roll"],"relics":["Ring of the Snake","Odd Mushroom","Ninja Scroll","Question Card"],"potions_floor_usage":[],"damage_taken":[{"damage":2,"enemies":"Jaw Worm","floor":1,"turns":4},{"damage":7,"enemies":"Small Slimes","floor":2,"turns":5},{"damage":0,"enemies":"2 Louse","floor":4,"turns":4},{"damage":19,"enemies":"Gremlin Gang","floor":5,"turns":5},{"damage":4,"enemies":"The Mushroom Lair","floor":7,"turns":6},{"damage":23,"enemies":"Lagavulin","floor":8,"turns":8},{"damage":23,"enemies":"Gremlin Nob","floor":11,"turns":3}],"seed_played":"308306986709740303","potions_obtained":[{"floor":5,"key":"Swift Potion"}],"is_trial":false,"path_per_floor":["M","M","$","M","M","R","?","E","T","R"],"character_chosen":"THE_SILENT","items_purchased":["Backstab","Footwork"],"campfire_rested":1,"item_purchase_floors":[3,3],"current_hp_per_floor":[57,50,50,50,31,31,27,4,4,23,0],"gold":137,"neow_bonus":"HUNDRED_GOLD","is_prod":false,"is_daily":false,"chose_seed":false,"campfire_upgraded":1,"win_rate":0,"timestamp":1540094739,"path_taken":["M","M","$","M","M","R","?","E","T","R","E"],"build_version":"2018-10-18","purchased_purges":0,"victory":false,"max_hp_per_floor":[66,66,66,66,66,66,66,66,66,66,66],"card_choices":[{"not_picked":["Expertise","Calculated Gamble"],"picked":"Flying Knee","floor":1},{"not_picked":["Dagger Throw","PiercingWail"],"picked":"Terror","floor":2},{"not_picked":["Accuracy","Quick Slash"],"picked":"Poisoned Stab","floor":4},{"not_picked":["PiercingWail","Leg Sweep"],"picked":"Dash","floor":5},{"not_picked":["Sucker Punch","Bane"],"picked":"Cloak And Dagger","floor":7},{"not_picked":["Bane","Deadly Poison"],"picked":"Dodge and Roll","floor":8}],"player_experience":779771,"relics_obtained":[{"floor":7,"key":"Odd Mushroom"},{"floor":8,"key":"Ninja Scroll"},{"floor":9,"key":"Question Card"}],"event_choices":[{"damage_healed":0,"gold_gain":0,"player_choice":"Fought Mushrooms","damage_taken":0,"max_hp_gain":0,"max_hp_loss":0,"event_name":"Mushrooms","floor":7,"gold_loss":0}],"is_beta":false,"boss_relics":[],"items_purged_floors":[],"is_endless":false,"potions_floor_spawned":[5],"killed_by":"Gremlin Nob","ascension_level":19}