{"path_per_floor":["M","M","?","?","M","E","M","E","T","R","$","M","M","E","R","B",null,"M","$","?","T","?","E","R","?","T","M","R","M","E","$","R","B",null,"M","?","M","?","M","E","?","E","T","E","M","$","?","M","R","B"],"character_chosen":"IRONCLAD","items_purchased":["Purity","Evolve","Letter Opener","Strength Potion"],"gold_per_floor":[111,122,122,122,134,160,176,208,208,208,36,50,61,93,93,197,197,217,50,50,50,50,77,77,77,77,96,96,106,137,12,12,113,113,133,133,150,150,163,192,192,224,272,300,318,14,62,82,82,82],"floor_reached":51,"campfire_rested":1,"playtime":6828,"current_hp_per_floor":[80,80,80,73,79,57,68,58,58,58,58,64,70,73,73,64,80,59,59,59,59,59,32,32,32,32,49,49,51,56,56,56,56,80,71,71,77,77,80,41,31,42,42,32,50,50,33,51,75,56],"items_purged":["Strike_R","Strike_R","Strike_R"],"gold":82,"play_id":"6c354706-b066-405a-a1c7-982e538c8949","is_prod":false,"is_daily":false,"is_ascension_mode":false,"campfire_upgraded":4,"path_taken":["M","M","?","?","?","E","M","E","T","R","$","M","M","E","R","BOSS","M","$","?","?","?","E","R","?","T","M","R","M","E","?","R","BOSS","M","?","?","?","M","E","?","E","T","E","M","$","?","M","R","BOSS"],"build_version":"2018-01-25-PROD3","purchased_purges":3,"victory":true,"master_deck":["Defend_R","Defend_R","Defend_R","Defend_R","Bash+1","Rampage+1","Shrug It Off+1","Shrug It Off","True Grit+1","Battle Trance+1","Purity","Double Tap","Evolve+1","Writhe","Feel No Pain+1","Power Through+1","Exhume","True Grit+1","Madness","Madness+1","Juggernaut"],"max_hp_per_floor":[80,80,80,80,80,80,80,80,80,80,80,80,80,80,80,80,80,80,80,80,80,80,80,80,80,80,80,80,80,80,80,80,80,80,80,80,80,80,80,80,80,80,80,80,80,80,80,80,80,80],"relics":["Burning Blood","NeowsBlessing","Shovel","Shuriken","Unceasing Top","Whetstone","Gremlin Horn","Velvet Choker","Bottled Flame","Self Forming Clay","Meat on the Bone","Ginger","Bottled Lightning","Lizard Tail","Darkstone Periapt","Anchor","War Paint","Bronze Scales","Letter Opener","Girya"],"card_choices":[{"not_picked":["Twin Strike","Iron Wave"],"picked":"Rampage"},{"not_picked":["Wild Strike","Blood for Blood"],"picked":"Shrug It Off"},{"not_picked":["Searing Blow","Flame Barrier"],"picked":"Shrug It Off"},{"not_picked":["Iron Wave","Flame Barrier"],"picked":"True Grit"},{"not_picked":["Clothesline","Exhume"],"picked":"Battle Trance"},{"not_picked":["Immolate","Offering"],"picked":"Double Tap"},{"not_picked":["Clothesline","Spot Weakness"],"picked":"Shrug It Off"},{"not_picked":["Battle Trance","Bloodletting"],"picked":"Feel No Pain"},{"not_picked":["Searing Blow","Twin Strike"],"picked":"Power Through"},{"not_picked":["Brutality","Bludgeon"],"picked":"Exhume"},{"not_picked":["Warcry","Flex"],"picked":"True Grit"},{"not_picked":["Perfected Strike","Wild Strike"],"picked":"Juggernaut"}],"player_experience":66144,"potions_floor_usage":[40,40,44,50,50,50],"damage_taken":[{"damage":0.0,"enemies":"Jaw Worm","floor":1.0,"turns":1.0},{"damage":0.0,"enemies":"Small Slimes","floor":2.0,"turns":1.0},{"damage":0.0,"enemies":"Cultist","floor":5.0,"turns":1.0},{"damage":28.0,"enemies":"Lagavulin","floor":6.0,"turns":9.0},{"damage":4.0,"enemies":"2 Fungi Beasts","floor":7.0,"turns":4.0},{"damage":16.0,"enemies":"Gremlin Nob","floor":8.0,"turns":5.0},{"damage":0.0,"enemies":"3 Louse","floor":12.0,"turns":5.0},{"damage":0.0,"enemies":"Looter","floor":13.0,"turns":3.0},{"damage":3.0,"enemies":"Lagavulin","floor":14.0,"turns":5.0},{"damage":15.0,"enemies":"The Guardian","floor":16.0,"turns":8.0},{"damage":27.0,"enemies":"2 Thieves","floor":18.0,"turns":5.0},{"damage":33.0,"enemies":"Slavers","floor":23.0,"turns":10.0},{"damage":1.0,"enemies":"Shell Parasite","floor":27.0,"turns":4.0},{"damage":16.0,"enemies":"Snecko","floor":29.0,"turns":6.0},{"damage":13.0,"enemies":"Book of Stabbing","floor":30.0,"turns":4.0},{"damage":6.0,"enemies":"Automaton","floor":33.0,"turns":6.0},{"damage":15.0,"enemies":"3 Darklings","floor":35.0,"turns":7.0},{"damage":0.0,"enemies":"3 Shapes","floor":37.0,"turns":11.0},{"damage":0.0,"enemies":"Sphere and 2 Shapes","floor":39.0,"turns":8.0},{"damage":57,"enemies":"2 Orb Walkers","floor":40,"turns":11},{"damage":7,"enemies":"Giant Head","floor":42,"turns":7},{"damage":28,"enemies":"Nemesis","floor":44,"turns":19},{"damage":0,"enemies":"Maw","floor":45,"turns":6},{"damage":35,"enemies":"Mysterious Sphere","floor":47,"turns":7},{"damage":0,"enemies":"4 Shapes","floor":48,"turns":6},{"damage":25,"enemies":"Donu and Deca","floor":50,"turns":11}],"event_choices":[{"event_name":"Living Wall","player_choice":"Forget","floor":3.0,"damage_taken":0.0},{"event_name":"Golden Wing","player_choice":"Card Removal","floor":4.0,"damage_taken":0.0},{"event_name":"Beggar","player_choice":"Ignored","floor":20.0,"damage_taken":0.0},{"event_name":"The Mausoleum","player_choice":"Yes","floor":22.0,"damage_taken":0.0},{"event_name":"Vampires","player_choice":"Ignored","floor":25.0,"damage_taken":0.0},{"event_name":"Tomb of Lord Red Mask","player_choice":"Ignored","floor":38.0,"damage_taken":0.0},{"event_name":"Winding Halls","player_choice":"Embrace Madness","floor":41,"damage_taken":0},{"event_name":"Mysterious Sphere","player_choice":"Fight","floor":47,"damage_taken":0}],"boss_relics":[],"potions_floor_spawned":[5,6,8,13,16,23,30,35,37,40,44,47],"seed_played":"1776420445653091279","ascension_level":0,"is_trial":false}