{"gold_per_floor":[115,128,128,145,3,31,31,31,31,31,49,65,65,65,65,165,165,179,191,206,131,131],"floor_reached":22,"playtime":993,"items_purged":[],"score":226,"play_id":"d432a14e-5be4-4acc-920c-2514e67ff8ce","local_time":"20180626200529","is_ascension_mode":true,"campfire_choices":[{"data":"Fission","floor":7,"key":"SMITH"},{"data":"Streamline","floor":10,"key":"SMITH"},{"data":"Zap","floor":13,"key":"SMITH"},{"data":"Tempest","floor":15,"key":"SMITH"}],"neow_cost":"NONE","seed_source_timestamp":8708610770915,"circlet_count":0,"master_deck":["Strike_B","Strike_B","Strike_B","Defend_B","Defend_B","Defend_B","Defend_B","Zap+1","Dualcast","Tempest+1","Conserve Battery","Streamline+1","Core Surge","Glacier","Fission+1","Self Repair","Cold Snap","Rainbow","Loop","Blizzard+1"],"relics":["Cracked Core","Pear","Kunai","Nuclear Battery"],"potions_floor_usage":[11,12,14,16,22],"damage_taken":[{"damage":9,"enemies":"Small Slimes","floor":1,"turns":3},{"damage":0,"enemies":"Cultist","floor":2,"turns":4},{"damage":2,"enemies":"Jaw Worm","floor":4,"turns":3},{"damage":9,"enemies":"3 Sentries","floor":6,"turns":8},{"damage":4,"enemies":"3 Louse","floor":11,"turns":3},{"damage":6,"enemies":"Blue Slaver","floor":12,"turns":4},{"damage":0,"enemies":"Exordium Wildlife","floor":14,"turns":1},{"damage":24,"enemies":"The Guardian","floor":16,"turns":13},{"damage":6,"enemies":"Spheric Guardian","floor":18,"turns":4},{"damage":7,"enemies":"Shell Parasite","floor":19,"turns":4},{"damage":51,"enemies":"3 Cultists","floor":20,"turns":8},{"damage":41,"enemies":"Chosen and Byrds","floor":22,"turns":6}],"seed_played":"-98401612377205003","potions_obtained":[{"floor":2,"key":"Swift Potion"},{"floor":3,"key":"SmokeBomb"},{"floor":3,"key":"SmokeBomb"},{"floor":3,"key":"SkillPotion"},{"floor":6,"key":"Fire Potion"},{"floor":12,"key":"Poison Potion"},{"floor":20,"key":"Block Potion"}],"is_trial":false,"path_per_floor":["M","M","?","M","$","E","R","?","T","R","M","M","R","M","R","B",null,"M","M","M","?"],"character_chosen":"DEFECT","items_purchased":["Core Surge","Glacier"],"campfire_rested":0,"item_purchase_floors":[5,5],"current_hp_per_floor":[66,66,66,64,64,65,65,85,85,85,81,82,82,82,82,65,85,85,85,41,41,0],"gold":131,"neow_bonus":"THREE_CARDS","is_prod":false,"is_daily":false,"chose_seed":false,"campfire_upgraded":4,"win_rate":0,"timestamp":1530057929,"path_taken":["M","M","?","M","$","E","R","?","T","R","M","M","R","M","R","BOSS","M","M","M","?","?"],"build_version":"2018-06-21v2","purchased_purges":0,"victory":false,"max_hp_per_floor":[75,75,75,75,75,85,85,85,85,85,85,85,85,85,85,85,85,85,85,85,85,85],"card_choices":[{"not_picked":["Rebound","Beam Cell"],"picked":"Tempest","floor":0},{"not_picked":["Sweeping Beam","Hello World"],"picked":"Conserve Battery","floor":1},{"not_picked":["Go for the Eyes","Scrape","Stack"],"picked":"SKIP","floor":2},{"not_picked":["Turbo","Redo"],"picked":"Streamline","floor":4},{"not_picked":["Gash","Hologram"],"picked":"Fission","floor":6},{"not_picked":["Rebound","Beam Cell"],"picked":"Self Repair","floor":11},{"not_picked":["Genetic Algorithm","Compile Driver"],"picked":"Cold Snap","floor":12},{"not_picked":["Amplify","Thunder Strike"],"picked":"Rainbow","floor":16},{"not_picked":["Steam","Sweeping Beam"],"picked":"Loop","floor":18},{"not_picked":["Beam Cell+1","Genetic Algorithm","Glacier"],"picked":"SKIP","floor":19},{"not_picked":["Stack+1","Genetic Algorithm"],"picked":"Blizzard+1","floor":20}],"player_experience":322184,"relics_obtained":[{"floor":6,"key":"Pear"},{"floor":9,"key":"Kunai"}],"event_choices":[{"event_name":"The Lab","player_choice":"Got Potions","floor":3,"damage_taken":0},{"event_name":"Big Fish","player_choice":"Banana","floor":8,"damage_taken":0},{"event_name":"Beggar","player_choice":"Gave Gold","floor":21,"damage_taken":0}],"boss_relics":[{"not_picked":["Calling Bell","Runic Pyramid"],"picked":"Nuclear Battery"}],"items_purged_floors":[],"is_endless":false,"potions_floor_spawned":[2,6,12,20],"killed_by":"Chosen and Byrds","ascension_level":4}