{"gold_per_floor":[119,131,145,158,158,158,186,33,85,113,113,128,128,147,147,147],"floor_reached":16,"playtime":989,"items_purged":[],"score":168,"play_id":"04d677b1-11f2-438e-9838-29e6838f53bf","local_time":"20180708132436","is_ascension_mode":true,"campfire_choices":[{"data":"Zap","floor":6,"key":"SMITH"},{"data":"Storm","floor":13,"key":"SMITH"},{"data":"Seek","floor":15,"key":"SMITH"}],"neow_cost":"NONE","seed_source_timestamp":712566471273925,"circlet_count":0,"master_deck":["Strike_B","Strike_B","Strike_B","Strike_B","Defend_B","Defend_B","Defend_B","Defend_B","Zap+1","Dualcast","AscendersBane","Compile Driver","Streamline","Conserve Battery","Core Surge","Storm+1","Machine Learning","Seek+1","Genetic Algorithm"],"relics":["Black Star","Mummified Hand","Smiling Mask","Anchor","Lantern","Happy Flower"],"potions_floor_usage":[10,16,16],"damage_taken":[{"damage":6,"enemies":"Cultist","floor":1,"turns":4},{"damage":4,"enemies":"2 Louse","floor":2,"turns":3},{"damage":0,"enemies":"Small Slimes","floor":3,"turns":3},{"damage":2,"enemies":"3 Louse","floor":4,"turns":4},{"damage":20,"enemies":"Gremlin Nob","floor":7,"turns":4},{"damage":35,"enemies":"Lagavulin","floor":10,"turns":6},{"damage":0,"enemies":"Large Slime","floor":12,"turns":5},{"damage":5,"enemies":"Gremlin Gang","floor":14,"turns":5},{"damage":34,"enemies":"Slime Boss","floor":16,"turns":6}],"seed_played":"2373400089437448021","potions_obtained":[{"floor":1,"key":"Fire Potion"},{"floor":7,"key":"SmokeBomb"},{"floor":10,"key":"LiquidBronze"},{"floor":14,"key":"Energy Potion"}],"is_trial":false,"path_per_floor":["M","M","M","M","?","R","E","$","T","E","?","M","R","M","R"],"character_chosen":"DEFECT","items_purchased":["Regen Potion","Storm"],"campfire_rested":0,"item_purchase_floors":[8,8],"current_hp_per_floor":[62,58,58,56,75,75,55,55,55,35,35,35,35,30,30,0],"gold":147,"neow_bonus":"BOSS_RELIC","is_prod":false,"is_daily":false,"chose_seed":false,"campfire_upgraded":3,"win_rate":0,"timestamp":1531070676,"path_taken":["M","?","M","?","?","R","E","$","T","E","?","M","R","M","R","BOSS"],"build_version":"2018-07-05","purchased_purges":0,"victory":false,"max_hp_per_floor":[75,75,75,75,75,75,75,75,75,75,75,75,75,75,75,75],"card_choices":[{"not_picked":["BootSequence","Hello World"],"picked":"Compile Driver","floor":1},{"not_picked":["Beam Cell","Tempest"],"picked":"Streamline","floor":2},{"not_picked":["Rebound","Turbo"],"picked":"Conserve Battery","floor":3},{"not_picked":["Sweeping Beam","Hologram","Recycle"],"picked":"SKIP","floor":4},{"not_picked":["Chill","Auto Shields"],"picked":"Core Surge","floor":7},{"not_picked":["Stack","Heatsinks"],"picked":"Machine Learning","floor":10},{"not_picked":["Conserve Battery","Cold Snap","Sweeping Beam"],"picked":"SKIP","floor":12},{"not_picked":["Cold Snap","Rebound"],"picked":"Genetic Algorithm","floor":14}],"player_experience":406523,"relics_obtained":[{"floor":7,"key":"Mummified Hand"},{"floor":7,"key":"Smiling Mask"},{"floor":9,"key":"Anchor"},{"floor":10,"key":"Lantern"},{"floor":10,"key":"Happy Flower"}],"event_choices":[{"event_name":"Big Fish","player_choice":"Banana","floor":5,"damage_taken":0},{"event_name":"Match and Keep!","player_choice":"1 cards matched","floor":11,"damage_taken":0}],"boss_relics":[],"items_purged_floors":[],"is_endless":false,"potions_floor_spawned":[1,7,10,12,14],"killed_by":"Slime Boss","ascension_level":10}