{"gold_per_floor":[114,128,74,74,74,74,118,136,136,156,156,196,196,236,236,362,362,387,56,72,72,95,169,182,182,182,217,217,22,46,146,146,267,267,288,288,87,101,125,125,148,148,148,481,481,498,498,498,498,498],"floor_reached":51,"playtime":2297,"items_purged":["Defend_B","Normality"],"score":1094,"play_id":"0390639a-2085-4280-81c7-f94768a9fc9b","local_time":"20180704202809","is_ascension_mode":true,"campfire_choices":[{"data":"Dualcast","floor":6,"key":"SMITH"},{"data":"Streamline","floor":11,"key":"SMITH"},{"data":"Sweeping Beam","floor":13,"key":"SMITH"},{"data":"Hologram","floor":15,"key":"SMITH"},{"data":"Echo Form","floor":25,"key":"SMITH"},{"floor":28,"key":"REST"},{"data":"Apotheosis","floor":32,"key":"SMITH"},{"floor":40,"key":"REST"},{"data":"Coolheaded","floor":42,"key":"SMITH"},{"data":"White Noise","floor":45,"key":"SMITH"},{"floor":47,"key":"REST"},{"floor":49,"key":"REST"}],"neow_cost":"NONE","seed_source_timestamp":391050998879020,"circlet_count":0,"master_deck":["Strike_B","Strike_B","Strike_B","Strike_B","Defend_B","Defend_B","Defend_B","Zap+1","Dualcast+1","Streamline+1","Hologram+1","Beam Cell","Conserve Battery","Sweeping Beam+1","Leap","Conserve Battery","Echo Form+1","Coolheaded+1","Hologram+1","Darkness+1","Writhe","Apotheosis+1","White Noise+1","Core Surge","White Noise","Coolheaded+1","Madness+1","Madness+1"],"relics":["Cracked Core","NeowsBlessing","Pear","Ornamental Fan","Happy Flower","Thread and Needle","Cursed Key","Shuriken","Question Card","Tiny Chest","The Courier","Regal Pillow","Sozu","Turnip","Omamori","Toxic Egg 2"],"potions_floor_usage":[12,16,23,30,30,39,50],"damage_taken":[{"damage":0,"enemies":"Small Slimes","floor":1,"turns":1},{"damage":0,"enemies":"2 Louse","floor":2,"turns":1},{"damage":0,"enemies":"Lagavulin","floor":7,"turns":1},{"damage":0,"enemies":"Cultist","floor":8,"turns":3},{"damage":10,"enemies":"Exordium Thugs","floor":10,"turns":4},{"damage":8,"enemies":"Gremlin Nob","floor":12,"turns":3},{"damage":8,"enemies":"3 Sentries","floor":14,"turns":5},{"damage":13,"enemies":"The Guardian","floor":16,"turns":11},{"damage":2,"enemies":"Chosen","floor":18,"turns":4},{"damage":1,"enemies":"3 Byrds","floor":20,"turns":4},{"damage":14,"enemies":"Snake Plant","floor":22,"turns":3},{"damage":0,"enemies":"Book of Stabbing","floor":23,"turns":6},{"damage":4,"enemies":"Centurion and Healer","floor":24,"turns":5},{"damage":16,"enemies":"Slavers","floor":27,"turns":6},{"damage":12,"enemies":"Chosen and Byrds","floor":30,"turns":5},{"damage":5,"enemies":"Champ","floor":33,"turns":12},{"damage":0,"enemies":"3 Shapes","floor":35,"turns":3},{"damage":27,"enemies":"3 Darklings","floor":38,"turns":5},{"damage":6,"enemies":"Sphere and 2 Shapes","floor":39,"turns":4},{"damage":0,"enemies":"Maw","floor":41,"turns":7},{"damage":41,"enemies":"4 Shapes","floor":46,"turns":4},{"damage":76,"enemies":"Donu and Deca","floor":50,"turns":9}],"seed_played":"3578355071245647395","potions_obtained":[{"floor":7,"key":"Poison Potion"},{"floor":10,"key":"Fire Potion"},{"floor":12,"key":"SteroidPotion"},{"floor":14,"key":"SteroidPotion"},{"floor":22,"key":"EssenceOfSteel"},{"floor":24,"key":"Ancient Potion"},{"floor":27,"key":"Energy Potion"},{"floor":33,"key":"SteroidPotion"}],"is_trial":false,"path_per_floor":["M","M","$","?","?","R","E","M","T","M","R","E","R","E","R","B",null,"M","$","M","?","M","E","M","R","T","E","R","$","M","?","R","B",null,"M","T","$","M","M","R","M","R","T","?","R","M","R","?","R","B"],"character_chosen":"DEFECT","items_purchased":["Beam Cell","Shuriken","Apotheosis","White Noise","Omamori"],"campfire_rested":4,"item_purchase_floors":[3,19,29,29,37],"current_hp_per_floor":[68,68,68,50,50,50,60,60,60,50,50,42,42,34,34,21,69,67,67,66,66,52,52,48,48,48,32,72,72,60,60,60,55,78,78,78,78,51,45,85,85,85,85,85,85,44,84,73,85,9],"gold":498,"neow_bonus":"THREE_ENEMY_KILL","is_prod":false,"is_daily":false,"chose_seed":false,"campfire_upgraded":8,"win_rate":0,"timestamp":1530750489,"path_taken":["M","M","$","?","?","R","E","M","T","?","R","E","R","E","R","BOSS","M","$","M","?","M","E","M","R","T","E","R","$","M","?","R","BOSS","M","?","$","M","M","R","M","R","T","?","R","M","R","?","R","BOSS"],"build_version":"2018-06-28","purchased_purges":2,"victory":true,"max_hp_per_floor":[75,75,75,75,75,75,85,85,85,85,85,85,85,85,85,85,85,85,85,85,85,85,85,85,85,85,85,85,85,85,85,85,85,85,85,85,85,85,85,85,85,85,85,85,85,85,85,85,85,85],"card_choices":[{"not_picked":["Beam Cell","Steam"],"picked":"Streamline","floor":1},{"not_picked":["Streamline","Steam"],"picked":"Hologram","floor":2},{"not_picked":["Rainbow","Chaos","Stack"],"picked":"SKIP","floor":7},{"not_picked":["Barrage","Static Discharge"],"picked":"Conserve Battery","floor":8},{"not_picked":["Beam Cell","Turbo"],"picked":"Sweeping Beam","floor":10},{"not_picked":["Tempest","Hello World"],"picked":"Leap","floor":12},{"not_picked":["Chaos","Streamline"],"picked":"Conserve Battery","floor":14},{"not_picked":["Fission","Creative AI"],"picked":"Echo Form","floor":16},{"not_picked":["Double Energy","Steam"],"picked":"Coolheaded+1","floor":18},{"not_picked":["Rebound","Undo","Chaos"],"picked":"SKIP","floor":20},{"not_picked":["Capacitor","Redo","Streamline+1","Undo"],"picked":"SKIP","floor":22},{"not_picked":["Ball Lightning","Heatsinks","Cold Snap+1"],"picked":"Hologram+1","floor":23},{"not_picked":["Go for the Eyes","Steam","Hello World"],"picked":"Darkness+1","floor":24},{"not_picked":["Sweeping Beam","Barrage","Conserve Battery","Go for the Eyes"],"picked":"SKIP","floor":27},{"not_picked":["Steam","Static Discharge+1","Redo+1","Rainbow"],"picked":"SKIP","floor":30},{"not_picked":["Buffer","Electrodynamics","Hyperbeam"],"picked":"Core Surge","floor":33},{"not_picked":["Tempest","Barrage","Double Energy+1","Genetic Algorithm"],"picked":"SKIP","floor":35},{"not_picked":["Ball Lightning","Leap+1","Beam Cell+1","Reprogram"],"picked":"SKIP","floor":38},{"not_picked":["Steam","Scrape+1","Darkness"],"picked":"White Noise","floor":39},{"not_picked":["Redo","Streamline+1","Static Discharge+1"],"picked":"Coolheaded","floor":41},{"not_picked":["Leap+1","Storm+1","Streamline","Sunder"],"picked":"SKIP","floor":46}],"player_experience":374784,"relics_obtained":[{"floor":7,"key":"Pear"},{"floor":9,"key":"Ornamental Fan"},{"floor":12,"key":"Happy Flower"},{"floor":14,"key":"Thread and Needle"},{"floor":23,"key":"Tiny Chest"},{"floor":26,"key":"The Courier"},{"floor":27,"key":"Regal Pillow"},{"floor":36,"key":"Turnip"},{"floor":43,"key":"Toxic Egg 2"}],"event_choices":[{"event_name":"Golden Idol","player_choice":"Take Damage","floor":4,"damage_taken":0},{"event_name":"Living Wall","player_choice":"Grow","floor":5,"damage_taken":0},{"event_name":"Wheel of Change","player_choice":"Relic","floor":21,"damage_taken":0},{"event_name":"Golden Shrine","player_choice":"Pray","floor":31,"damage_taken":0},{"event_name":"The Moai Head","player_choice":"Gave Idol","floor":44,"damage_taken":0},{"event_name":"Winding Halls","player_choice":"Embrace Madness","floor":48,"damage_taken":0}],"boss_relics":[{"not_picked":["Astrolabe","Eternal Feather"],"picked":"Cursed Key"},{"not_picked":["Runic Dome","Coffee Dripper"],"picked":"Sozu"}],"items_purged_floors":[19,37],"is_endless":false,"potions_floor_spawned":[7,10,12,14,22,24,27,33,35,38,46],"ascension_level":9}