{"gold_per_floor":[114,126,145,157,174,174,239,239,307,307,325,345,364,375,375,470,470,470,42,42,42,42,42,42,42,42,42,42,42,42,42,42,42,42,42,0,0,0,0,0,0,0,0,0,0,0,0,0,0,0],"floor_reached":51,"playtime":3477,"items_purged":["Strike_B"],"score":1101,"play_id":"4f018798-f330-4811-8c0f-3457f7c3b958","local_time":"20180701211103","is_ascension_mode":true,"campfire_choices":[{"data":"Loop","floor":6,"key":"SMITH"},{"floor":8,"key":"REST"},{"floor":15,"key":"REST"},{"data":"Sweeping Beam","floor":23,"key":"SMITH"},{"data":"Recycle","floor":25,"key":"SMITH"},{"data":"Hologram","floor":30,"key":"SMITH"},{"floor":32,"key":"REST"},{"floor":40,"key":"REST"},{"floor":49,"key":"REST"}],"neow_cost":"","seed_source_timestamp":133240704227104,"circlet_count":0,"master_deck":["Strike_B+1","Strike_B+1","Strike_B+1","Defend_B+1","Defend_B+1","Defend_B+1","Defend_B+1","Zap","Dualcast","Loop+1","Hologram+1","Undo","Loop","Sweeping Beam+1","Recycle+1","Meteor Strike","Coolheaded","Force Field","Biased Cognition","White Noise+1","Loop","Injury","Coolheaded+1","Electrodynamics","Skim+1","White Noise","FTL+1","Heatsinks+1","Double Energy+1"],"relics":["Cracked Core","Tiny Chest","Mummified Hand","Ginger","Ectoplasm","Gremlin Horn","Strawberry","Oddly Smooth Stone","Thread and Needle","Bag of Marbles","Fusion Hammer","Red Mask","Incense Burner","Frozen Egg 2","Regal Pillow","DataDisk","Darkstone Periapt"],"potions_floor_usage":[5,7,16,16,24,27,33,45,48,50,50],"damage_taken":[{"damage":6,"enemies":"Cultist","floor":1,"turns":3},{"damage":4,"enemies":"Small Slimes","floor":2,"turns":4},{"damage":0,"enemies":"2 Louse","floor":3,"turns":3},{"damage":12,"enemies":"Exordium Thugs","floor":4,"turns":5},{"damage":5,"enemies":"Red Slaver","floor":5,"turns":4},{"damage":34,"enemies":"Lagavulin","floor":7,"turns":7},{"damage":0,"enemies":"Large Slime","floor":11,"turns":4},{"damage":16,"enemies":"Gremlin Gang","floor":12,"turns":2},{"damage":13,"enemies":"Exordium Wildlife","floor":13,"turns":3},{"damage":0,"enemies":"Large Slime","floor":14,"turns":5},{"damage":20,"enemies":"Slime Boss","floor":16,"turns":11},{"damage":7,"enemies":"Shell Parasite","floor":18,"turns":8},{"damage":0,"enemies":"Book of Stabbing","floor":24,"turns":7},{"damage":29,"enemies":"Gremlin Leader","floor":27,"turns":9},{"damage":0,"enemies":"3 Byrds","floor":28,"turns":6},{"damage":0,"enemies":"3 Cultists","floor":29,"turns":4},{"damage":0,"enemies":"Cultist and Chosen","floor":31,"turns":5},{"damage":0,"enemies":"Collector","floor":33,"turns":7},{"damage":0,"enemies":"3 Darklings","floor":35,"turns":2},{"damage":0,"floor":37,"turns":3},{"damage":0,"enemies":"Orb Walker","floor":39,"turns":3},{"damage":2,"enemies":"3 Darklings","floor":41,"turns":3},{"damage":0,"enemies":"Sphere and 2 Shapes","floor":42,"turns":2},{"damage":3,"enemies":"Maw","floor":44,"turns":7},{"damage":10,"enemies":"Giant Head","floor":45,"turns":8},{"damage":0,"enemies":"4 Shapes","floor":47,"turns":1},{"damage":0,"enemies":"Nemesis","floor":48,"turns":7},{"damage":30,"enemies":"Donu and Deca","floor":50,"turns":9}],"seed_played":"-6049942090507475395","potions_obtained":[{"floor":1,"key":"PowerPotion"},{"floor":4,"key":"Fruit Juice"},{"floor":11,"key":"SpeedPotion"},{"floor":14,"key":"PowerPotion"},{"floor":16,"key":"GamblersBrew"},{"floor":18,"key":"Swift Potion"},{"floor":24,"key":"SteroidPotion"},{"floor":29,"key":"Strength Potion"},{"floor":31,"key":"SkillPotion"},{"floor":41,"key":"Swift Potion"},{"floor":42,"key":"Block Potion"},{"floor":47,"key":"SpeedPotion"}],"is_trial":false,"path_per_floor":["M","M","M","M","M","R","E","R","T","?","M","M","M","M","R","B",null,"M","$","?","T","?","R","E","R","T","E","M","M","R","M","R","B",null,"M","?","?","T","M","R","M","M","T","M","E","$","M","E","R","B"],"character_chosen":"DEFECT","items_purchased":["White Noise","Gremlin Horn","Loop"],"campfire_rested":5,"item_purchase_floors":[19,19,19],"current_hp_per_floor":[62,58,58,46,46,46,12,36,36,36,36,20,7,7,31,11,63,56,56,56,63,63,63,63,63,63,34,34,34,34,34,60,60,80,80,80,80,80,80,87,85,85,85,82,72,72,72,72,87,57],"gold":0,"neow_bonus":"","is_prod":false,"is_daily":false,"chose_seed":false,"campfire_upgraded":4,"win_rate":0,"timestamp":1530493863,"path_taken":["M","M","M","?","M","R","E","R","T","?","M","M","M","M","R","BOSS","M","$","?","?","?","R","E","R","T","E","M","M","R","M","R","BOSS","M","?","?","?","M","R","M","M","T","M","E","$","M","E","R","BOSS"],"build_version":"2018-06-28","purchased_purges":1,"victory":true,"max_hp_per_floor":[75,75,75,75,80,80,80,80,80,80,80,80,80,80,80,80,80,80,80,80,87,87,87,87,87,87,87,87,87,87,87,87,87,87,87,87,87,87,87,87,87,87,87,87,87,87,87,87,87,87],"card_choices":[{"not_picked":["Barrage","Cold Snap"],"picked":"Loop","floor":1},{"not_picked":["Force Field","Rebound"],"picked":"Hologram","floor":2},{"not_picked":["Turbo","Sunder"],"picked":"Undo","floor":3},{"not_picked":["Capacitor","Doom and Gloom"],"picked":"Loop","floor":4},{"not_picked":["Barrage","Hologram"],"picked":"Sweeping Beam","floor":5},{"not_picked":["Go for the Eyes","Sweeping Beam"],"picked":"Recycle","floor":7},{"not_picked":["Ball Lightning","Turbo"],"picked":"Meteor Strike","floor":11},{"not_picked":["Turbo","BootSequence"],"picked":"Coolheaded","floor":12},{"not_picked":["Rebound","Undo"],"picked":"Force Field","floor":13},{"not_picked":["Steam","Go for the Eyes","Gash"],"picked":"SKIP","floor":14},{"not_picked":["Meteor Strike","Fission"],"picked":"Biased Cognition","floor":16},{"not_picked":["Streamline","Stack","Beam Cell"],"picked":"SKIP","floor":18},{"not_picked":["Ball Lightning","Double Energy"],"picked":"Coolheaded+1","floor":24},{"not_picked":["Hologram","Beam Cell+1","Genetic Algorithm"],"picked":"SKIP","floor":27},{"not_picked":["Capacitor+1","Barrage"],"picked":"Electrodynamics","floor":28},{"not_picked":["Chaos+1","Coolheaded"],"picked":"Skim+1","floor":29},{"not_picked":["Sweeping Beam","Fusion"],"picked":"White Noise","floor":31},{"not_picked":["Steam","Stack+1"],"picked":"FTL+1","floor":35},{"not_picked":["Compile Driver+1","Ball Lightning"],"picked":"Heatsinks+1","floor":39},{"not_picked":["Lockon","Tempest+1","Beam Cell"],"picked":"SKIP","floor":41},{"not_picked":["Rip and Tear+1","Beam Cell"],"picked":"Double Energy+1","floor":42},{"not_picked":["Steam+1","Rip and Tear+1","Tempest"],"picked":"SKIP","floor":44},{"not_picked":["Turbo","Beam Cell+1","Coolheaded"],"picked":"SKIP","floor":45},{"not_picked":["Fission","Hello World+1","Go for the Eyes"],"picked":"SKIP","floor":47},{"not_picked":["Beam Cell","Undo","Steam Power"],"picked":"SKIP","floor":48}],"player_experience":352093,"relics_obtained":[{"floor":7,"key":"Tiny Chest"},{"floor":9,"key":"Mummified Hand"},{"floor":21,"key":"Strawberry"},{"floor":24,"key":"Oddly Smooth Stone"},{"floor":26,"key":"Thread and Needle"},{"floor":27,"key":"Bag of Marbles"},{"floor":37,"key":"Incense Burner"},{"floor":38,"key":"Frozen Egg 2"},{"floor":43,"key":"Regal Pillow"},{"floor":45,"key":"DataDisk"},{"floor":48,"key":"Darkstone Periapt"}],"event_choices":[{"event_name":"Dead Adventurer","player_choice":"Searched \u00271\u0027 times","floor":10,"damage_taken":0},{"event_name":"Accursed Blacksmith","player_choice":"Forge","floor":20,"damage_taken":0},{"event_name":"Back to Basics","player_choice":"Simplicity","floor":22,"damage_taken":0},{"event_name":"Tomb of Lord Red Mask","player_choice":"Paid","floor":36,"damage_taken":0},{"event_name":"Mysterious Sphere","player_choice":"Fight","floor":37,"damage_taken":0}],"boss_relics":[{"not_picked":["Black Star","Astrolabe"],"picked":"Ectoplasm"},{"not_picked":["Philosopher\u0027s Stone","Orrery"],"picked":"Fusion Hammer"}],"items_purged_floors":[19],"is_endless":false,"potions_floor_spawned":[1,4,11,14,16,18,24,29,31,41,42,47],"ascension_level":6}