{"path_per_floor":["M","?","M","?","M","R","M","R","T","R","M","E","R","?","R","B",null,"M","$","M","M","?","R","E","R","T","M","M","M","$","M","R","B",null,"M","M","$","M","M","R","M","R","T","$","?"],"character_chosen":"THE_SILENT","items_purchased":["Bottled Lightning","Backflip","Noxious Fumes","Block Potion","Bandage Up"],"gold_per_floor":[110,60,71,71,89,89,110,110,181,181,200,243,243,277,277,397,397,415,40,46,71,71,71,114,114,183,202,223,239,21,44,44,165,165,188,201,76,97,115,115,134,134,134,43,43,43],"floor_reached":46,"campfire_rested":7,"playtime":8845,"current_hp_per_floor":[55,55,55,38,37,58,54,54,54,54,49,21,42,40,61,15,70,64,64,55,55,55,55,18,39,39,35,35,35,35,35,56,56,70,65,56,56,50,11,42,42,70,76,76,76,0],"items_purged":["Strike_G","Strike_G","Strike_G"],"gold":43,"score":519,"play_id":"ebd110da-65a0-4cad-b4f4-466b317a4df3","local_time":"20180519235113","is_prod":false,"is_daily":false,"chose_seed":false,"is_ascension_mode":false,"campfire_upgraded":3,"timestamp":1526770273,"campfire_choices":[{"floor":6,"key":"REST"},{"data":"Bouncing Flask","floor":8,"key":"SMITH"},{"data":"Survivor","floor":10,"key":"SMITH"},{"floor":13,"key":"REST"},{"floor":15,"key":"REST"},{"data":"Catalyst","floor":23,"key":"SMITH"},{"floor":25,"key":"REST"},{"floor":32,"key":"REST"},{"floor":40,"key":"REST"},{"floor":42,"key":"REST"}],"path_taken":["M","?","M","?","?","R","M","R","T","R","M","E","R","?","R","BOSS","M","$","M","M","?","R","E","R","T","M","M","M","$","?","R","BOSS","M","M","?","M","M","R","M","R","T","$","?","E"],"build_version":"2018-05-17","seed_source_timestamp":56296547973641,"purchased_purges":3,"victory":false,"master_deck":["Defend_G","Defend_G","Defend_G","Defend_G","Defend_G","Strike_G+1","Survivor+1","Well Laid Plans","Dagger Throw","Bouncing Flask+1","Backflip","Footwork","Tools of the Trade","Flying Knee","Backflip","Catalyst+1","Backflip","Doubt","Footwork+1","Deadly Poison","Footwork+1","Noxious Fumes+1","Prepared+1","Acrobatics+1","Prepared+1","Pain","Bandage Up"],"max_hp_per_floor":[70,70,70,70,70,70,70,70,70,70,70,70,70,70,70,70,70,70,70,70,70,70,70,70,70,70,70,70,70,70,70,70,70,70,70,70,70,70,70,70,70,70,76,76,76,76],"relics":["Ring of the Snake","Golden Idol","Tough Bandages","Whetstone","Odd Mushroom","Cursed Key","Bottled Lightning","Frozen Egg 2","Darkstone Periapt","Eternal Feather","Blue Candle"],"card_choices":[{"not_picked":["Outmaneuver","PiercingWail"],"picked":"Well Laid Plans","floor":1},{"not_picked":["Prepared","Dodge and Roll"],"picked":"Dagger Throw","floor":3},{"not_picked":["Poisoned Stab","Wraith Form v2"],"picked":"Bouncing Flask","floor":5},{"not_picked":["Dagger Spray","Acrobatics","Heel Hook"],"picked":"SKIP","floor":7},{"not_picked":["Backstab","Bane"],"picked":"Backflip","floor":11},{"not_picked":["Dagger Spray","Flechettes"],"picked":"Footwork","floor":12},{"not_picked":["Tactician","Doppelganger"],"picked":"Tools of the Trade","floor":16},{"not_picked":["Dagger Spray+1","Prepared"],"picked":"Flying Knee","floor":18},{"not_picked":["Terror","Flying Knee+1","Dodge and Roll"],"picked":"SKIP","floor":20},{"not_picked":["Flying Knee","Predator+1"],"picked":"Catalyst","floor":21},{"not_picked":["Heel Hook+1","Blade Dance"],"picked":"Backflip","floor":24},{"not_picked":["Acrobatics","Deadly Poison+1"],"picked":"Footwork+1","floor":27},{"not_picked":["Wraith Form v2+1","Dodge and Roll"],"picked":"Deadly Poison","floor":28},{"not_picked":["Well Laid Plans+1","Slice+1"],"picked":"Footwork+1","floor":29},{"not_picked":["Eviscerate+1","Backflip","Slice"],"picked":"SKIP","floor":31},{"not_picked":["Dodge and Roll+1","Bane"],"picked":"Prepared+1","floor":35},{"not_picked":["Reflex","Heel Hook+1"],"picked":"Acrobatics+1","floor":36},{"not_picked":["Expertise+1","Predator","Flying Knee+1"],"picked":"SKIP","floor":38},{"not_picked":["Finisher","Choke"],"picked":"Prepared+1","floor":39},{"not_picked":["Dagger Throw+1","Poisoned Stab+1","Acrobatics"],"picked":"SKIP","floor":41}],"player_experience":88545,"potions_floor_usage":[12,12,16,21,24,33,36,46],"damage_taken":[{"damage":15,"enemies":"Jaw Worm","floor":1,"turns":7},{"damage":0,"enemies":"2 Louse","floor":3,"turns":3},{"damage":1,"enemies":"Cultist","floor":5,"turns":4},{"damage":4,"enemies":"3 Louse","floor":7,"turns":5},{"damage":5,"enemies":"Looter","floor":11,"turns":4},{"damage":28,"enemies":"Gremlin Nob","floor":12,"turns":6},{"damage":2,"enemies":"The Mushroom Lair","floor":14,"turns":6},{"damage":46,"enemies":"Slime Boss","floor":16,"turns":18},{"damage":6,"enemies":"Chosen","floor":18,"turns":6},{"damage":9,"enemies":"2 Thieves","floor":20,"turns":5},{"damage":0,"enemies":"Cultist and Chosen","floor":21,"turns":7},{"damage":37,"enemies":"Gremlin Leader","floor":24,"turns":11},{"damage":4,"enemies":"3 Cultists","floor":27,"turns":7},{"damage":0,"enemies":"Snecko","floor":28,"turns":5},{"damage":0,"enemies":"Cultist and Chosen","floor":29,"turns":8},{"damage":0,"enemies":"3 Cultists","floor":31,"turns":6},{"damage":0,"enemies":"Champ","floor":33,"turns":10},{"damage":5,"enemies":"Orb Walker","floor":35,"turns":6},{"damage":9,"enemies":"3 Darklings","floor":36,"turns":6},{"damage":6,"enemies":"Sphere and 2 Shapes","floor":38,"turns":7},{"damage":39,"enemies":"4 Shapes","floor":39,"turns":5},{"damage":0,"enemies":"Maw","floor":41,"turns":7},{"damage":92,"enemies":"2 Orb Walkers","floor":46,"turns":10}],"relics_obtained":[{"floor":9,"key":"Tough Bandages"},{"floor":12,"key":"Whetstone"},{"floor":14,"key":"Odd Mushroom"},{"floor":24,"key":"Frozen Egg 2"},{"floor":26,"key":"Darkstone Periapt"},{"floor":43,"key":"Blue Candle"}],"event_choices":[{"event_name":"The Cleric","player_choice":"Card Removal","floor":2,"damage_taken":0},{"event_name":"Golden Idol","player_choice":"Take Damage","floor":4,"damage_taken":0},{"event_name":"Mushrooms","player_choice":"Fought Mushrooms","floor":14,"damage_taken":0},{"event_name":"Drug Dealer","player_choice":"Ignored","floor":22,"damage_taken":0}],"boss_relics":[{"not_picked":["Ectoplasm","Orrery"],"picked":"Cursed Key"},{"not_picked":["Calling Bell","Runic Pyramid"],"picked":"Eternal Feather"}],"potions_floor_spawned":[1,5,12,14,18,20,35,36,39],"seed_played":"4966270677085986475","killed_by":"2 Orb Walkers","ascension_level":0,"potions_obtained":[{"floor":1,"key":"LiquidBronze"},{"floor":5,"key":"Fire Potion"},{"floor":12,"key":"Block Potion"},{"floor":14,"key":"Ancient Potion"},{"floor":18,"key":"LiquidBronze"},{"floor":20,"key":"Swift Potion"},{"floor":35,"key":"FearPotion"},{"floor":36,"key":"SteroidPotion"},{"floor":39,"key":"Fire Potion"}],"is_trial":false}