{"gold_per_floor":[113,129,144,29,29,29,29,0,46,56,73,84,84,117,117,221,221,236,65,85,10,109,109,59,84,84,101,101,113,113,113],"floor_reached":31,"playtime":1572,"items_purged":["Strike_B","Strike_B"],"score":332,"play_id":"bf74c1b2-9677-4f88-bedb-a152f14b3996","local_time":"20180628210711","is_ascension_mode":true,"campfire_choices":[{"data":"Hologram","floor":6,"key":"SMITH"},{"data":"Chaos","floor":13,"key":"SMITH"},{"data":"Defragment","floor":15,"key":"SMITH"},{"data":"Defragment","floor":23,"key":"SMITH"},{"data":"Hologram","floor":28,"key":"SMITH"},{"data":"Dualcast","floor":30,"key":"SMITH"}],"neow_cost":"NONE","seed_source_timestamp":18610356851511,"circlet_count":0,"master_deck":["Strike_B","Defend_B","Defend_B","Defend_B+1","Zap","Dualcast+1","Chaos+1","Hologram+1","Chill+1","Defragment+1","Double Energy","Hyperbeam","Hologram+1","Defragment+1","Coolheaded"],"relics":["Inserter","Orichalcum","War Paint","Runic Dome","Letter Opener","Blue Candle"],"potions_floor_usage":[11,14,14,14,25,27],"damage_taken":[{"damage":6,"enemies":"Cultist","floor":1,"turns":4},{"damage":7,"enemies":"2 Louse","floor":2,"turns":4},{"damage":16,"enemies":"Small Slimes","floor":3,"turns":4},{"damage":4,"enemies":"Looter","floor":8,"turns":4},{"damage":0,"enemies":"2 Fungi Beasts","floor":10,"turns":4},{"damage":6,"enemies":"Lots of Slimes","floor":11,"turns":9},{"damage":0,"enemies":"Large Slime","floor":12,"turns":7},{"damage":5,"enemies":"Lagavulin","floor":14,"turns":7},{"damage":26,"enemies":"Hexaghost","floor":16,"turns":11},{"damage":1,"enemies":"Shell Parasite","floor":18,"turns":8},{"damage":15,"enemies":"2 Thieves","floor":20,"turns":3},{"damage":1,"enemies":"Slavers","floor":25,"turns":5},{"damage":9,"enemies":"3 Cultists","floor":27,"turns":5},{"damage":2,"enemies":"Snecko","floor":29,"turns":4},{"damage":39,"enemies":"Snake Plant","floor":31,"turns":3}],"seed_played":"-2855923616875582932","potions_obtained":[{"floor":3,"key":"Weak Potion"},{"floor":10,"key":"FocusPotion"},{"floor":11,"key":"GamblersBrew"},{"floor":12,"key":"Regen Potion"},{"floor":25,"key":"Fruit Juice"},{"floor":29,"key":"SteroidPotion"}],"is_trial":false,"path_per_floor":["M","M","M","$","?","R","?","M","T","M","M","M","R","E","R","B",null,"M","$","M","?","?","R","$","E","T","M","R","M","R"],"character_chosen":"DEFECT","items_purchased":["Defragment","Defragment","Poison Potion"],"campfire_rested":0,"item_purchase_floors":[4,19,24],"current_hp_per_floor":[62,55,39,39,39,39,39,35,35,35,29,29,29,39,39,13,60,59,59,44,44,44,44,44,43,43,39,39,37,37,0],"gold":113,"neow_bonus":"BOSS_RELIC","is_prod":false,"is_daily":false,"chose_seed":false,"campfire_upgraded":6,"win_rate":0,"timestamp":1530234431,"path_taken":["M","M","M","?","?","R","?","M","T","M","M","?","R","E","R","BOSS","M","$","M","?","?","R","$","E","T","M","R","?","R","M"],"build_version":"2018-06-21v2","purchased_purges":2,"victory":false,"max_hp_per_floor":[75,75,75,75,75,75,75,75,75,75,75,75,75,75,75,75,75,75,75,75,75,75,75,75,75,75,80,80,80,80,80],"card_choices":[{"not_picked":["Steam","Skim"],"picked":"Chaos","floor":1},{"not_picked":["Conserve Battery","Steam"],"picked":"Hologram","floor":2},{"not_picked":["Barrage","Conserve Battery"],"picked":"Chill","floor":3},{"not_picked":["Conserve Battery","Redo","Double Energy"],"picked":"SKIP","floor":8},{"not_picked":["Beam Cell","Sweeping Beam","Go for the Eyes"],"picked":"SKIP","floor":10},{"not_picked":["Darkness","Lockon","Genetic Algorithm"],"picked":"SKIP","floor":11},{"not_picked":["Undo","Rip and Tear","Steam"],"picked":"SKIP","floor":12},{"not_picked":["Fission","Cold Snap"],"picked":"Double Energy","floor":14},{"not_picked":["All For One","Core Surge"],"picked":"Hyperbeam","floor":16},{"not_picked":["Static Discharge","Conserve Battery"],"picked":"Hologram","floor":18},{"not_picked":["Rebound","Steam"],"picked":"Coolheaded","floor":20},{"not_picked":["Gash","Stack","Beam Cell"],"picked":"SKIP","floor":25},{"not_picked":["Doom and Gloom","Gash","Storm"],"picked":"SKIP","floor":27},{"not_picked":["Melter","Go for the Eyes","Sweeping Beam"],"picked":"SKIP","floor":29}],"player_experience":341233,"relics_obtained":[{"floor":9,"key":"Orichalcum"},{"floor":14,"key":"War Paint"},{"floor":25,"key":"Letter Opener"},{"floor":26,"key":"Blue Candle"}],"event_choices":[{"event_name":"The Cleric","player_choice":"Leave","floor":5,"damage_taken":0},{"event_name":"Bonfire Elementals","player_choice":"BASIC","floor":7,"damage_taken":0},{"event_name":"Beggar","player_choice":"Gave Gold","floor":21,"damage_taken":0},{"event_name":"Nest","player_choice":"Stole From Cult","floor":22,"damage_taken":0}],"boss_relics":[{"not_picked":["Black Star","Eternal Feather"],"picked":"Runic Dome"}],"items_purged_floors":[4,19],"is_endless":false,"potions_floor_spawned":[3,10,11,12,25,29],"killed_by":"Snake Plant","ascension_level":6}