{"gold_per_floor":[109,125,125,125,200,240,1,40,40,63,88,88,111,125,125,250,250,271,271,221,236,260,260,27,27,27,70,70],"floor_reached":28,"playtime":1040,"items_purged":[],"score":437,"play_id":"c865c0e1-1f46-4185-b397-68017a68df0c","local_time":"20190220165642","is_ascension_mode":true,"campfire_choices":[{"data":"Zap","floor":12,"key":"SMITH"},{"data":"Cold Snap","floor":15,"key":"SMITH"},{"data":"Creative AI","floor":23,"key":"SMITH"}],"neow_cost":"NONE","seed_source_timestamp":663941081100940,"circlet_count":0,"master_deck":["AscendersBane","Strike_B","Strike_B","Defend_B","Defend_B","Defend_B","Defend_B","Zap+1","Dualcast","Conserve Battery","Self Repair","Blizzard","Cold Snap+1","BootSequence","Self Repair","Heatsinks","Go for the Eyes","Go for the Eyes","Creative AI+1","Stack","Writhe","Auto Shields","Seek","Force Field","Pain","Multi-Cast"],"relics":["Cracked Core","NeowsBlessing","Golden Idol","Letter Opener","Anchor","Bag of Preparation","Vajra","Cursed Key","Symbiotic Virus","StoneCalendar","Lantern","Matryoshka","Pen Nib"],"potions_floor_usage":[8,14,16,28],"damage_taken":[{"damage":0,"enemies":"2 Louse","floor":1,"turns":1},{"damage":0,"enemies":"Jaw Worm","floor":2,"turns":1},{"damage":0,"enemies":"Lagavulin","floor":6,"turns":1},{"damage":29,"enemies":"3 Sentries","floor":8,"turns":10},{"damage":0,"enemies":"Small Slimes","floor":10,"turns":3},{"damage":14,"enemies":"Exordium Thugs","floor":11,"turns":6},{"damage":0,"enemies":"Blue Slaver","floor":13,"turns":3},{"damage":2,"enemies":"Lots of Slimes","floor":14,"turns":4},{"damage":37,"enemies":"The Guardian","floor":16,"turns":15},{"damage":16,"enemies":"3 Byrds","floor":18,"turns":6},{"damage":28,"enemies":"2 Thieves","floor":21,"turns":5},{"damage":6,"enemies":"Centurion and Healer","floor":22,"turns":7},{"damage":38,"enemies":"Slavers","floor":27,"turns":7},{"damage":24,"enemies":"Snecko","floor":28,"turns":3}],"seed_played":"9114938036268799636","potions_obtained":[{"floor":8,"key":"Strength Potion"},{"floor":10,"key":"Ancient Potion"},{"floor":11,"key":"PowerPotion"},{"floor":22,"key":"Ancient Potion"},{"floor":27,"key":"AttackPotion"}],"is_trial":false,"path_per_floor":["M","M","?","?","?","E","$","E","T","M","M","R","M","M","R","B",null,"M","?","?","M","M","R","$","?","T","E","M"],"character_chosen":"DEFECT","items_purchased":["BootSequence","Anchor","SkillPotion","Lantern","Force Field"],"campfire_rested":0,"item_purchase_floors":[7,7,7,24,24],"current_hp_per_floor":[68,68,68,68,57,64,64,42,42,56,56,56,69,69,69,46,63,61,61,61,47,55,55,55,55,55,24,0],"gold":70,"neow_bonus":"THREE_ENEMY_KILL","is_prod":false,"is_daily":false,"chose_seed":false,"campfire_upgraded":3,"win_rate":0,"timestamp":1550699802,"path_taken":["M","M","?","?","?","E","$","E","T","M","M","R","M","?","R","BOSS","M","?","?","?","M","R","?","?","T","E","M"],"build_version":"2019-01-23","purchased_purges":0,"victory":false,"max_hp_per_floor":[75,75,75,69,69,69,69,69,69,69,69,69,69,69,69,69,69,69,69,69,69,69,69,69,69,69,69,69],"card_choices":[{"not_picked":["Redo","Stack"],"picked":"Conserve Battery","floor":1},{"not_picked":["Darkness","Compile Driver"],"picked":"Self Repair","floor":2},{"not_picked":["Chaos","Stack"],"picked":"Cold Snap","floor":6},{"not_picked":["Redo","Hologram"],"picked":"Self Repair","floor":8},{"not_picked":["Rebound","Streamline"],"picked":"Heatsinks","floor":10},{"not_picked":["Rebound","Hyperbeam","Melter"],"picked":"SKIP","floor":11},{"not_picked":["Beam Cell","Conserve Battery"],"picked":"Go for the Eyes","floor":13},{"not_picked":["Streamline","Reprogram"],"picked":"Go for the Eyes","floor":14},{"not_picked":["Echo Form","Seek"],"picked":"Creative AI","floor":16},{"not_picked":["Barrage","Double Energy"],"picked":"Stack","floor":18},{"not_picked":["Ball Lightning","Turbo"],"picked":"Auto Shields","floor":21},{"not_picked":["Beam Cell","Sweeping Beam"],"picked":"Seek","floor":22},{"not_picked":["Gash","Barrage"],"picked":"Multi-Cast","floor":27}],"player_experience":326828,"relics_obtained":[{"floor":6,"key":"Letter Opener"},{"floor":8,"key":"Bag of Preparation"},{"floor":9,"key":"Vajra"},{"floor":26,"key":"Matryoshka"},{"floor":27,"key":"Pen Nib"}],"event_choices":[{"damage_healed":0,"gold_gain":0,"cards_transformed":["Strike_B"],"player_choice":"Change","damage_taken":0,"max_hp_gain":0,"max_hp_loss":0,"event_name":"Living Wall","floor":3,"gold_loss":0,"cards_obtained":["Blizzard"]},{"damage_healed":0,"gold_gain":0,"player_choice":"Lose Max HP","damage_taken":0,"relics_obtained":["Golden Idol"],"max_hp_gain":0,"max_hp_loss":6,"event_name":"Golden Idol","floor":4,"gold_loss":0},{"damage_healed":0,"gold_gain":75,"player_choice":"Gather Gold","damage_taken":11,"max_hp_gain":0,"max_hp_loss":0,"event_name":"World of Goop","floor":5,"gold_loss":0},{"damage_healed":0,"gold_gain":0,"player_choice":"Opened","damage_taken":0,"relics_obtained":["Symbiotic Virus"],"max_hp_gain":0,"max_hp_loss":0,"event_name":"The Mausoleum","floor":19,"gold_loss":0,"cards_obtained":["Writhe"]},{"damage_healed":0,"gold_gain":0,"player_choice":"Paid Gold","damage_taken":0,"relics_obtained":["StoneCalendar"],"max_hp_gain":0,"max_hp_loss":0,"event_name":"WeMeetAgain","floor":20,"gold_loss":50},{"cards_removed":["Strike_B"],"damage_healed":0,"gold_gain":0,"player_choice":"Offered Basic","damage_taken":0,"max_hp_gain":0,"max_hp_loss":0,"event_name":"Bonfire Elementals","floor":25,"gold_loss":0}],"is_beta":false,"boss_relics":[{"not_picked":["Coffee Dripper","White Beast Statue"],"picked":"Cursed Key"}],"items_purged_floors":[],"is_endless":false,"potions_floor_spawned":[8,10,11,22,27],"killed_by":"Snecko","ascension_level":12}