{"gold_per_floor":[117,292,125,140,140,140,168,181,181,181,192,192,192,207,207,305,305,322,198,113,113,113,113,130,93,93,93,109,126,143,156,156,252,252,267,280,333,208,228,259,259,109,109,109,109,142,160,10,10,10],"floor_reached":51,"playtime":7946,"items_purged":["Doubt","Defend_B","Defend_B","Strike_B"],"score":705,"play_id":"b38ae6a9-595d-4b36-9e8e-09f3a181a937","local_time":"20181009224807","is_ascension_mode":false,"campfire_choices":[{"data":"Finesse","floor":6.0,"key":"SMITH"},{"data":"Self Repair","floor":10.0,"key":"SMITH"},{"floor":12.0,"key":"REST"},{"data":"Zap","floor":15.0,"key":"SMITH"},{"floor":23,"key":"REST"},{"data":"Buffer","floor":27,"key":"SMITH"},{"data":"Glacier","floor":32,"key":"SMITH"},{"data":"Heatsinks","floor":41,"key":"SMITH"},{"data":"Creative AI","floor":44,"key":"SMITH"},{"data":"Madness","floor":49,"key":"SMITH"}],"neow_cost":"NONE","seed_source_timestamp":0,"circlet_count":0,"master_deck":["Strike_B","Strike_B","Defend_B","Defend_B","Zap+1","Dualcast","Finesse+1","Self Repair+1","Coolheaded+1","Sunder+1","Buffer+1","Ball Lightning+1","Cold Snap","Conserve Battery","Glacier+1","Heatsinks+1","Creative AI+1","Skim","Chill+1","Writhe","Madness+1","Madness","Lockon+1"],"special_seed":0,"relics":["Cracked Core","Bottled Lightning","Gremlin Horn","Philosopher\u0027s Stone","Ancient Tea Set","Nilry\u0027s Codex","Mummified Hand","Cursed Key","StoneCalendar","Question Card","Blue Candle","Orichalcum","Centennial Puzzle"],"potions_floor_usage":[31,31,31,31,31,31,33,33,35,47,50,50],"damage_taken":[{"damage":1.0,"enemies":"Cultist","floor":1.0,"turns":4.0},{"damage":0.0,"enemies":"Small Slimes","floor":4.0,"turns":2.0},{"damage":55.0,"enemies":"Gremlin Nob","floor":7.0,"turns":5.0},{"damage":5.0,"enemies":"2 Louse","floor":8.0,"turns":3.0},{"damage":8.0,"enemies":"Looter","floor":11.0,"turns":4.0},{"damage":0.0,"enemies":"Exordium Thugs","floor":14.0,"turns":3.0},{"damage":52.0,"enemies":"Hexaghost","floor":16.0,"turns":10.0},{"damage":77,"enemies":"3 Byrds","floor":18,"turns":5},{"damage":15,"enemies":"2 Thieves","floor":24,"turns":3},{"damage":0,"enemies":"Centurion and Healer","floor":28,"turns":4},{"damage":20,"enemies":"Snake Plant","floor":29,"turns":3},{"damage":4,"enemies":"Shelled Parasite and Fungi","floor":30,"turns":7},{"damage":0,"enemies":"Snecko","floor":31,"turns":5},{"damage":18,"enemies":"Collector","floor":33,"turns":9},{"damage":17,"enemies":"3 Shapes","floor":35,"turns":3},{"damage":31,"enemies":"3 Darklings","floor":36,"turns":6},{"damage":1,"enemies":"Mysterious Sphere","floor":37,"turns":6},{"damage":0,"enemies":"Spire Growth","floor":39,"turns":5},{"damage":0,"enemies":"Giant Head","floor":40,"turns":8},{"damage":1,"enemies":"Nemesis","floor":46,"turns":7},{"damage":1,"enemies":"Maw","floor":47,"turns":7},{"damage":51,"enemies":"Time Eater","floor":50,"turns":12}],"seed_played":"-2411547611877552405","potions_obtained":[{"floor":1.0,"key":"GamblersBrew"},{"floor":11.0,"key":"Fire Potion"},{"floor":16.0,"key":"FearPotion"},{"floor":24,"key":"EntropicBrew"},{"floor":31,"key":"EssenceOfSteel"},{"floor":33,"key":"Strength Potion"},{"floor":39,"key":"Dexterity Potion"},{"floor":40,"key":"LiquidBronze"}],"is_trial":false,"path_per_floor":["M","?","$","M","?","R","E","M","T","R","M","R","?","M","R","B",null,"M","$","?","?","?","R","M","$","T","R","M","M","M","M","R","B",null,"M","M","?","$","M","E","R","$","T","R","?","E","M","$","R","B"],"character_chosen":"DEFECT","items_purchased":["Finesse","Cold Snap","Glacier","Centennial Puzzle"],"campfire_rested":2,"item_purchase_floors":[3,19,25,48],"current_hp_per_floor":[74,74,74,74,79,79,31,33,33,33,35,59,43,53,53,11,80,13,13,13,39,23,47,42,42,42,42,52,32,38,60,60,52,80,73,52,61,61,71,80,80,80,80,80,70,79,80,80,80,39],"gold":10,"neow_bonus":"REMOVE_CARD","is_prod":false,"is_daily":false,"chose_seed":false,"campfire_upgraded":8,"win_rate":0,"timestamp":1539121687,"path_taken":["M","?","$","M","?","R","E","M","T","R","M","R","?","M","R","BOSS","M","$","?","?","?","R","M","$","T","R","?","M","M","M","R","BOSS","M","M","?","$","?","E","R","$","T","R","?","E","M","?","R","BOSS"],"build_version":"2018-10-04v2","purchased_purges":4,"victory":true,"max_hp_per_floor":[75,75,75,75,80,80,80,80,80,80,80,80,80,80,80,80,80,80,80,80,80,80,80,80,80,80,80,80,80,80,80,80,80,80,80,80,80,80,80,80,80,80,80,80,80,80,80,80,80,80],"card_choices":[{"not_picked":["Turbo","Reprogram","Stack"],"picked":"SKIP","floor":1.0},{"not_picked":["Barrage","Ball Lightning"],"picked":"Self Repair","floor":4.0},{"not_picked":["Gash","Ball Lightning"],"picked":"Coolheaded","floor":7.0},{"not_picked":["Rainbow","Consume"],"picked":"Sunder","floor":8.0},{"not_picked":["Hologram","Steam","Chaos"],"picked":"SKIP","floor":11.0},{"not_picked":["Redo","Coolheaded","Ball Lightning"],"picked":"SKIP","floor":14.0},{"not_picked":["Core Surge","Reboot"],"picked":"Buffer","floor":16.0},{"not_picked":["Barrage","Leap"],"picked":"Ball Lightning+1","floor":18},{"not_picked":["Stack+1","Redo+1"],"picked":"Conserve Battery","floor":24},{"not_picked":["Blizzard+1","Melter","Compile Driver"],"picked":"SKIP","floor":28},{"not_picked":["Redo","Lockon","Turbo"],"picked":"SKIP","floor":29},{"not_picked":["Blizzard+1","Rip and Tear","Hologram"],"picked":"SKIP","floor":30},{"not_picked":["Beam Cell","Hyperbeam"],"picked":"Heatsinks","floor":31},{"not_picked":["Biased Cognition","Rainbow"],"picked":"Creative AI","floor":33},{"not_picked":["Sweeping Beam","Coolheaded"],"picked":"Skim","floor":35},{"not_picked":["Ball Lightning","Rebound","Fusion"],"picked":"SKIP","floor":36},{"not_picked":["Auto Shields+1","Streamline+1"],"picked":"Chill+1","floor":37},{"not_picked":["Scrape","Genetic Algorithm","FTL+1"],"picked":"SKIP","floor":39},{"not_picked":["Creative AI","Steam Power+1","Streamline"],"picked":"SKIP","floor":40},{"not_picked":["Coolheaded+1","Self Repair+1","Force Field"],"picked":"Lockon+1","floor":46},{"not_picked":["Cold Snap","Coolheaded","Compile Driver+1","Chill"],"picked":"SKIP","floor":47}],"player_experience":464949,"relics_obtained":[{"floor":7.0,"key":"Bottled Lightning"},{"floor":9.0,"key":"Gremlin Horn"},{"floor":22,"key":"Nilry\u0027s Codex"},{"floor":26,"key":"Mummified Hand"},{"floor":37,"key":"StoneCalendar"},{"floor":40,"key":"Question Card"},{"floor":43,"key":"Blue Candle"},{"floor":46,"key":"Orichalcum"}],"event_choices":[{"event_name":"Liars Game","player_choice":"agreed","floor":2.0,"damage_taken":0.0},{"event_name":"Big Fish","player_choice":"Donut","floor":5.0,"damage_taken":0.0},{"event_name":"Shining Light","player_choice":"Entered Light","floor":13.0,"damage_taken":0.0},{"event_name":"Addict","player_choice":"Obtained Relic","floor":20,"damage_taken":0},{"event_name":"The Library","player_choice":"Heal","floor":21,"damage_taken":0},{"event_name":"Cursed Tome","player_choice":"Obtained Book","floor":22,"damage_taken":0},{"event_name":"Mysterious Sphere","player_choice":"Fight","floor":37,"damage_taken":0},{"event_name":"Winding Halls","player_choice":"Embrace Madness","floor":45,"damage_taken":0}],"is_beta":false,"boss_relics":[{"not_picked":["Busted Crown","Lizard Tail"],"picked":"Philosopher\u0027s Stone"},{"not_picked":["Snecko Eye","Astrolabe"],"picked":"Cursed Key"}],"items_purged_floors":[3,19,38,42],"is_endless":false,"potions_floor_spawned":[1,11,16,24,31,33,39,40],"ascension_level":0}