{"gold_per_floor":[116,116,129,148,161,189,189,189,189,189,189,189,189,203,203,299,299,319,339,50,50,73,73,93,134,159,159,175,31,31,45,45,138,138,152,173,173,298,141,141],"floor_reached":40,"playtime":1576,"items_purged":[],"score":720,"play_id":"aafe38f4-2510-4640-831f-d4f133b2ea69","local_time":"20190507211149","is_ascension_mode":true,"campfire_choices":[{"floor":7,"key":"REST"},{"data":"Static Discharge","floor":10,"key":"SMITH"},{"data":"Capacitor","floor":12,"key":"SMITH"},{"floor":15,"key":"REST"},{"floor":23,"key":"REST"},{"floor":32,"key":"REST"}],"neow_cost":"NONE","seed_source_timestamp":0,"circlet_count":0,"master_deck":["AscendersBane","Defend_B","Defend_B","Defend_B","Defend_B","Zap+1","Dualcast","Ball Lightning","Electrodynamics","Static Discharge+1","Conserve Battery","Capacitor+1","BootSequence","Redo","Biased Cognition","Barrage","Rebound","Heatsinks","Necronomicurse","Turbo+1","Hologram","Sunder","Bite","Bite","Bite","Bite","Bite","Lockon+1","Reboot","Thunder Strike","Go for the Eyes","Ball Lightning","Finesse","Panacea","Panacea","Force Field+1"],"special_seed":0,"relics":["Cracked Core","Pen Nib","Golden Idol","Mummified Hand","Sozu","Lee\u0027s Waffle","Necronomicon","Meat on the Bone","Art of War","Orichalcum","Cursed Key","Nunchaku","DataDisk"],"potions_floor_usage":[6,16],"damage_taken":[{"damage":2.0,"enemies":"Jaw Worm","floor":1.0,"turns":3.0},{"damage":0,"enemies":"Cultist","floor":3,"turns":2},{"damage":0,"enemies":"2 Louse","floor":4,"turns":2},{"damage":19,"enemies":"Exordium Wildlife","floor":5,"turns":3},{"damage":12,"enemies":"Lagavulin","floor":6,"turns":6},{"damage":11,"enemies":"3 Louse","floor":14,"turns":3},{"damage":11,"enemies":"The Guardian","floor":16,"turns":8},{"damage":20,"enemies":"Spheric Guardian","floor":18,"turns":4},{"damage":8,"enemies":"2 Thieves","floor":19,"turns":2},{"damage":28,"enemies":"Snake Plant","floor":22,"turns":3},{"damage":11,"enemies":"Sentry and Sphere","floor":24,"turns":3},{"damage":18,"enemies":"Gremlin Leader","floor":25,"turns":5},{"damage":0,"enemies":"3 Cultists","floor":28,"turns":3},{"damage":14,"enemies":"Centurion and Healer","floor":31,"turns":4},{"damage":80,"enemies":"Automaton","floor":33,"turns":7},{"damage":8,"enemies":"Orb Walker","floor":35,"turns":3},{"damage":11,"enemies":"3 Shapes","floor":36,"turns":4},{"damage":22,"enemies":"Mind Bloom Boss Battle","floor":38,"turns":6},{"damage":66,"enemies":"Giant Head","floor":40,"turns":6}],"seed_played":"1449264878753656513","potions_obtained":[{"floor":4,"key":"Dexterity Potion"},{"floor":5,"key":"Energy Potion"},{"floor":6,"key":"Swift Potion"}],"is_trial":false,"path_per_floor":["M","?","M","M","M","E","R","?","T","R","T","R","?","M","R","B",null,"M","M","$","?","M","R","M","E","T","?","M","$","$","M","R","B",null,"M","M","?","?","$","E"],"character_chosen":"DEFECT","items_purchased":["Lee\u0027s Waffle","Heatsinks","Orichalcum","DataDisk"],"campfire_rested":4,"item_purchase_floors":[20,20,29,39],"current_hp_per_floor":[66,66,66,66,47,35,57,57,57,57,57,57,57,48,70,61,72,54,48,82,66,40,64,55,39,39,39,45,45,45,53,77,22,67,61,52,42,36,36,0],"gold":141,"neow_bonus":"UPGRADE_CARD","is_prod":false,"is_daily":false,"chose_seed":false,"campfire_upgraded":2,"win_rate":0,"timestamp":1557288709,"path_taken":["M","?","M","?","M","E","R","?","T","R","?","R","?","M","R","BOSS","M","M","$","?","M","R","M","E","T","?","?","?","$","M","R","BOSS","M","M","?","?","?","E"],"build_version":"2019-01-23","purchased_purges":0,"victory":false,"max_hp_per_floor":[75,75,75,75,75,75,75,75,75,75,75,75,75,75,75,75,75,75,75,82,82,82,82,82,82,82,82,82,82,82,82,82,82,82,82,82,82,82,82,82],"card_choices":[{"not_picked":["Streamline","BootSequence"],"picked":"Ball Lightning","floor":1},{"not_picked":["Fusion","Redo"],"picked":"Static Discharge","floor":3},{"not_picked":["Leap","Sweeping Beam"],"picked":"Conserve Battery","floor":4},{"not_picked":["Defragment","Doom and Gloom"],"picked":"Capacitor","floor":5},{"not_picked":["Stack","Steam"],"picked":"BootSequence","floor":6},{"not_picked":["Go for the Eyes","Sweeping Beam"],"picked":"Redo","floor":14},{"not_picked":["Reboot","Core Surge"],"picked":"Biased Cognition","floor":16},{"not_picked":["Aggregate","Beam Cell"],"picked":"Barrage","floor":18},{"not_picked":["Turbo","Compile Driver"],"picked":"Rebound","floor":19},{"not_picked":["Tempest","Redo"],"picked":"Turbo+1","floor":22},{"not_picked":["BootSequence","Blizzard"],"picked":"Hologram","floor":24},{"not_picked":["Rip and Tear","Beam Cell"],"picked":"Sunder","floor":25},{"not_picked":["Undo","Rebound+1"],"picked":"Lockon+1","floor":28},{"not_picked":["Ball Lightning+1","Rebound"],"picked":"Reboot","floor":31},{"not_picked":["Hyperbeam","Multi-Cast"],"picked":"Thunder Strike","floor":33},{"not_picked":["Conserve Battery","Heatsinks"],"picked":"Go for the Eyes","floor":35},{"not_picked":["Sweeping Beam","Gash"],"picked":"Ball Lightning","floor":36},{"not_picked":["Good Instincts","Madness"],"picked":"Finesse","floor":37},{"not_picked":["Good Instincts","Bandage Up"],"picked":"Panacea","floor":37},{"not_picked":["Impatience","Deep Breath"],"picked":"Panacea","floor":37},{"not_picked":["Electrodynamics","Sunder"],"picked":"Force Field+1","floor":38}],"player_experience":621152,"relics_obtained":[{"floor":6,"key":"Pen Nib"},{"floor":9,"key":"Blood Vial"},{"floor":11,"key":"Mummified Hand"},{"floor":21,"key":"Necronomicon"},{"floor":25,"key":"Meat on the Bone"},{"floor":26,"key":"Art of War"},{"floor":38,"key":"Nunchaku"}],"event_choices":[{"damage_healed":0,"gold_gain":0,"cards_transformed":["Strike_B"],"player_choice":"Transformed","damage_taken":0,"max_hp_gain":0,"max_hp_loss":0,"event_name":"Transmorgrifier","floor":2,"gold_loss":0,"cards_obtained":["Electrodynamics"]},{"damage_healed":0,"gold_gain":0,"player_choice":"Take Wound","damage_taken":0,"relics_obtained":["Golden Idol"],"max_hp_gain":0,"max_hp_loss":0,"event_name":"Golden Idol","floor":8,"gold_loss":0,"cards_obtained":["Injury"]},{"cards_removed":["Injury"],"damage_healed":0,"gold_gain":0,"player_choice":"Forget","damage_taken":0,"max_hp_gain":0,"max_hp_loss":0,"event_name":"Living Wall","floor":13,"gold_loss":0},{"damage_healed":0,"gold_gain":0,"player_choice":"Obtained Book","damage_taken":16,"max_hp_gain":0,"max_hp_loss":0,"event_name":"Cursed Tome","floor":21,"gold_loss":0},{"damage_healed":0,"gold_gain":0,"player_choice":"Became a vampire (Vial)","damage_taken":0,"max_hp_gain":0,"max_hp_loss":0,"event_name":"Vampires","floor":27,"relics_lost":["Blood Vial"],"gold_loss":0,"cards_obtained":["Bite","Bite","Bite","Bite","Bite"]},{"damage_healed":0,"gold_gain":0,"player_choice":"Memory 3","damage_taken":10,"max_hp_gain":0,"max_hp_loss":0,"event_name":"SensoryStone","floor":37,"gold_loss":0},{"damage_healed":0,"gold_gain":0,"player_choice":"Fight","damage_taken":0,"max_hp_gain":0,"max_hp_loss":0,"event_name":"MindBloom","floor":38,"gold_loss":0}],"is_beta":false,"boss_relics":[{"not_picked":["Pandora\u0027s Box","FrozenCore"],"picked":"Sozu"},{"not_picked":["Runic Pyramid","Nuclear Battery"],"picked":"Cursed Key"}],"items_purged_floors":[],"is_endless":false,"potions_floor_spawned":[4,5,6,18,22,25,31,35,36],"killed_by":"Giant Head","ascension_level":13}