{"gold_per_floor":[118,133,133,57,57,57,70,80,80,100,114,114,69,94,94,94],"floor_reached":16,"playtime":587,"items_purged":[],"score":179,"play_id":"219759ef-5ca4-463a-87ba-28e21e477307","local_time":"20180818080938","is_ascension_mode":true,"campfire_choices":[{"data":"Bash","floor":6,"key":"SMITH"},{"data":"Entrench","floor":12,"key":"SMITH"},{"data":"True Grit","floor":15,"key":"SMITH"}],"neow_cost":"NONE","seed_source_timestamp":171235963143,"circlet_count":0,"master_deck":["Strike_R","Strike_R","Strike_R","Strike_R","Defend_R","Defend_R","Defend_R","Bash+1","AscendersBane","Entrench+1","Anger","Battle Trance","Metallicize","Cleave","Iron Wave","Immolate","Evolve","True Grit+1","Iron Wave"],"relics":["Burning Blood","Self Forming Clay","Smiling Mask"],"potions_floor_usage":[14,14],"damage_taken":[{"damage":8,"enemies":"2 Louse","floor":1,"turns":3},{"damage":6,"enemies":"Cultist","floor":2,"turns":3},{"damage":7,"enemies":"Jaw Worm","floor":7,"turns":3},{"damage":9,"enemies":"Looter","floor":8,"turns":3},{"damage":8,"enemies":"Large Slime","floor":10,"turns":6},{"damage":0,"enemies":"Blue Slaver","floor":11,"turns":4},{"damage":29,"enemies":"Gremlin Nob","floor":14,"turns":5},{"damage":43,"enemies":"Slime Boss","floor":16,"turns":6}],"seed_played":"-5006894447936438390","potions_obtained":[{"floor":7,"key":"Regen Potion"},{"floor":10,"key":"Swift Potion"},{"floor":11,"key":"AttackPotion"}],"is_trial":false,"path_per_floor":["M","M","?","$","?","R","M","M","T","M","M","R","$","E","R"],"character_chosen":"IRONCLAD","items_purchased":["Metallicize","True Grit"],"campfire_rested":0,"item_purchase_floors":[4,13],"current_hp_per_floor":[66,66,66,66,66,66,65,62,62,60,66,66,66,43,43,0],"gold":94,"neow_bonus":"TRANSFORM_CARD","is_prod":false,"is_daily":false,"chose_seed":false,"campfire_upgraded":3,"win_rate":0,"timestamp":1534594178,"path_taken":["M","M","?","$","?","R","M","M","T","M","M","R","?","E","R","BOSS"],"build_version":"2018-08-16","purchased_purges":0,"victory":false,"max_hp_per_floor":[75,75,75,75,75,75,75,75,75,75,75,75,75,75,75,75],"card_choices":[{"not_picked":["Armaments","Warcry"],"picked":"Anger","floor":1},{"not_picked":["Warcry","Anger"],"picked":"Battle Trance","floor":2},{"not_picked":["Inflame","Feel No Pain"],"picked":"Cleave","floor":7},{"not_picked":["Headbutt","Perfected Strike"],"picked":"Iron Wave","floor":8},{"not_picked":["Bloodletting","Rampage"],"picked":"Immolate","floor":10},{"not_picked":["Intimidate","Wild Strike"],"picked":"Evolve","floor":11},{"not_picked":["Intimidate","Cleave"],"picked":"Iron Wave","floor":14}],"player_experience":589684,"relics_obtained":[{"floor":9,"key":"Self Forming Clay"},{"floor":14,"key":"Smiling Mask"}],"event_choices":[{"event_name":"Bonfire Elementals","player_choice":"BASIC","floor":3,"damage_taken":0},{"event_name":"Liars Game","player_choice":"disagreed","floor":5,"damage_taken":0}],"is_beta":false,"boss_relics":[],"items_purged_floors":[],"is_endless":false,"potions_floor_spawned":[7,10,11],"killed_by":"Slime Boss","ascension_level":15}