{"gold_per_floor":[114,114,79,99,69,69,102,121,145,145,159,176,176,196,196,299,299,309,309,5,24,48,83,83,114,140,140,140,154,154,170,170,170],"floor_reached":33,"playtime":1380,"items_purged":[],"score":540,"play_id":"98dbd54e-8a50-4826-ae7c-9cc631e97c86","local_time":"20190225215423","is_ascension_mode":true,"campfire_choices":[{"data":"Dash","floor":6.0,"key":"SMITH"},{"data":"Footwork","floor":10.0,"key":"SMITH"},{"data":"Noxious Fumes","floor":15.0,"key":"SMITH"},{"data":"Distraction","floor":28,"key":"SMITH"},{"data":"Neutralize","floor":30,"key":"SMITH"},{"data":"Envenom","floor":32,"key":"SMITH"}],"neow_cost":"NONE","seed_source_timestamp":0,"circlet_count":0,"master_deck":["AscendersBane","Defend_G+1","Defend_G+1","Defend_G+1","Defend_G+1","Defend_G+1","Strike_G+1","Strike_G+1","Strike_G+1","Strike_G+1","Strike_G+1","Survivor","Neutralize+1","Poisoned Stab","Dash+1","Masterful Stab","Footwork+1","Noxious Fumes+1","Distraction+1","Envenom+1","Backflip+1","Backstab","Escape Plan","Dodge and Roll+1","PiercingWail","Predator+1","Escape Plan"],"special_seed":0,"relics":["Coffee Dripper","Bronze Scales","Juzu Bracelet","Bag of Preparation","Velvet Choker","Lantern","Anchor","Dodecahedron","Bag of Marbles","Blood Vial"],"potions_floor_usage":[25,29,33],"damage_taken":[{"damage":1.0,"enemies":"Small Slimes","floor":1.0,"turns":3.0},{"damage":0.0,"enemies":"Jaw Worm","floor":4.0,"turns":4.0},{"damage":0.0,"enemies":"3 Sentries","floor":7.0,"turns":9.0},{"damage":0.0,"enemies":"Cultist","floor":8.0,"turns":3.0},{"damage":0.0,"enemies":"3 Louse","floor":11.0,"turns":2.0},{"damage":4.0,"enemies":"Exordium Wildlife","floor":12.0,"turns":4.0},{"damage":0.0,"enemies":"Exordium Thugs","floor":14.0,"turns":3.0},{"damage":30.0,"enemies":"Hexaghost","floor":16.0,"turns":7.0},{"damage":5.0,"enemies":"Spheric Guardian","floor":18.0,"turns":4.0},{"damage":4.0,"enemies":"Colosseum Slavers","floor":19.0,"turns":5.0},{"damage":12.0,"enemies":"2 Thieves","floor":21.0,"turns":5.0},{"damage":0,"enemies":"Gremlin Leader","floor":23,"turns":7},{"damage":0,"enemies":"Slavers","floor":25,"turns":6},{"damage":9,"enemies":"Snecko","floor":29,"turns":5},{"damage":10,"enemies":"Sentry and Sphere","floor":31,"turns":6},{"damage":55,"enemies":"Automaton","floor":33,"turns":6}],"seed_played":"-7607880642342270260","potions_obtained":[{"floor":1.0,"key":"Energy Potion"},{"floor":5.0,"key":"Fire Potion"},{"floor":5.0,"key":"Fruit Juice"},{"floor":8.0,"key":"PowerPotion"},{"floor":12.0,"key":"SkillPotion"},{"floor":14.0,"key":"Energy Potion"},{"floor":16.0,"key":"SpeedPotion"},{"floor":23,"key":"Dexterity Potion"},{"floor":29,"key":"Regen Potion"},{"floor":31,"key":"Fire Potion"}],"is_trial":false,"path_per_floor":["M","?","?","M","?","R","E","M","T","R","M","M","?","M","R","B",null,"M","?","$","M","T","E","?","E","T","?","R","M","R","M","R","B"],"character_chosen":"THE_SILENT","items_purchased":["Lantern","Backstab","Escape Plan","SkillPotion"],"campfire_rested":0,"item_purchase_floors":[20,20,20,20],"current_hp_per_floor":[62,48,65,65,65,65,70,70,70,70,70,66,54,54,54,24,62,57,53,53,41,41,41,41,41,41,41,41,34,34,26,26,0],"gold":170,"neow_bonus":"BOSS_RELIC","is_prod":false,"is_daily":false,"chose_seed":false,"campfire_upgraded":6,"win_rate":0,"timestamp":1551149663,"path_taken":["M","?","?","?","?","R","E","M","T","R","M","M","?","M","R","BOSS","M","?","$","M","?","E","?","E","T","?","R","M","R","M","R","BOSS"],"build_version":"2019-01-23","purchased_purges":0,"victory":false,"max_hp_per_floor":[70,70,70,70,70,70,75,75,75,75,75,75,75,75,75,75,75,75,75,75,75,75,75,75,75,75,75,75,75,75,75,75,75],"card_choices":[{"not_picked":["Predator","Sucker Punch"],"picked":"Poisoned Stab","floor":1.0},{"not_picked":["Deadly Poison","Choke"],"picked":"Dash","floor":4.0},{"not_picked":["Heel Hook","Acrobatics"],"picked":"Masterful Stab","floor":7.0},{"not_picked":["All Out Attack","Flying Knee"],"picked":"Footwork","floor":8.0},{"not_picked":["Blade Dance","Flying Knee","All Out Attack"],"picked":"SKIP","floor":11.0},{"not_picked":["Concentrate","Well Laid Plans"],"picked":"Noxious Fumes","floor":12.0},{"not_picked":["Dagger Throw","Blade Dance"],"picked":"Distraction","floor":14.0},{"not_picked":["Unload","A Thousand Cuts"],"picked":"Envenom","floor":16.0},{"not_picked":["Deflect","Cloak And Dagger"],"picked":"Backflip+1","floor":18.0},{"not_picked":["Flechettes","Underhanded Strike"],"picked":"Dodge and Roll+1","floor":21.0},{"not_picked":["Quick Slash","Dagger Spray+1"],"picked":"PiercingWail","floor":23},{"not_picked":["Glass Knife","All Out Attack"],"picked":"Predator+1","floor":25},{"not_picked":["Acrobatics","Bane"],"picked":"Escape Plan","floor":29},{"not_picked":["Dodge and Roll","Bane","Sucker Punch"],"picked":"SKIP","floor":31}],"player_experience":378699,"relics_obtained":[{"floor":7.0,"key":"Bronze Scales"},{"floor":9.0,"key":"Juzu Bracelet"},{"floor":22,"key":"Anchor"},{"floor":23,"key":"Dodecahedron"},{"floor":25,"key":"Bag of Marbles"},{"floor":26,"key":"Blood Vial"}],"event_choices":[{"damage_healed":0.0,"max_hp_gain":0.0,"max_hp_loss":0.0,"gold_gain":0.0,"event_name":"Shining Light","player_choice":"Entered Light","floor":2.0,"gold_loss":0.0,"damage_taken":14.0,"cards_upgraded":["Defend_G","Defend_G"]},{"damage_healed":17.0,"max_hp_gain":0.0,"max_hp_loss":0.0,"gold_gain":0.0,"event_name":"The Cleric","player_choice":"Healed","floor":3.0,"gold_loss":35.0,"damage_taken":0.0},{"damage_healed":0.0,"max_hp_gain":0.0,"max_hp_loss":0.0,"gold_gain":0.0,"event_name":"The Woman in Blue","player_choice":"Bought 2 Potions","floor":5.0,"gold_loss":0.0,"damage_taken":0.0},{"damage_healed":0.0,"max_hp_gain":0.0,"max_hp_loss":0.0,"gold_gain":0.0,"event_name":"Scrap Ooze","player_choice":"Success","floor":13.0,"gold_loss":0.0,"damage_taken":12.0,"relics_obtained":["Bag of Preparation"]},{"damage_healed":0.0,"max_hp_gain":0.0,"max_hp_loss":0.0,"gold_gain":0.0,"event_name":"Colosseum","player_choice":"Fight","floor":19.0,"gold_loss":0.0,"damage_taken":0.0},{"damage_healed":0.0,"max_hp_gain":0.0,"max_hp_loss":0.0,"gold_gain":0.0,"event_name":"Colosseum","player_choice":"Fled From Nobs","floor":19.0,"gold_loss":0.0,"damage_taken":0.0},{"damage_healed":0,"gold_gain":0,"player_choice":"Simplicity","damage_taken":0,"max_hp_gain":0,"max_hp_loss":0,"event_name":"Back to Basics","floor":24,"gold_loss":0,"cards_upgraded":["Defend_G","Defend_G","Defend_G","Strike_G","Strike_G","Strike_G","Strike_G","Strike_G"]},{"damage_healed":0,"gold_gain":0,"player_choice":"Ignored","damage_taken":0,"max_hp_gain":0,"max_hp_loss":0,"event_name":"N\u0027loth","floor":27,"gold_loss":0}],"is_beta":false,"boss_relics":[{"not_picked":["Philosopher\u0027s Stone","Tiny House"],"picked":"Velvet Choker"}],"items_purged_floors":[],"is_endless":false,"potions_floor_spawned":[1,8,12,14,16,19,23,29,31],"killed_by":"Automaton","ascension_level":10}