{"path_per_floor":["M","M","?","M","M","R","E","?","T","R","$","M","E","M","R","B",null,"M","?","?","M","M","R","E","R","T","$","M","M","$","?","R","B",null,"M","?","M","$","M","R","M","R","T","R","M","M","?","M","R"],"character_chosen":"IRONCLAD","items_purchased":["Twin Strike","Art of War","Blue Candle","Pommel Strike"],"gold_per_floor":[119,135,135,153,166,166,199,223,223,223,124,134,161,181,181,279,279,299,299,299,318,332,332,364,364,391,238,258,272,16,16,16,120,120,135,135,151,97,114,114,127,127,150,150,162,176,176,191,191],"floor_reached":50,"campfire_rested":4,"playtime":2869,"current_hp_per_floor":[67,64,64,68,67,67,56,35,35,56,56,50,65,63,63,46,72,60,60,60,55,43,43,16,37,37,37,34,41,41,65,65,11,72,72,72,64,64,38,38,28,28,28,49,53,29,29,20,41],"items_purged":["Regret"],"gold":191,"score":511,"play_id":"9dd21fcb-a154-49c4-834d-c00b081f2b39","is_prod":false,"is_daily":false,"is_ascension_mode":true,"campfire_upgraded":6,"path_taken":["M","M","?","?","M","R","E","?","T","R","$","M","E","M","R","BOSS","M","?","?","M","M","R","E","R","T","$","?","M","$","?","R","BOSS","M","?","M","$","M","R","M","R","T","R","M","M","?","M","R","BOSS"],"build_version":"2018-02-15-PROD1","purchased_purges":1,"victory":false,"master_deck":["Strike_R","Strike_R","Strike_R","Strike_R","Defend_R","Defend_R","Defend_R","Defend_R","Bash","Metallicize","Perfected Strike+1","Disarm","True Grit+1","Perfected Strike+1","Headbutt","Twin Strike+1","Shrug It Off","Evolve+1","Metallicize+1","Limit Break","Battle Trance+1","Decay","Thunderclap+1","Armaments+1","Pommel Strike","Offering","Perfected Strike+1","Flame Barrier+1","Pommel Strike","Cleave","Wild Strike+1","Warcry+1","Shrug It Off"],"max_hp_per_floor":[72,72,72,72,72,72,72,72,72,72,72,72,72,72,72,72,72,72,72,72,72,72,72,72,72,72,72,72,72,72,72,72,72,72,72,72,72,72,72,72,72,72,72,72,72,72,72,72,72],"relics":["Burning Blood","Du-Vu Doll","Bronze Scales","Sundial","Odd Mushroom","Torii","Frozen Egg 2","Sozu","Anchor","Blood Vial","Art of War","Blue Candle","Lizard Tail","Orichalcum"],"card_choices":[{"not_picked":["Feel No Pain","Inflame"],"picked":"Metallicize"},{"not_picked":["Body Slam","Wild Strike"],"picked":"Perfected Strike"},{"not_picked":["Anger","Infernal Blade"],"picked":"Disarm"},{"not_picked":["Wild Strike","Flex"],"picked":"True Grit"},{"not_picked":["Barricade","Hemokinesis"],"picked":"Perfected Strike"},{"not_picked":["Ghostly Armor","Rampage"],"picked":"Headbutt"},{"not_picked":["Iron Wave","Body Slam"],"picked":"Shrug It Off"},{"not_picked":["Havoc","Wild Strike"],"picked":"Evolve"},{"not_picked":["Sever Soul","Iron Wave"],"picked":"Metallicize"},{"not_picked":["Exhume","Feed"],"picked":"Limit Break"},{"not_picked":["Armaments","Body Slam"],"picked":"Battle Trance"},{"not_picked":["Shrug It Off","Havoc"],"picked":"Thunderclap"},{"not_picked":["Warcry","Flex"],"picked":"Armaments"},{"not_picked":["Shrug It Off","Havoc"],"picked":"Pommel Strike"},{"not_picked":["Pommel Strike","Wild Strike"],"picked":"Offering"},{"not_picked":["Flex","Sword Boomerang"],"picked":"Perfected Strike"},{"not_picked":["Thunderclap","Anger"],"picked":"Flame Barrier"},{"not_picked":["Dark Embrace","Feel No Pain"],"picked":"Cleave"},{"not_picked":["Power Through","Heavy Blade"],"picked":"Wild Strike"},{"not_picked":["Fire Breathing","Carnage"],"picked":"Warcry"},{"not_picked":["Burning Pact","Body Slam"],"picked":"Shrug It Off"}],"player_experience":154275,"potions_floor_usage":[],"damage_taken":[{"damage":11.0,"enemies":"Jaw Worm","floor":1.0,"turns":4.0},{"damage":9.0,"enemies":"Small Slimes","floor":2.0,"turns":4.0},{"damage":2.0,"enemies":"Cultist","floor":4.0,"turns":3.0},{"damage":7.0,"enemies":"Large Slime","floor":5.0,"turns":5.0},{"damage":17.0,"enemies":"3 Sentries","floor":7.0,"turns":8.0},{"damage":27.0,"enemies":"The Mushroom Lair","floor":8.0,"turns":3.0},{"damage":12.0,"enemies":"Exordium Wildlife","floor":12.0,"turns":3.0},{"damage":3.0,"enemies":"Gremlin Nob","floor":13.0,"turns":4.0},{"damage":8.0,"enemies":"Blue Slaver","floor":14.0,"turns":2.0},{"damage":23.0,"enemies":"The Guardian","floor":16.0,"turns":11.0},{"damage":18.0,"enemies":"Spheric Guardian","floor":18.0,"turns":4.0},{"damage":11.0,"enemies":"2 Thieves","floor":21.0,"turns":4.0},{"damage":18.0,"enemies":"Snake Plant","floor":22.0,"turns":3.0},{"damage":33.0,"enemies":"Gremlin Leader","floor":24.0,"turns":7.0},{"damage":11.0,"enemies":"Cultist and Chosen","floor":28.0,"turns":5.0},{"damage":1.0,"enemies":"Snecko","floor":29.0,"turns":3.0},{"damage":62.0,"enemies":"Automaton","floor":33.0,"turns":8.0},{"damage":5.0,"enemies":"Orb Walker","floor":35.0,"turns":2.0},{"damage":14.0,"enemies":"3 Shapes","floor":37.0,"turns":4.0},{"damage":34.0,"enemies":"Sphere and 2 Shapes","floor":39.0,"turns":5.0},{"damage":18.0,"enemies":"4 Shapes","floor":41.0,"turns":8.0},{"damage":4.0,"enemies":"Maw","floor":45.0,"turns":6.0},{"damage":32.0,"enemies":"Sphere and 2 Shapes","floor":46.0,"turns":5.0},{"damage":17.0,"enemies":"3 Darklings","floor":48.0,"turns":5.0},{"damage":40,"enemies":"Time Eater","floor":50,"turns":7}],"event_choices":[{"event_name":"Big Fish","player_choice":"Box","floor":3.0,"damage_taken":0.0},{"event_name":"Mushrooms","player_choice":"Fought Mushrooms","floor":8.0,"damage_taken":0.0},{"event_name":"Vampires","player_choice":"Ignored","floor":19.0,"damage_taken":0.0},{"event_name":"Forgotten Altar","player_choice":"Smashed Altar","floor":20.0,"damage_taken":0.0},{"event_name":"The Library","player_choice":"Heal","floor":31.0,"damage_taken":0.0},{"event_name":"Mysterious Sphere","player_choice":"Ignore","floor":47.0,"damage_taken":0.0}],"boss_relics":[],"potions_floor_spawned":[1,2,4,8,13,16,21,22,28,29,41,46,48],"seed_played":"6213709942272807994","killed_by":"Time Eater","ascension_level":4,"is_trial":false}