{"gold_per_floor":[117,27,41,41,57,57,92,92,116,15,32,47,47,63,63,161,161,179,195,195,294,294,294,314,325,325,325,355,355,178,196,196,297,347,361,361,210,16,32,32,62,62,62,72,84,84],"floor_reached":46,"playtime":2107,"items_purged":["Pain","Shame"],"score":817,"play_id":"2a88770f-aecd-4c15-a25f-9edde27284b1","local_time":"20190506225833","is_ascension_mode":true,"campfire_choices":[{"data":"Bandage Up","floor":6,"key":"SMITH"},{"data":"Self Repair","floor":8,"key":"SMITH"},{"data":"Loop","floor":15,"key":"SMITH"},{"floor":23,"key":"REST"},{"data":"White Noise","floor":29,"key":"SMITH"},{"data":"Defragment","floor":32,"key":"SMITH"},{"data":"Fission","floor":40,"key":"SMITH"},{"data":"Capacitor","floor":42,"key":"SMITH"}],"neow_cost":"NONE","seed_source_timestamp":102124419499568,"circlet_count":0,"master_deck":["AscendersBane","Strike_B","Strike_B","Strike_B","Strike_B","Defend_B","Defend_B","Defend_B","Defend_B","Zap","Dualcast","All For One","Ball Lightning","Bandage Up+1","Defragment+1","Reboot","Self Repair+1","Leap","Conserve Battery+1","Loop+1","Go for the Eyes","Echo Form","Streamline+1","White Noise+1","Necronomicurse","Stack+1","Rebound","Force Field","Doom and Gloom","Auto Shields","Fission+1","Rip and Tear+1","Defragment","Capacitor+1","Consume","Clumsy","Ball Lightning+1","Redo"],"relics":["Cracked Core","WarpedTongs","PreservedInsect","Centennial Puzzle","Anchor","Cursed Key","Necronomicon","Gremlin Horn","Question Card","Nunchaku","Tiny House","Pen Nib","OrangePellets","Letter Opener","Pantograph"],"potions_floor_usage":[16,16,18,25,33,41,44,46,46],"damage_taken":[{"damage":6,"enemies":"Small Slimes","floor":1,"turns":3},{"damage":6,"enemies":"Cultist","floor":3,"turns":3},{"damage":18,"enemies":"2 Louse","floor":5,"turns":2},{"damage":30,"enemies":"Gremlin Nob","floor":7,"turns":4},{"damage":8,"enemies":"Blue Slaver","floor":11,"turns":3},{"damage":5,"enemies":"Exordium Wildlife","floor":12,"turns":3},{"damage":2,"enemies":"Looter","floor":14,"turns":4},{"damage":24,"enemies":"Hexaghost","floor":16,"turns":7},{"damage":42,"enemies":"3 Byrds","floor":18,"turns":4},{"damage":15,"enemies":"Shell Parasite","floor":19,"turns":5},{"damage":0,"enemies":"Cultist and Chosen","floor":24,"turns":4},{"damage":14,"enemies":"Snake Plant","floor":25,"turns":3},{"damage":8,"enemies":"Gremlin Leader","floor":28,"turns":3},{"damage":23,"enemies":"Centurion and Healer","floor":31,"turns":4},{"damage":27,"enemies":"Champ","floor":33,"turns":9},{"damage":26,"enemies":"3 Darklings","floor":35,"turns":3},{"damage":0,"enemies":"Orb Walker","floor":39,"turns":2},{"damage":34,"enemies":"Giant Head","floor":41,"turns":6},{"damage":36,"enemies":"Sphere and 2 Shapes","floor":44,"turns":6},{"damage":13,"enemies":"Jaw Worm Horde","floor":45,"turns":3},{"damage":68,"enemies":"Nemesis","floor":46,"turns":5}],"seed_played":"5108098903980280939","potions_obtained":[{"floor":11,"key":"Poison Potion"},{"floor":12,"key":"FocusPotion"},{"floor":16,"key":"Explosive Potion"},{"floor":19,"key":"FairyPotion"},{"floor":24,"key":"GamblersBrew"},{"floor":25,"key":"FocusPotion"},{"floor":28,"key":"Energy Potion"},{"floor":34,"key":"Regen Potion"},{"floor":41,"key":"Strength Potion"},{"floor":44,"key":"FearPotion"}],"is_trial":false,"path_per_floor":["M","$","M","?","M","R","E","R","T","$","M","M","?","M","R","B",null,"M","M","?","?","T","R","M","M","T","?","E","R","$","M","R","B",null,"M","?","$","$","M","R","E","R","T","M","M","E"],"character_chosen":"DEFECT","items_purchased":["Bandage Up","Leap","Doom and Gloom","Pen Nib","OrangePellets"],"campfire_rested":1,"item_purchase_floors":[2,10,30,37,38],"current_hp_per_floor":[62,62,60,60,46,46,22,22,22,22,30,41,16,30,30,22,62,30,31,15,15,15,37,63,65,65,65,63,63,63,66,66,55,75,64,64,64,64,64,64,73,73,73,43,46,0],"gold":84,"neow_bonus":"ONE_RANDOM_RARE_CARD","is_prod":false,"is_daily":false,"chose_seed":false,"campfire_upgraded":7,"win_rate":0,"timestamp":1557208713,"path_taken":["M","$","M","?","?","R","E","R","T","?","?","M","?","M","R","BOSS","M","M","?","?","?","R","M","?","T","?","E","R","$","M","R","BOSS","M","?","?","$","M","R","E","R","T","M","?","E"],"build_version":"2019-01-23","purchased_purges":2,"victory":false,"max_hp_per_floor":[75,75,75,75,75,75,75,75,75,75,75,75,75,75,75,75,75,75,75,75,75,75,75,75,75,75,75,75,75,75,75,75,75,80,80,80,80,80,80,80,80,80,80,80,80,80],"card_choices":[{"not_picked":["Defragment","Force Field"],"picked":"Ball Lightning","floor":1},{"not_picked":["Rebound","Coolheaded"],"picked":"Defragment","floor":3},{"not_picked":["Leap","Aggregate"],"picked":"Reboot","floor":5},{"not_picked":["Turbo","Recycle"],"picked":"Self Repair","floor":7},{"not_picked":["Sweeping Beam","Chill"],"picked":"Conserve Battery","floor":11},{"not_picked":["Gash","Conserve Battery"],"picked":"Loop","floor":12},{"not_picked":["Self Repair","Sweeping Beam"],"picked":"Go for the Eyes","floor":14},{"not_picked":["Machine Learning","All For One"],"picked":"Echo Form","floor":16},{"not_picked":["Leap","Ball Lightning"],"picked":"Streamline+1","floor":18},{"not_picked":["Melter","Darkness"],"picked":"White Noise","floor":19},{"not_picked":["Cold Snap","Aggregate"],"picked":"Stack+1","floor":24},{"not_picked":["Heatsinks","Recycle"],"picked":"Rebound","floor":25},{"not_picked":["Amplify","Hologram","Skim"],"picked":"Force Field","floor":28},{"not_picked":["Ball Lightning","Barrage","Stack"],"picked":"Auto Shields","floor":31},{"not_picked":["Amplify","Multi-Cast","Seek"],"picked":"Fission","floor":33},{"not_picked":["Reinforced Body","Steam","Undo"],"picked":"Rip and Tear+1","floor":34},{"not_picked":["Sweeping Beam+1","Hologram","Leap"],"picked":"Defragment","floor":35},{"not_picked":["Compile Driver","Streamline+1","Doom and Gloom"],"picked":"Capacitor","floor":39},{"not_picked":["Aggregate","Undo+1","Leap+1"],"picked":"Consume","floor":41},{"not_picked":["Rebound","Coolheaded+1","Force Field"],"picked":"Ball Lightning+1","floor":44},{"not_picked":["Rebound","Streamline","Coolheaded"],"picked":"Redo","floor":45}],"player_experience":602456,"relics_obtained":[{"floor":7,"key":"PreservedInsect"},{"floor":9,"key":"Centennial Puzzle"},{"floor":20,"key":"Necronomicon"},{"floor":22,"key":"Gremlin Horn"},{"floor":26,"key":"Question Card"},{"floor":28,"key":"Nunchaku"},{"floor":41,"key":"Letter Opener"},{"floor":43,"key":"Pantograph"}],"event_choices":[{"damage_healed":0,"gold_gain":0,"player_choice":"Rummage","damage_taken":0,"relics_obtained":["WarpedTongs"],"max_hp_gain":0,"max_hp_loss":0,"event_name":"Accursed Blacksmith","floor":4,"gold_loss":0,"cards_obtained":["Pain"]},{"damage_healed":0,"gold_gain":0,"player_choice":"Success","damage_taken":25,"relics_obtained":["Anchor"],"max_hp_gain":0,"max_hp_loss":0,"event_name":"Scrap Ooze","floor":13,"gold_loss":0},{"damage_healed":0,"gold_gain":0,"player_choice":"Obtained Book","damage_taken":16,"max_hp_gain":0,"max_hp_loss":0,"event_name":"Cursed Tome","floor":20,"gold_loss":0},{"damage_healed":0,"gold_gain":99,"player_choice":"Stole From Cult","damage_taken":0,"max_hp_gain":0,"max_hp_loss":0,"event_name":"Nest","floor":21,"gold_loss":0},{"damage_healed":0,"gold_gain":0,"player_choice":"Ignored","damage_taken":0,"max_hp_gain":0,"max_hp_loss":0,"event_name":"Ghosts","floor":27,"gold_loss":0},{"cards_removed":["Clumsy"],"damage_healed":0,"gold_gain":0,"player_choice":"Purged","damage_taken":0,"max_hp_gain":0,"max_hp_loss":0,"event_name":"Purifier","floor":36,"gold_loss":0}],"is_beta":false,"boss_relics":[{"not_picked":["Busted Crown","Eternal Feather"],"picked":"Cursed Key"},{"not_picked":["Coffee Dripper","Calling Bell"],"picked":"Tiny House"}],"items_purged_floors":[10,30],"is_endless":false,"potions_floor_spawned":[11,12,16,19,24,25,28,41,44],"killed_by":"Nemesis","ascension_level":12}