{"gold_per_floor":[113,129,142,160,174,174,208,208,254,288,288,213,229,249,249,338,338,363,288,332,247,271,340,340,371,416,42,42,42,56,77,77,176,176,200,200,216,242,242,242,242,283,309,333,333,123,123],"floor_reached":47,"playtime":1930,"items_purged":["Strike_B","White Noise"],"score":1106,"play_id":"d0f45baa-8871-40c8-85a8-0e223fbb64cd","local_time":"20181030231434","is_ascension_mode":true,"campfire_choices":[{"data":"Streamline","floor":6,"key":"SMITH"},{"floor":8,"key":"REST"},{"data":"Zap","floor":15,"key":"SMITH"},{"floor":24,"key":"REST"},{"data":"Chill","floor":29,"key":"SMITH"},{"floor":32,"key":"REST"},{"data":"Electrodynamics","floor":40,"key":"SMITH"},{"data":"Leap","floor":45,"key":"SMITH"}],"neow_cost":"TEN_PERCENT_HP_LOSS","seed_source_timestamp":1823679574049005,"circlet_count":0,"master_deck":["Defend_B","Defend_B","Defend_B","Zap+1","Dualcast","AscendersBane","Ball Lightning+1","Streamline+1","Coolheaded","Electrodynamics+1","Compile Driver","Sunder","FTL","Machine Learning","Go for the Eyes+1","Loop","Hologram+1","Chill+1","Leap+1","Thunder Strike","PanicButton+1","Cold Snap"],"relics":["Cracked Core","Thread and Needle","Centennial Puzzle","Lantern","Question Card","Golden Idol","Nuclear Battery","Red Mask","Omamori","Tiny Chest","Whetstone","Boot","Runic Capacitor","Busted Crown","Blood Vial","PreservedInsect","War Paint"],"potions_floor_usage":[7,10,10,16,16,33,42],"damage_taken":[{"damage":8,"enemies":"Jaw Worm","floor":1,"turns":3},{"damage":1,"enemies":"Small Slimes","floor":2,"turns":3},{"damage":0,"enemies":"Cultist","floor":3,"turns":3},{"damage":4,"enemies":"3 Louse","floor":4,"turns":3},{"damage":4,"enemies":"Blue Slaver","floor":5,"turns":3},{"damage":13,"enemies":"Gremlin Nob","floor":7,"turns":4},{"damage":2,"enemies":"Lagavulin","floor":10,"turns":6},{"damage":2,"enemies":"Large Slime","floor":13,"turns":4},{"damage":0,"enemies":"Exordium Thugs","floor":14,"turns":4},{"damage":0,"enemies":"Slime Boss","floor":16,"turns":6},{"damage":8,"enemies":"Chosen","floor":18,"turns":3},{"damage":3,"enemies":"Masked Bandits","floor":20,"turns":3},{"damage":6,"enemies":"Shell Parasite","floor":22,"turns":3},{"damage":23,"enemies":"Slavers","floor":23,"turns":4},{"damage":8,"enemies":"Gremlin Leader","floor":25,"turns":5},{"damage":10,"enemies":"Chosen and Byrds","floor":30,"turns":6},{"damage":7,"enemies":"3 Cultists","floor":31,"turns":5},{"damage":4,"enemies":"Champ","floor":33,"turns":9},{"damage":0,"enemies":"3 Shapes","floor":35,"turns":5},{"damage":11,"enemies":"Orb Walker","floor":37,"turns":4},{"damage":11,"enemies":"Nemesis","floor":42,"turns":7},{"damage":7,"enemies":"Sphere and 2 Shapes","floor":44,"turns":4},{"damage":33,"enemies":"Reptomancer","floor":47,"turns":2}],"seed_played":"-9023974780753561725","potions_obtained":[{"floor":1,"key":"FocusPotion"},{"floor":2,"key":"Dexterity Potion"},{"floor":3,"key":"Weak Potion"},{"floor":7,"key":"Dexterity Potion"},{"floor":13,"key":"AttackPotion"},{"floor":14,"key":"Energy Potion"},{"floor":25,"key":"Strength Potion"},{"floor":37,"key":"AttackPotion"},{"floor":44,"key":"EssenceOfSteel"}],"is_trial":false,"path_per_floor":["M","M","M","M","M","R","E","R","T","E","?","?","M","M","R","B",null,"M","?","?","?","M","E","R","E","T","$","?","R","M","M","R","B",null,"M","?","M","T","?","R","?","E","T","M","R","$"],"character_chosen":"DEFECT","items_purchased":["Runic Capacitor","FocusPotion","Cold Snap","FocusPotion"],"campfire_rested":3,"item_purchase_floors":[27,27,46,46],"current_hp_per_floor":[56,55,55,51,47,47,34,53,53,51,51,51,49,49,49,49,60,52,52,49,49,43,20,39,31,31,31,31,31,21,14,33,29,55,55,55,44,44,44,44,44,35,35,30,30,30,0],"gold":123,"neow_bonus":"ONE_RARE_RELIC","is_prod":false,"is_daily":false,"chose_seed":false,"campfire_upgraded":5,"win_rate":0,"timestamp":1540955674,"path_taken":["M","M","M","M","M","R","E","R","T","E","?","?","M","M","R","BOSS","M","?","?","?","?","E","R","E","T","$","?","R","M","M","R","BOSS","M","?","?","?","?","R","?","E","T","?","R","$","E"],"build_version":"2018-10-25v2","purchased_purges":2,"victory":false,"max_hp_per_floor":[64,64,64,64,64,64,64,64,64,64,64,64,64,64,64,64,64,64,64,64,64,64,64,64,64,64,64,64,64,64,64,64,64,64,64,64,64,64,64,64,64,64,64,64,64,64,64],"card_choices":[{"not_picked":["Reinforced Body","FTL"],"picked":"Ball Lightning","floor":1},{"not_picked":["Chaos","Coolheaded","Barrage"],"picked":"SKIP","floor":2},{"not_picked":["Steam","Rebound"],"picked":"Streamline","floor":3},{"not_picked":["Hello World","Leap"],"picked":"Coolheaded","floor":4},{"not_picked":["Rip and Tear","Stack"],"picked":"Electrodynamics","floor":5},{"not_picked":["Streamline","Meteor Strike"],"picked":"Compile Driver","floor":7},{"not_picked":["Doom and Gloom","Rip and Tear","Gash"],"picked":"SKIP","floor":10},{"not_picked":["Barrage","White Noise","Sweeping Beam"],"picked":"Sunder","floor":13},{"not_picked":["Heatsinks","Storm","Steam"],"picked":"FTL","floor":14},{"not_picked":["All For One","Electrodynamics","Multi-Cast"],"picked":"Machine Learning","floor":16},{"not_picked":["Sweeping Beam","FTL","Barrage"],"picked":"Go for the Eyes","floor":18},{"not_picked":["Steam","Ball Lightning","Lockon"],"picked":"Loop","floor":20},{"not_picked":["Rebound","Go for the Eyes+1","Redo"],"picked":"White Noise","floor":22},{"not_picked":["Stack","Undo","Chill"],"picked":"Hologram","floor":23},{"not_picked":["Buffer","Barrage","Redo"],"picked":"Chill","floor":25},{"not_picked":["Barrage","Beam Cell","FTL","Chaos"],"picked":"SKIP","floor":30},{"not_picked":["Steam","Undo+1","Beam Cell"],"picked":"Leap","floor":31},{"not_picked":["Fission","Hyperbeam","Core Surge"],"picked":"Thunder Strike","floor":33},{"not_picked":["Storm","Heatsinks"],"picked":"SKIP","floor":35},{"not_picked":["White Noise","Reprogram"],"picked":"SKIP","floor":37},{"not_picked":["Purity"],"picked":"PanicButton","floor":39},{"not_picked":["Sunder","Ball Lightning"],"picked":"SKIP","floor":42},{"not_picked":["Doom and Gloom+1","Gash+1"],"picked":"SKIP","floor":44}],"player_experience":872019,"relics_obtained":[{"floor":7,"key":"Centennial Puzzle"},{"floor":9,"key":"Lantern"},{"floor":10,"key":"Question Card"},{"floor":20,"key":"Red Mask"},{"floor":23,"key":"Tiny Chest"},{"floor":25,"key":"Whetstone"},{"floor":26,"key":"Boot"},{"floor":38,"key":"Blood Vial"},{"floor":42,"key":"PreservedInsect"},{"floor":43,"key":"War Paint"}],"event_choices":[{"damage_healed":0,"gold_gain":0,"player_choice":"Take Wound","damage_taken":0,"relics_obtained":["Golden Idol"],"max_hp_gain":0,"max_hp_loss":0,"event_name":"Golden Idol","floor":11,"gold_loss":0,"cards_obtained":["Injury"]},{"cards_removed":["Injury"],"damage_healed":0,"gold_gain":0,"player_choice":"Card Removal","damage_taken":0,"max_hp_gain":0,"max_hp_loss":0,"event_name":"The Cleric","floor":12,"gold_loss":75},{"cards_removed":["Strike_B"],"damage_healed":0,"gold_gain":0,"player_choice":"Gave Gold","damage_taken":0,"max_hp_gain":0,"max_hp_loss":0,"event_name":"Beggar","floor":19,"gold_loss":75},{"damage_healed":0,"gold_gain":0,"player_choice":"Fought Bandits","damage_taken":0,"max_hp_gain":0,"max_hp_loss":0,"event_name":"Masked Bandits","floor":20,"gold_loss":0},{"damage_healed":0,"gold_gain":0,"player_choice":"Obtained Relic","damage_taken":0,"relics_obtained":["Omamori"],"max_hp_gain":0,"max_hp_loss":0,"event_name":"Addict","floor":21,"gold_loss":85},{"cards_removed":["Strike_B"],"damage_healed":0,"gold_gain":0,"player_choice":"Purged","damage_taken":0,"max_hp_gain":0,"max_hp_loss":0,"event_name":"Purifier","floor":28,"gold_loss":0},{"cards_removed":["Defend_B"],"damage_healed":0,"gold_gain":0,"player_choice":"Removed Skill","damage_taken":0,"max_hp_gain":0,"max_hp_loss":0,"event_name":"Falling","floor":36,"gold_loss":0},{"damage_healed":0,"gold_gain":0,"player_choice":"Memory 1","damage_taken":0,"max_hp_gain":0,"max_hp_loss":0,"event_name":"SensoryStone","floor":39,"gold_loss":0},{"cards_removed":["Strike_B"],"damage_healed":0,"gold_gain":0,"player_choice":"Purged","damage_taken":0,"max_hp_gain":0,"max_hp_loss":0,"event_name":"Purifier","floor":41,"gold_loss":0}],"is_beta":false,"boss_relics":[{"not_picked":["Eternal Feather","Velvet Choker"],"picked":"Nuclear Battery"},{"not_picked":["Calling Bell","Sozu"],"picked":"Busted Crown"}],"items_purged_floors":[27,46],"is_endless":false,"potions_floor_spawned":[1,2,3,7,13,14,25,30,31,37,44],"killed_by":"Reptomancer","ascension_level":20}