{"gold_per_floor":[113,133,133,133,15,15,29,69,69,69,69,89,89,104,104,200,200,224,240,261,331,347,347,360,403,429,429,37,37,81,81,81,81],"floor_reached":33,"playtime":1267,"items_purged":["Bash"],"score":499,"play_id":"ba507948-d0ef-4ac8-9f75-f60fe3d1de76","local_time":"20190120155551","is_ascension_mode":true,"campfire_choices":[{"data":"Clothesline","floor":6.0,"key":"SMITH"},{"data":"Metallicize","floor":10.0,"key":"SMITH"},{"data":"Double Tap","floor":13.0,"key":"SMITH"},{"data":"Sword Boomerang","floor":15.0,"key":"SMITH"},{"data":"Havoc","floor":23.0,"key":"SMITH"},{"data":"Disarm","floor":27,"key":"SMITH"},{"data":"Corruption","floor":29,"key":"SMITH"},{"data":"Immolate","floor":32,"key":"SMITH"}],"neow_cost":"CURSE","seed_source_timestamp":0,"circlet_count":0,"master_deck":["AscendersBane","Clothesline+1","Metallicize+1","Inflame","Double Tap+1","Sword Boomerang+1","Feed","Rupture","Cleave","Shockwave","Sentinel","Pommel Strike","Demon Form","Havoc+1","Anger","Wild Strike","Iron Wave","Immolate+1","Disarm+1","Flame Barrier+1","Corruption+1","Sentinel+1"],"special_seed":0,"relics":["Burning Blood","Golden Idol","Meat on the Bone","Red Skull","Pandora\u0027s Box","The Courier","Toxic Egg 2","Potion Belt","Bird Faced Urn","Gremlin Horn"],"potions_floor_usage":[25,30,30],"damage_taken":[{"damage":3.0,"enemies":"2 Louse","floor":1.0,"turns":4.0},{"damage":20.0,"enemies":"Jaw Worm","floor":2.0,"turns":5.0},{"damage":1.0,"enemies":"Cultist","floor":7.0,"turns":4.0},{"damage":20.0,"enemies":"3 Sentries","floor":8.0,"turns":10.0},{"damage":6.0,"enemies":"Red Slaver","floor":12.0,"turns":4.0},{"damage":9.0,"enemies":"2 Fungi Beasts","floor":14.0,"turns":5.0},{"damage":38.0,"enemies":"Slime Boss","floor":16.0,"turns":10.0},{"damage":2.0,"enemies":"Spheric Guardian","floor":18.0,"turns":3.0},{"damage":33.0,"enemies":"2 Thieves","floor":19.0,"turns":3.0},{"damage":28.0,"enemies":"Centurion and Healer","floor":20.0,"turns":5.0},{"damage":27.0,"enemies":"Sentry and Sphere","floor":22.0,"turns":5.0},{"damage":10.0,"enemies":"Cultist and Chosen","floor":24.0,"turns":3.0},{"damage":18,"enemies":"Book of Stabbing","floor":25,"turns":4},{"damage":44,"enemies":"Slavers","floor":30,"turns":4},{"damage":39,"enemies":"Collector","floor":33,"turns":5}],"seed_played":"920118358790892907","potions_obtained":[{"floor":2.0,"key":"Block Potion"},{"floor":7.0,"key":"Swift Potion"},{"floor":8.0,"key":"Poison Potion"},{"floor":14.0,"key":"BloodPotion"},{"floor":18.0,"key":"EssenceOfSteel"},{"floor":19.0,"key":"Block Potion"},{"floor":22.0,"key":"BloodPotion"},{"floor":25,"key":"SkillPotion"}],"is_trial":false,"path_per_floor":["M","M","?","?","$","R","M","E","T","R","?","M","R","M","R","B",null,"M","M","M","T","M","R","M","E","T","R","$","R","E","?","R","B"],"character_chosen":"IRONCLAD","items_purchased":["Clothesline","Metallicize","Corruption","Bird Faced Urn","Sentinel+1"],"campfire_rested":0,"item_purchase_floors":[5,5,28,28,28],"current_hp_per_floor":[85,71,71,71,71,71,76,62,62,62,62,62,62,59,59,47,73,77,53,43,43,34,34,42,45,45,45,45,45,29,29,29,0],"gold":81,"neow_bonus":"TWENTY_PERCENT_HP_BONUS","is_prod":false,"is_daily":false,"chose_seed":false,"campfire_upgraded":8,"win_rate":0,"timestamp":1548017751,"path_taken":["M","M","?","?","?","R","M","E","T","R","?","M","R","M","R","BOSS","M","?","M","?","M","R","M","E","T","R","$","R","E","?","R","BOSS"],"build_version":"2019-01-17v2","purchased_purges":1,"victory":false,"max_hp_per_floor":[89,89,81,81,81,81,81,81,81,81,81,81,81,81,81,81,81,81,84,84,84,84,84,84,87,87,87,87,87,87,87,87,87],"card_choices":[{"not_picked":["Warcry","Wild Strike","Havoc"],"picked":"SKIP","floor":1.0},{"not_picked":["Heavy Blade","Sentinel","Flex"],"picked":"SKIP","floor":2.0},{"not_picked":["Headbutt","Warcry"],"picked":"Inflame","floor":7.0},{"not_picked":["Impervious","Wild Strike","Body Slam"],"picked":"SKIP","floor":8.0},{"not_picked":["True Grit","Uppercut","Inflame"],"picked":"SKIP","floor":12.0},{"not_picked":["Clash","Spot Weakness"],"picked":"Sword Boomerang","floor":14.0},{"not_picked":["Double Tap","Impervious"],"picked":"Feed","floor":16.0},{"not_picked":["Havoc","Sentinel"],"picked":"Iron Wave","floor":18.0},{"not_picked":["Warcry","Cleave"],"picked":"Immolate","floor":19.0},{"not_picked":["Heavy Blade","Thunderclap","Rampage"],"picked":"SKIP","floor":20.0},{"not_picked":["Dual Wield","Spot Weakness","Infernal Blade"],"picked":"SKIP","floor":22.0},{"not_picked":["Twin Strike","Thunderclap"],"picked":"Disarm","floor":24.0},{"not_picked":["Combust","Thunderclap"],"picked":"Flame Barrier+1","floor":25},{"not_picked":["Clothesline","Power Through+1","Body Slam"],"picked":"SKIP","floor":30}],"player_experience":1028840,"relics_obtained":[{"floor":8.0,"key":"Meat on the Bone"},{"floor":9.0,"key":"Red Skull"},{"floor":21.0,"key":"The Courier"},{"floor":25,"key":"Toxic Egg 2"},{"floor":26,"key":"Potion Belt"},{"floor":30,"key":"Gremlin Horn"}],"event_choices":[{"damage_healed":0.0,"max_hp_gain":0.0,"max_hp_loss":8.0,"gold_gain":0.0,"event_name":"Golden Idol","player_choice":"Lose Max HP","floor":3.0,"gold_loss":0.0,"damage_taken":0.0,"relics_obtained":["Golden Idol"]},{"cards_removed":["Clumsy"],"damage_healed":0.0,"max_hp_gain":0.0,"max_hp_loss":0.0,"gold_gain":0.0,"event_name":"Living Wall","player_choice":"Forget","floor":4.0,"gold_loss":0.0,"damage_taken":0.0},{"damage_healed":0.0,"max_hp_gain":0.0,"max_hp_loss":0.0,"gold_gain":0.0,"event_name":"Match and Keep!","player_choice":"1 cards matched","floor":11.0,"gold_loss":0.0,"damage_taken":0.0,"cards_obtained":["Double Tap"]},{"damage_healed":0,"gold_gain":0,"player_choice":"Ignored","damage_taken":0,"max_hp_gain":0,"max_hp_loss":0,"event_name":"Vampires","floor":31,"gold_loss":0}],"is_beta":false,"boss_relics":[{"not_picked":["Mark of Pain","Fusion Hammer"],"picked":"Pandora\u0027s Box"}],"items_purged_floors":[28],"is_endless":false,"potions_floor_spawned":[2,7,8,14,18,19,22,25],"killed_by":"Collector","ascension_level":15}