{"gold_per_floor":[116,130,149,119,134,134,166,185,185,10,39,81,93,132,144,234,246,278,303,315,46,58,58,89,102,102,129,54,54,54,70,70,70],"floor_reached":33,"playtime":1748,"items_purged":["Strike_B"],"score":577,"play_id":"86eb35d9-503b-4617-bdda-261995bb7fa4","local_time":"20180918222749","is_ascension_mode":true,"campfire_choices":[{"data":"Beam Cell","floor":6.0,"key":"SMITH"},{"data":"Coolheaded","floor":15.0,"key":"SMITH"},{"data":"Defragment","floor":23.0,"key":"SMITH"},{"data":"Defragment","floor":29.0,"key":"SMITH"},{"data":"Hologram","floor":32.0,"key":"SMITH"}],"neow_cost":"NONE","seed_source_timestamp":281340277489886,"circlet_count":0,"master_deck":["Strike_B","Strike_B","Strike_B+1","Defend_B","Defend_B","Defend_B","Zap","Dualcast+1","AscendersBane","Beam Cell+1","Sunder+1","Coolheaded","White Noise","Ball Lightning","Reinforced Body","Coolheaded+1","Conserve Battery","Hyperbeam","Defragment+1","RitualDagger","Defragment+1","Go for the Eyes","BootSequence","Hologram+1"],"special_seed":0,"relics":["Cracked Core","Potion Belt","Bird Faced Urn","MawBank","Kunai","Turnip","Sozu","Whetstone","DataDisk","Letter Opener","Red Mask"],"potions_floor_usage":[],"damage_taken":[{"damage":1.0,"enemies":"Cultist","floor":1.0,"turns":3.0},{"damage":2.0,"enemies":"Jaw Worm","floor":2.0,"turns":2.0},{"damage":0.0,"enemies":"2 Louse","floor":3.0,"turns":2.0},{"damage":3.0,"enemies":"Large Slime","floor":5.0,"turns":5.0},{"damage":8.0,"enemies":"Gremlin Nob","floor":7.0,"turns":3.0},{"damage":0.0,"enemies":"3 Louse","floor":8.0,"turns":1.0},{"damage":14.0,"enemies":"Blue Slaver","floor":11.0,"turns":3.0},{"damage":0.0,"enemies":"Lagavulin","floor":12.0,"turns":4.0},{"damage":14.0,"enemies":"3 Sentries","floor":14.0,"turns":6.0},{"damage":10.0,"enemies":"Hexaghost","floor":16.0,"turns":11.0},{"damage":4.0,"enemies":"Shell Parasite","floor":18.0,"turns":6.0},{"damage":13.0,"enemies":"Spheric Guardian","floor":19.0,"turns":6.0},{"damage":13.0,"enemies":"3 Cultists","floor":22.0,"turns":6.0},{"damage":7.0,"enemies":"Gremlin Leader","floor":24.0,"turns":11.0},{"damage":0.0,"enemies":"Centurion and Healer","floor":25.0,"turns":5.0},{"damage":0.0,"enemies":"Masked Bandits","floor":27.0,"turns":2.0},{"damage":12.0,"enemies":"Snecko","floor":31.0,"turns":6.0},{"damage":20,"enemies":"Automaton","floor":33,"turns":6}],"seed_played":"-6438919933547393776","potions_obtained":[{"floor":4.0,"key":"SteroidPotion"},{"floor":4.0,"key":"FearPotion"},{"floor":7.0,"key":"AttackPotion"},{"floor":8.0,"key":"SteroidPotion"},{"floor":11.0,"key":"SkillPotion"},{"floor":14.0,"key":"Strength Potion"},{"floor":16.0,"key":"Weak Potion"}],"is_trial":false,"path_per_floor":["M","M","M","?","M","R","E","M","T","$","M","E","$","E","R","B",null,"M","M","?","$","M","R","E","M","T","?","?","R","?","M","R"],"character_chosen":"DEFECT","items_purchased":["MawBank","Whetstone","Defragment"],"campfire_rested":0,"item_purchase_floors":[10,21,21],"current_hp_per_floor":[63,61,61,61,58,58,50,50,50,50,38,40,40,28,28,20,58,56,45,39,39,30,30,29,35,35,37,37,37,37,31,31,17],"gold":70,"neow_bonus":"UPGRADE_CARD","is_prod":false,"is_daily":false,"chose_seed":false,"campfire_upgraded":5,"win_rate":0,"timestamp":1537324069,"path_taken":["M","M","M","?","M","R","E","M","T","$","M","E","?","E","R","BOSS","M","M","?","$","M","R","E","M","T","?","?","R","?","M","R","BOSS"],"build_version":"2018-09-06","purchased_purges":1,"victory":false,"max_hp_per_floor":[71,71,71,71,71,71,71,71,71,71,71,71,71,71,71,71,71,71,71,71,71,71,71,71,71,71,71,71,71,71,71,71,71],"card_choices":[{"not_picked":["Turbo","Rebound"],"picked":"Beam Cell","floor":1.0},{"not_picked":["Conserve Battery","Steam Power"],"picked":"Sunder","floor":2.0},{"not_picked":["Undo","Auto Shields"],"picked":"Coolheaded","floor":3.0},{"not_picked":["Skim","Double Energy"],"picked":"White Noise","floor":5.0},{"not_picked":["Undo","White Noise"],"picked":"Ball Lightning","floor":7.0},{"not_picked":["Storm","Double Energy","Steam Power"],"picked":"SKIP","floor":8.0},{"not_picked":["Scrape","Streamline"],"picked":"Reinforced Body","floor":11.0},{"not_picked":["Barrage","Blizzard"],"picked":"Coolheaded","floor":12.0},{"not_picked":["Reinforced Body","BootSequence"],"picked":"Conserve Battery","floor":14.0},{"not_picked":["Amplify","Buffer"],"picked":"Hyperbeam","floor":16.0},{"not_picked":["Stack","Cold Snap","Sunder"],"picked":"SKIP","floor":18.0},{"not_picked":["Fusion","Consume"],"picked":"Defragment","floor":19.0},{"not_picked":["Double Energy","Aggregate+1","Defragment"],"picked":"SKIP","floor":22.0},{"not_picked":["Streamline+1","Gash"],"picked":"Go for the Eyes","floor":24.0},{"not_picked":["Chaos","Aggregate"],"picked":"BootSequence","floor":25.0},{"not_picked":["Double Energy+1","Leap"],"picked":"Hologram","floor":27.0},{"not_picked":["Defragment","Auto Shields","Cold Snap"],"picked":"SKIP","floor":31.0}],"player_experience":670872,"relics_obtained":[{"floor":7.0,"key":"Potion Belt"},{"floor":9.0,"key":"Bird Faced Urn"},{"floor":12.0,"key":"Kunai"},{"floor":14.0,"key":"Turnip"},{"floor":24.0,"key":"DataDisk"},{"floor":26.0,"key":"Letter Opener"},{"floor":27.0,"key":"Red Mask"}],"event_choices":[{"event_name":"The Woman in Blue","player_choice":"Bought 2 Potions","floor":4.0,"damage_taken":0.0},{"event_name":"Nest","player_choice":"Joined the Cult","floor":20.0,"damage_taken":0.0},{"event_name":"Masked Bandits","player_choice":"Fought Bandits","floor":27.0,"damage_taken":0.0},{"event_name":"Beggar","player_choice":"Gave Gold","floor":28.0,"damage_taken":0.0},{"event_name":"Vampires","player_choice":"Ignored","floor":30.0,"damage_taken":0.0}],"is_beta":false,"boss_relics":[{"not_picked":["Lizard Tail","Calling Bell"],"picked":"Sozu"}],"items_purged_floors":[21],"is_endless":false,"potions_floor_spawned":[5,7,8,11,14,16,18,24,27],"killed_by":"Automaton","ascension_level":17}