{"gold_per_floor":[115,115,40,40,56,56,86,86,86,86,102,135,135,150,150,223,223,243,342,372,384,56,76,76,76,76,76,92,92,30,43,43,120,120,140,156,156,56,75,75,87,87,110,110,129,129,158,172,172,172],"floor_reached":51,"playtime":2942,"items_purged":["Regret","Defend_B","Defend_B"],"score":1139,"play_id":"72c6a2cb-207b-4d25-976c-e7506d67dd02","local_time":"20180715151659","is_ascension_mode":true,"campfire_choices":[{"data":"Sweeping Beam","floor":6,"key":"SMITH"},{"data":"Dualcast","floor":8,"key":"SMITH"},{"floor":10,"key":"REST"},{"data":"Glacier","floor":13,"key":"SMITH"},{"data":"Conserve Battery","floor":15,"key":"SMITH"},{"data":"Buffer","floor":25,"key":"SMITH"},{"data":"Coolheaded","floor":27,"key":"SMITH"},{"data":"Defragment","floor":29,"key":"SMITH"},{"data":"Blizzard","floor":32,"key":"SMITH"},{"floor":40,"key":"REST"},{"data":"Fission","floor":42,"key":"SMITH"},{"data":"FTL","floor":44,"key":"SMITH"},{"floor":46,"key":"REST"},{"floor":49,"key":"REST"}],"neow_cost":"NONE","seed_source_timestamp":112704350460755,"circlet_count":0,"master_deck":["Strike_B+1","Strike_B+1","Defend_B+1","Zap+1","Dualcast+1","AscendersBane","Defragment+1","Sweeping Beam+1","Glacier+1","FTL+1","Conserve Battery+1","Buffer+1","BootSequence+1","Rebound+1","Blizzard+1","Coolheaded+1","Defragment+1","Fission+1","Barrage+1","Hologram+1","Go for the Eyes+1","Amplify"],"relics":["Cracked Core","Oddly Smooth Stone","Whetstone","The Courier","Symbiotic Virus","Astrolabe","Tiny Chest","Matryoshka","Orichalcum","Singing Bowl","Sozu","Pear","War Paint","Mercury Hourglass"],"potions_floor_usage":[7,12,16,28,31,33,33],"damage_taken":[{"damage":4,"enemies":"Small Slimes","floor":1,"turns":3},{"damage":0,"enemies":"Jaw Worm","floor":5,"turns":4},{"damage":28,"enemies":"Gremlin Nob","floor":7,"turns":4},{"damage":0,"enemies":"2 Louse","floor":11,"turns":2},{"damage":0,"enemies":"3 Sentries","floor":12,"turns":6},{"damage":0,"enemies":"Exordium Wildlife","floor":14,"turns":2},{"damage":11,"enemies":"Slime Boss","floor":16,"turns":13},{"damage":0,"enemies":"Chosen","floor":18,"turns":5},{"damage":0,"enemies":"Shell Parasite","floor":21,"turns":5},{"damage":15,"enemies":"Snake Plant","floor":23,"turns":5},{"damage":7,"enemies":"3 Cultists","floor":28,"turns":5},{"damage":0,"enemies":"Snecko","floor":31,"turns":5},{"damage":21,"enemies":"Collector","floor":33,"turns":13},{"damage":7,"enemies":"3 Shapes","floor":35,"turns":4},{"damage":16,"enemies":"Flame Bruiser 1 Orb","floor":36,"turns":8},{"damage":0,"enemies":"Maw","floor":39,"turns":9},{"damage":3,"enemies":"4 Shapes","floor":41,"turns":5},{"damage":16,"enemies":"Flame Bruiser 2 Orb","floor":45,"turns":7},{"damage":4,"enemies":"Nemesis","floor":47,"turns":11},{"damage":5,"enemies":"Transient","floor":48,"turns":5},{"damage":19,"enemies":"Donu and Deca","floor":50,"turns":11}],"seed_played":"-6609014008891641894","potions_obtained":[{"floor":5,"key":"Energy Potion"},{"floor":11,"key":"Swift Potion"},{"floor":12,"key":"Dexterity Potion"},{"floor":18,"key":"Dexterity Potion"},{"floor":23,"key":"Weak Potion"},{"floor":31,"key":"Strength Potion"}],"is_trial":false,"path_per_floor":["M","?","$","?","M","R","E","R","T","R","M","E","R","M","R","B",null,"M","?","?","M","$","M","?","R","T","R","M","R","$","M","R","B",null,"M","M","?","$","M","R","M","R","T","R","M","R","E","M","R","B"],"character_chosen":"DEFECT","items_purchased":["Blizzard","Matryoshka","Regen Potion"],"campfire_rested":4,"item_purchase_floors":[22,22,30],"current_hp_per_floor":[64,64,64,49,49,49,21,21,21,43,43,43,43,43,43,32,64,64,64,64,64,64,49,49,49,49,49,42,42,42,58,58,37,67,60,44,44,44,44,67,66,66,76,76,62,89,85,82,93,74],"gold":172,"neow_bonus":"UPGRADE_CARD","is_prod":false,"is_daily":false,"chose_seed":false,"campfire_upgraded":10,"win_rate":0,"timestamp":1531682219,"path_taken":["M","?","$","?","M","R","E","R","T","R","?","E","R","M","R","BOSS","M","?","?","?","$","M","?","R","T","R","M","R","?","?","R","BOSS","M","M","?","$","M","R","?","R","T","R","M","R","E","M","R","BOSS"],"build_version":"2018-07-12","purchased_purges":3,"victory":true,"max_hp_per_floor":[75,75,75,75,75,75,75,75,75,75,75,75,75,75,75,75,75,75,75,75,75,75,75,75,75,75,75,75,75,75,77,77,77,77,77,77,77,77,77,77,79,79,89,89,91,91,91,93,93,93],"card_choices":[{"not_picked":["Coolheaded","Barrage"],"picked":"Defragment","floor":1},{"not_picked":["Scrape","Compile Driver"],"picked":"Sweeping Beam","floor":5},{"not_picked":["Redo","Cold Snap"],"picked":"Glacier","floor":7},{"not_picked":["Reprogram","Gash"],"picked":"FTL","floor":11},{"not_picked":["Amplify","Fusion","Chaos"],"picked":"SKIP","floor":12},{"not_picked":["Stack","Hologram"],"picked":"Conserve Battery","floor":14},{"not_picked":["All For One","Reboot"],"picked":"Buffer","floor":16},{"not_picked":["Sweeping Beam","BootSequence+1","Hello World"],"picked":"SKIP","floor":18},{"not_picked":["Redo","Gash","Conserve Battery"],"picked":"SKIP","floor":21},{"not_picked":["Genetic Algorithm","Blizzard"],"picked":"Coolheaded","floor":23},{"not_picked":["Melter","Gash"],"picked":"Defragment","floor":28},{"not_picked":["Stack","Hologram","Turbo"],"picked":"Singing Bowl","floor":31},{"not_picked":["Machine Learning","Seek"],"picked":"Fission","floor":33},{"not_picked":["Redo","Steam"],"picked":"Barrage+1","floor":35},{"not_picked":["Gash","Redo"],"picked":"Hologram+1","floor":36},{"not_picked":["Hologram+1","Self Repair"],"picked":"Go for the Eyes+1","floor":39},{"not_picked":["Sunder","Beam Cell","Double Energy+1"],"picked":"Singing Bowl","floor":41},{"not_picked":["Steam+1","Cold Snap+1","Streamline+1"],"picked":"Singing Bowl","floor":45},{"not_picked":["Leap","Tempest"],"picked":"Amplify","floor":47},{"not_picked":["Skim+1","Sunder+1","Tempest"],"picked":"Singing Bowl","floor":48}],"player_experience":464957,"relics_obtained":[{"floor":7,"key":"Whetstone"},{"floor":9,"key":"The Courier"},{"floor":12,"key":"Symbiotic Virus"},{"floor":26,"key":"Orichalcum"},{"floor":26,"key":"Singing Bowl"},{"floor":43,"key":"Pear"},{"floor":43,"key":"War Paint"},{"floor":47,"key":"Mercury Hourglass"}],"event_choices":[{"event_name":"Big Fish","player_choice":"Box","floor":2,"damage_taken":0},{"event_name":"Shining Light","player_choice":"Entered Light","floor":4,"damage_taken":0},{"event_name":"Nest","player_choice":"Stole From Cult","floor":19,"damage_taken":0},{"event_name":"The Mausoleum","player_choice":"Yes","floor":20,"damage_taken":0},{"event_name":"Back to Basics","player_choice":"Elegance","floor":24,"damage_taken":0},{"event_name":"SecretPortal","player_choice":"Rejected Portal.","floor":37,"damage_taken":0}],"boss_relics":[{"not_picked":["White Beast Statue","Tiny House"],"picked":"Astrolabe"},{"not_picked":["Empty Cage","Calling Bell"],"picked":"Sozu"}],"items_purged_floors":[3,22,38],"is_endless":false,"potions_floor_spawned":[5,11,12,18,23,31,39,48],"ascension_level":13}