{"gold_per_floor":[109,109,124,141,141,155,155,138,164,164,196,206,219,219],"floor_reached":14,"playtime":555,"items_purged":[],"score":150,"play_id":"8c3f380c-739e-4a94-b476-a00c350435b1","local_time":"20190220120342","is_ascension_mode":true,"campfire_choices":[{"floor":7,"key":"REST"},{"floor":10,"key":"REST"}],"neow_cost":"NONE","seed_source_timestamp":646841560120827,"circlet_count":0,"master_deck":["AscendersBane","Strike_B","Strike_B","Strike_B","Strike_B","Defend_B","Defend_B","Defend_B","Defend_B","Zap","Dualcast","Coolheaded","BootSequence","Conserve Battery","Leap","Ball Lightning","Double Energy","Defragment","Compile Driver"],"relics":["Cracked Core","DataDisk","Vajra","Pen Nib"],"potions_floor_usage":[6,8],"damage_taken":[{"damage":10,"enemies":"Small Slimes","floor":1,"turns":6},{"damage":0,"enemies":"Cultist","floor":3,"turns":5},{"damage":0,"enemies":"2 Louse","floor":4,"turns":2},{"damage":10,"enemies":"Lots of Slimes","floor":6,"turns":5},{"damage":0,"enemies":"Exordium Thugs","floor":8,"turns":4},{"damage":29,"enemies":"3 Sentries","floor":11,"turns":8},{"damage":2,"enemies":"3 Louse","floor":12,"turns":4},{"damage":16,"enemies":"Large Slime","floor":13,"turns":5},{"damage":17,"enemies":"Lagavulin","floor":14,"turns":4}],"seed_played":"7198381159208591512","potions_obtained":[{"floor":1,"key":"Ancient Potion"},{"floor":4,"key":"Block Potion"},{"floor":6,"key":"EssenceOfSteel"}],"is_trial":false,"path_per_floor":["M","?","M","M","?","M","R","M","T","R","E","M","M","E"],"character_chosen":"DEFECT","items_purchased":[],"campfire_rested":2,"item_purchase_floors":[],"current_hp_per_floor":[58,33,33,33,26,16,38,38,38,60,31,29,13,0],"gold":219,"neow_bonus":"THREE_CARDS","is_prod":false,"is_daily":false,"chose_seed":false,"campfire_upgraded":0,"win_rate":0,"timestamp":1550682222,"path_taken":["M","?","M","M","?","M","R","?","T","R","E","M","M","E"],"build_version":"2019-01-23","purchased_purges":0,"victory":false,"max_hp_per_floor":[75,75,75,75,75,75,75,75,75,75,75,75,75,75],"card_choices":[{"not_picked":["Undo","Gash"],"picked":"Coolheaded","floor":0},{"not_picked":["Barrage","Leap"],"picked":"BootSequence","floor":1},{"not_picked":["Coolheaded","Leap"],"picked":"Conserve Battery","floor":3},{"not_picked":["Static Discharge","Coolheaded"],"picked":"Leap","floor":4},{"not_picked":["Sweeping Beam","Leap"],"picked":"Ball Lightning","floor":6},{"not_picked":["Meteor Strike","Sweeping Beam"],"picked":"Double Energy","floor":8},{"not_picked":["Double Energy","Rebound"],"picked":"Defragment","floor":11},{"not_picked":["Recycle","Redo"],"picked":"Compile Driver","floor":12},{"not_picked":["Heatsinks","Genetic Algorithm","Recycle"],"picked":"SKIP","floor":13}],"player_experience":324482,"relics_obtained":[{"floor":9,"key":"Vajra"},{"floor":11,"key":"Pen Nib"}],"event_choices":[{"damage_healed":0,"gold_gain":0,"player_choice":"Success","damage_taken":25,"relics_obtained":["DataDisk"],"max_hp_gain":0,"max_hp_loss":0,"event_name":"Scrap Ooze","floor":2,"gold_loss":0},{"damage_healed":0,"gold_gain":0,"player_choice":"Damaged","damage_taken":7,"max_hp_gain":0,"max_hp_loss":0,"event_name":"Wheel of Change","floor":5,"gold_loss":0}],"is_beta":false,"boss_relics":[],"items_purged_floors":[],"is_endless":false,"potions_floor_spawned":[1,4,6],"killed_by":"Lagavulin","ascension_level":12}