{"path_per_floor":["M","?","$","M","M","E","?","M","T","?","?","$","R","M","R","B",null,"M","$","?","?","M","R","?","E","T","R","M","?","M","M","R"],"character_chosen":"THE_SILENT","items_purchased":["Predator","Adrenaline"],"gold_per_floor":[112,112,38,57,76,109,109,128,128,128,202,38,38,50,50,154,154,140,140,140,140,159,159,159,190,190,190,207,207,217,234,234],"floor_reached":33,"campfire_rested":4,"playtime":2272,"current_hp_per_floor":[70,70,70,67,67,50,55,57,57,45,45,45,67,69,69,47,75,39,39,39,25,13,37,21,18,18,42,37,37,43,51,75],"items_purged":[],"gold":234,"score":290,"play_id":"cce51250-235a-4296-a415-efa034f3e7b5","is_prod":false,"is_daily":false,"is_ascension_mode":false,"campfire_upgraded":1,"path_taken":["M","?","$","?","M","E","?","M","T","?","?","$","R","M","R","BOSS","M","$","?","?","M","R","?","E","T","R","?","?","M","M","R","BOSS"],"build_version":"2018-02-22-PROD2","purchased_purges":0,"victory":false,"master_deck":["Survivor","Neutralize","Cloak And Dagger","Deadly Poison+1","Predator","Catalyst","Catalyst","Poisoned Stab","Deflect","Adrenaline+1","Dodge and Roll","Wraith Form","Catalyst","Reflex","Concentrate","Quick Slash","Accuracy","Prepared","Crippling Poison","Cloak And Dagger","Expertise","Backflip","Dash+1","All Out Attack","Writhe","Backstab+1","Distraction"],"max_hp_per_floor":[70,70,70,70,70,70,75,75,75,75,75,75,75,75,75,75,75,75,75,75,80,80,80,80,80,80,80,80,80,80,80,80],"relics":["Ring of the Snake","Blood Vial","Bird Faced Urn","Lantern","Pandora\u0027s Box","Enchiridion","Toolbox","Sundial","Smiling Mask"],"card_choices":[{"not_picked":["Dagger Throw","Leg Sweep"],"picked":"Cloak And Dagger"},{"not_picked":["Expertise","Sucker Punch"],"picked":"Deadly Poison"},{"not_picked":["Accuracy","Prepared"],"picked":"Catalyst"},{"not_picked":["Caltrops","Dagger Spray"],"picked":"Catalyst"},{"not_picked":["Deadly Poison","PiercingWail"],"picked":"Poisoned Stab"},{"not_picked":["Setup","Poisoned Stab"],"picked":"Deflect"},{"not_picked":["Underhanded Strike","Deflect"],"picked":"Dodge and Roll"},{"not_picked":["Night Terror","Doppelganger"],"picked":"Wraith Form"},{"not_picked":["Quick Slash","Eviscerate"],"picked":"Dash"},{"not_picked":["Sucker Punch","Deflect"],"picked":"All Out Attack"},{"not_picked":["Flying Knee","Caltrops"],"picked":"Backstab"},{"not_picked":["Masterful Stab","Poisoned Stab"],"picked":"Distraction"}],"player_experience":172836,"potions_floor_usage":[16,16,25,33,33],"damage_taken":[{"damage":0,"enemies":"Small Slimes","floor":1,"turns":3},{"damage":3,"enemies":"Jaw Worm","floor":4,"turns":4},{"damage":0,"enemies":"2 Louse","floor":5,"turns":2},{"damage":17,"enemies":"3 Sentries","floor":6,"turns":12},{"damage":0,"enemies":"Red Slaver","floor":8,"turns":3},{"damage":0,"enemies":"Large Slime","floor":14,"turns":5},{"damage":24,"enemies":"Hexaghost","floor":16,"turns":7},{"damage":36,"enemies":"2 Thieves","floor":18,"turns":4},{"damage":18,"enemies":"Spheric Guardian","floor":22,"turns":5},{"damage":9,"enemies":"Book of Stabbing","floor":25,"turns":3},{"damage":11,"enemies":"Snecko","floor":28,"turns":3},{"damage":0,"enemies":"Centurion and Healer","floor":30,"turns":7},{"damage":0,"enemies":"Snake Plant","floor":31,"turns":2},{"damage":83,"enemies":"Champ","floor":33,"turns":10}],"event_choices":[{"event_name":"Living Wall","player_choice":"Grow","floor":2,"damage_taken":0},{"event_name":"Big Fish","player_choice":"Donut","floor":7,"damage_taken":0},{"event_name":"Scrap Ooze","player_choice":"success","floor":10,"damage_taken":12},{"event_name":"Golden Wing","player_choice":"Gained Gold","floor":11,"damage_taken":0},{"event_name":"Drug Dealer","player_choice":"Ignored","floor":20,"damage_taken":0},{"event_name":"Forgotten Altar","player_choice":"Shed Blood","floor":21,"damage_taken":0},{"event_name":"Cursed Tome","player_choice":"Obtained Book","floor":24,"damage_taken":0},{"event_name":"The Mausoleum","player_choice":"Yes","floor":29,"damage_taken":0}],"boss_relics":[{"not_picked":["Snecko Eye","Philosopher\u0027s Stone"],"picked":"Pandora\u0027s Box"}],"potions_floor_spawned":[5,14,22,25,31],"seed_played":"-228038841735728936","killed_by":"Champ","ascension_level":0,"is_trial":false}