{"gold_per_floor":[110,47,67,85,95,95,107,127,150,150,176,192,192,210,210,289,289,301,301,11,11,23,23,51,51,77,27,27,40,40,52,52,126,126,140,157,257,257,277,307,317,348,348,348],"floor_reached":44,"playtime":2957,"items_purged":[],"score":930,"play_id":"c7f4dba8-d31d-4e16-a59a-9e2a67d0afcb","local_time":"20181206211126","is_ascension_mode":true,"campfire_choices":[{"data":"Bouncing Flask","floor":6,"key":"SMITH"},{"floor":13,"key":"REST"},{"floor":15,"key":"REST"},{"floor":23,"key":"REST"},{"floor":28,"key":"REST"},{"floor":32,"key":"REST"}],"neow_cost":"NONE","seed_source_timestamp":8716466364675,"circlet_count":0,"master_deck":["AscendersBane","Defend_G+1","Defend_G+1","Defend_G","Defend_G","Defend_G","Strike_G","Strike_G","Strike_G","Survivor","Neutralize","Trip","Flying Knee","Bouncing Flask+1","Sucker Punch","Leg Sweep","Caltrops","Deflect","Dagger Spray","Burst","Quick Slash+1","Footwork","Dodge and Roll","Venomology","Escape Plan","Wraith Form v2","PiercingWail","Backflip","Adrenaline","Blur","Backflip+1","Pain","Footwork","Adrenaline","Backstab"],"relics":["Ring of the Serpent","Dream Catcher","Mango","Bag of Marbles","TwistedFunnel","Boot","Nilry\u0027s Codex","Potion Belt","Cursed Key","FossilizedHelix","WarpedTongs","Omamori","Darkstone Periapt","Anchor"],"potions_floor_usage":[11,14,16,16,24,29,33,36,37,40,40,42,42,42],"damage_taken":[{"damage":6,"enemies":"Cultist","floor":1,"turns":5},{"damage":0,"enemies":"Jaw Worm","floor":3,"turns":3},{"damage":8,"enemies":"2 Louse","floor":4,"turns":3},{"damage":8,"enemies":"Blue Slaver","floor":5,"turns":3},{"damage":6,"enemies":"Exordium Wildlife","floor":7,"turns":4},{"damage":8,"enemies":"Red Slaver","floor":8,"turns":3},{"damage":16,"enemies":"Gremlin Nob","floor":11,"turns":4},{"damage":18,"enemies":"3 Louse","floor":12,"turns":5},{"damage":31,"enemies":"Exordium Thugs","floor":14,"turns":4},{"damage":28,"enemies":"The Guardian","floor":16,"turns":10},{"damage":10,"enemies":"Shell Parasite","floor":18,"turns":5},{"damage":15,"enemies":"2 Thieves","floor":22,"turns":4},{"damage":22,"enemies":"Book of Stabbing","floor":24,"turns":6},{"damage":19,"enemies":"Shelled Parasite and Fungi","floor":29,"turns":8},{"damage":22,"enemies":"Centurion and Healer","floor":31,"turns":12},{"damage":30,"enemies":"Champ","floor":33,"turns":19},{"damage":0,"enemies":"3 Darklings","floor":35,"turns":2},{"damage":0,"enemies":"Orb Walker","floor":36,"turns":8},{"damage":4,"enemies":"Mind Bloom Boss Battle","floor":37,"turns":10},{"damage":2,"enemies":"Jaw Worm Horde","floor":39,"turns":4},{"damage":27,"enemies":"Nemesis","floor":40,"turns":11},{"damage":15,"enemies":"Maw","floor":41,"turns":8},{"damage":4,"enemies":"Reptomancer","floor":42,"turns":7},{"damage":43,"enemies":"Giant Head","floor":44,"turns":9}],"seed_played":"-6793777806756377544","potions_obtained":[{"floor":3,"key":"LiquidBronze"},{"floor":4,"key":"Poison Potion"},{"floor":12,"key":"Regen Potion"},{"floor":14,"key":"SpeedPotion"},{"floor":18,"key":"Ancient Potion"},{"floor":35,"key":"Energy Potion"},{"floor":39,"key":"Fire Potion"},{"floor":42,"key":"LiquidBronze"}],"is_trial":false,"path_per_floor":["M","?","M","M","M","R","M","M","T","?","E","M","R","M","R","B",null,"M","?","$","?","M","R","E","?","T","?","R","M","?","M","R","B",null,"M","M","?","?","M","E","M","E","T","E"],"character_chosen":"THE_SILENT","items_purchased":["TwistedFunnel","Footwork","Dodge and Roll"],"campfire_rested":5,"item_purchase_floors":[20,20,20],"current_hp_per_floor":[53,53,53,45,37,37,31,23,23,23,21,3,27,10,34,6,62,52,52,52,52,37,61,39,18,18,18,42,38,54,32,56,26,67,67,67,63,63,61,34,19,15,15,0],"gold":348,"neow_bonus":"RANDOM_COLORLESS","is_prod":false,"is_daily":false,"chose_seed":false,"campfire_upgraded":1,"win_rate":0,"timestamp":1544148686,"path_taken":["M","?","M","M","M","R","M","M","T","?","E","M","R","M","R","BOSS","M","?","?","?","?","R","E","?","T","?","R","?","?","M","R","BOSS","M","M","?","?","?","E","?","E","T","E"],"build_version":"2018-12-06","purchased_purges":0,"victory":false,"max_hp_per_floor":[66,66,66,66,66,66,66,66,66,66,80,80,80,80,80,80,80,80,80,80,80,80,80,80,80,80,80,80,80,80,80,80,80,80,80,80,80,80,80,80,80,80,80,80],"card_choices":[{"not_picked":["PiercingWail","Outmaneuver"],"picked":"Flying Knee","floor":1},{"not_picked":["Distraction","Flying Knee"],"picked":"Bouncing Flask","floor":3},{"not_picked":["Eviscerate","Crippling Poison"],"picked":"Sucker Punch","floor":4},{"not_picked":["Bouncing Flask","All Out Attack","Eviscerate"],"picked":"SKIP","floor":5},{"not_picked":["Predator","Acrobatics"],"picked":"All Out Attack","floor":7},{"not_picked":["Flying Knee","Dodge and Roll"],"picked":"Leg Sweep","floor":8},{"not_picked":["Calculated Gamble","Dagger Throw"],"picked":"Caltrops","floor":11},{"not_picked":["Setup","Crippling Poison","Bouncing Flask"],"picked":"SKIP","floor":12},{"not_picked":["Concentrate","Choke"],"picked":"Deflect","floor":13},{"not_picked":["Phantasmal Killer","Concentrate","Endless Agony"],"picked":"SKIP","floor":14},{"not_picked":["Bouncing Flask","Blade Dance"],"picked":"Dagger Spray","floor":15},{"not_picked":["Unload","Night Terror"],"picked":"Burst","floor":16},{"not_picked":["Skewer","Crippling Poison"],"picked":"Quick Slash+1","floor":18},{"not_picked":["Infinite Blades","Heel Hook","Blade Dance"],"picked":"SKIP","floor":22},{"not_picked":["Tactician","Sucker Punch"],"picked":"Wraith Form v2","floor":24},{"not_picked":["Slice","Deflect"],"picked":"PiercingWail","floor":28},{"not_picked":["Deflect","Outmaneuver+1","Quick Slash"],"picked":"SKIP","floor":29},{"not_picked":["Phantasmal Killer","Eviscerate","Flying Knee+1"],"picked":"SKIP","floor":31},{"not_picked":["Deadly Poison","PiercingWail"],"picked":"Backflip","floor":32},{"not_picked":["Night Terror","Bullet Time"],"picked":"Adrenaline","floor":33},{"not_picked":["Prepared","Dagger Throw"],"picked":"Blur","floor":35},{"not_picked":["Cloak And Dagger","Masterful Stab","Deflect"],"picked":"SKIP","floor":36},{"not_picked":["Bane","Blade Dance"],"picked":"Backflip+1","floor":37},{"not_picked":["Deflect+1","Dagger Spray"],"picked":"Footwork","floor":39},{"not_picked":["Endless Agony","Blade Dance"],"picked":"Adrenaline","floor":40},{"not_picked":["Predator+1","Bane","Deflect"],"picked":"SKIP","floor":41},{"not_picked":["Adrenaline","Skewer"],"picked":"Backstab","floor":42}],"player_experience":965231,"relics_obtained":[{"floor":9,"key":"Dream Catcher"},{"floor":11,"key":"Mango"},{"floor":24,"key":"Boot"},{"floor":25,"key":"Nilry\u0027s Codex"},{"floor":26,"key":"Potion Belt"},{"floor":37,"key":"FossilizedHelix"},{"floor":40,"key":"Omamori"},{"floor":42,"key":"Darkstone Periapt"},{"floor":43,"key":"Anchor"}],"event_choices":[{"damage_healed":0,"gold_gain":0,"player_choice":"Left Gold","damage_taken":0,"max_hp_gain":0,"max_hp_loss":0,"event_name":"World of Goop","floor":2,"gold_loss":63},{"damage_healed":0,"gold_gain":0,"player_choice":"Searched \u00270\u0027 times","damage_taken":0,"max_hp_gain":0,"max_hp_loss":0,"event_name":"Dead Adventurer","floor":10,"gold_loss":0},{"cards_removed":["All Out Attack"],"damage_healed":0,"gold_gain":0,"player_choice":"Gave Card","damage_taken":0,"relics_obtained":["Bag of Marbles"],"max_hp_gain":0,"max_hp_loss":0,"event_name":"WeMeetAgain","floor":19,"gold_loss":0},{"damage_healed":0,"gold_gain":0,"cards_transformed":["Strike_G","Strike_G"],"player_choice":"Became Test Subject","damage_taken":0,"max_hp_gain":0,"max_hp_loss":0,"event_name":"Drug Dealer","floor":21,"gold_loss":0,"cards_obtained":["Venomology","Escape Plan"]},{"damage_healed":0,"gold_gain":0,"player_choice":"Obtained Book","damage_taken":21,"max_hp_gain":0,"max_hp_loss":0,"event_name":"Cursed Tome","floor":25,"gold_loss":0},{"damage_healed":0,"gold_gain":0,"player_choice":"Upgraded Two","damage_taken":0,"max_hp_gain":0,"max_hp_loss":0,"event_name":"Designer","floor":27,"gold_loss":50,"cards_upgraded":["Defend_G","Defend_G"]},{"damage_healed":16,"gold_gain":0,"player_choice":"Heal","damage_taken":0,"max_hp_gain":0,"max_hp_loss":0,"event_name":"The Library","floor":30,"gold_loss":0},{"damage_healed":0,"gold_gain":0,"player_choice":"Fight","damage_taken":0,"max_hp_gain":0,"max_hp_loss":0,"event_name":"MindBloom","floor":37,"gold_loss":0},{"damage_healed":0,"gold_gain":0,"player_choice":"Rummage","damage_taken":0,"relics_obtained":["WarpedTongs"],"max_hp_gain":0,"max_hp_loss":0,"event_name":"Accursed Blacksmith","floor":38,"gold_loss":0,"cards_obtained":["Pain"]}],"is_beta":false,"boss_relics":[{"not_picked":["Orrery","Velvet Choker"],"picked":"Ring of the Serpent"},{"not_picked":["Pandora\u0027s Box","Philosopher\u0027s Stone"],"picked":"Cursed Key"}],"items_purged_floors":[],"is_endless":false,"potions_floor_spawned":[3,4,5,8,12,14,18,35,39,42],"killed_by":"Giant Head","ascension_level":15}