{"path_per_floor":["M","M","?","$","M","R","E","?","T","M","M","R","E","M","R","B",null,"M","M","?","M","?","E","?","R","T","M","$","?"],"character_chosen":"THE_SILENT","items_purchased":["Blur","Anchor","PiercingWail"],"gold_per_floor":[116,126,126,91,101,101,136,136,162,182,182,182,217,234,234,332,362,374,385,300,319,319,344,344,344,344,357,180,180],"floor_reached":30,"campfire_rested":2,"playtime":2697,"current_hp_per_floor":[70,70,63,63,63,63,53,53,53,46,39,60,59,59,59,51,75,54,47,47,42,42,24,24,46,46,35,35,35],"items_purged":[],"gold":180,"score":260,"play_id":"406d8fd1-13bf-4b01-8845-9bad6c44ce5b","is_prod":false,"is_daily":false,"is_ascension_mode":false,"campfire_upgraded":2,"path_taken":["M","M","?","$","?","R","E","?","T","?","M","R","E","M","R","BOSS","M","M","?","?","?","E","?","R","T","M","$","?","E"],"build_version":"2018-02-15-PROD1","purchased_purges":0,"victory":false,"master_deck":["Defend_G","Defend_G","Defend_G","Defend_G","Defend_G","Strike_G+1","Strike_G","Strike_G","Strike_G","Strike_G","Survivor","Neutralize+1","Outmaneuver","Acrobatics","Blur+1","Backflip","Bouncing Flask+1","Poisoned Stab+1","Bane","Blade Dance","Riddle With Holes+1","All Out Attack","Envenom","Dagger Throw","Distraction","Dodge and Roll","Escape Plan+1","Expertise+1","Dagger Spray","Poisoned Stab+1","PiercingWail"],"max_hp_per_floor":[70,70,70,70,70,70,70,70,70,70,70,70,70,70,70,70,75,75,75,75,75,75,75,75,75,75,75,75,75],"relics":["Ring of the Snake","Dream Catcher","Mercury Hourglass","Whetstone","Lantern","Bag of Preparation","Tiny House","Orichalcum","Bottled Lightning","Bag of Marbles","Anchor"],"card_choices":[{"not_picked":["Slice","Dagger Spray"],"picked":"Outmaneuver"},{"not_picked":["Quick Slash","Bane"],"picked":"Acrobatics"},{"not_picked":["Deadly Poison","Dodge and Roll"],"picked":"Backflip"},{"not_picked":["Backflip","Footwork"],"picked":"Bouncing Flask"},{"not_picked":["Outmaneuver","Slice"],"picked":"Poisoned Stab"},{"not_picked":["Distraction","Acrobatics"],"picked":"Bane"},{"not_picked":["After Image","Skewer"],"picked":"Blade Dance"},{"not_picked":["PiercingWail","Deadly Poison"],"picked":"Riddle With Holes"},{"not_picked":["Bane","Dodge and Roll"],"picked":"All Out Attack"},{"not_picked":["After Image","Phantasmal Killer"],"picked":"Envenom"},{"not_picked":["Deadly Poison","PiercingWail"],"picked":"Dagger Throw"},{"not_picked":["Escape Plan","Bane"],"picked":"Distraction"},{"not_picked":["Leg Sweep","Poisoned Stab"],"picked":"Dodge and Roll"},{"not_picked":["Slice","Heel Hook"],"picked":"Escape Plan"},{"not_picked":["Dodge and Roll","Well Laid Plans"],"picked":"Expertise"},{"not_picked":["Heel Hook","Bullet Time"],"picked":"Dagger Spray"},{"not_picked":["Deadly Poison","Quick Slash"],"picked":"Poisoned Stab"}],"player_experience":13588,"potions_floor_usage":[7,7,16,16,16,19,23,23,30],"damage_taken":[{"damage":0,"enemies":"Small Slimes","floor":1,"turns":3},{"damage":0,"enemies":"2 Louse","floor":2,"turns":4},{"damage":0,"enemies":"Cultist","floor":5,"turns":6},{"damage":10,"enemies":"Lagavulin","floor":7,"turns":11},{"damage":7,"enemies":"3 Louse","floor":10,"turns":3},{"damage":7,"enemies":"Exordium Thugs","floor":11,"turns":5},{"damage":1,"enemies":"3 Sentries","floor":13,"turns":7},{"damage":0,"enemies":"2 Fungi Beasts","floor":14,"turns":2},{"damage":8,"enemies":"The Guardian","floor":16,"turns":8},{"damage":21,"enemies":"Shell Parasite","floor":18,"turns":5},{"damage":7,"enemies":"Spheric Guardian","floor":19,"turns":3},{"damage":5,"enemies":"Snecko","floor":21,"turns":4},{"damage":18,"enemies":"Slavers","floor":23,"turns":5},{"damage":11,"enemies":"3 Cultists","floor":27,"turns":5},{"damage":61,"enemies":"Gremlin Leader","floor":30,"turns":5}],"event_choices":[{"event_name":"Scrap Ooze","player_choice":"success","floor":3,"damage_taken":7},{"event_name":"Accursed Blacksmith","player_choice":"Forge","floor":8,"damage_taken":0},{"event_name":"Addict","player_choice":"Obtained Relic","floor":20,"damage_taken":0},{"event_name":"Drug Dealer","player_choice":"Ignored","floor":22,"damage_taken":0},{"event_name":"Vampires","player_choice":"Ignored","floor":24,"damage_taken":0},{"event_name":"Beggar","player_choice":"Ignored","floor":29,"damage_taken":0}],"boss_relics":[{"not_picked":["Snecko Eye","Sozu"],"picked":"Tiny House"}],"potions_floor_spawned":[2,5,7,13,14,18,19,27],"seed_played":"-3070808389888193169","killed_by":"Gremlin Leader","ascension_level":0,"is_trial":false}