{"gold_per_floor":[115,36,52,152,164,197,207,241,241,241,251,251,264,264,264,384,384,397,397,397,413,438,438,478,478,524,557,557,575,598,613,613,741,741,760,215,228,248,248,291,291,291,291,335,45,63,98,116,116,116],"floor_reached":51,"playtime":2481,"items_purged":["Strike_R","Strike_R"],"score":914,"play_id":"3e6d941b-86f9-4a9e-b40f-3d6c23990b0b","local_time":"20190524025310","is_ascension_mode":false,"campfire_choices":[{"data":"Armaments","floor":10,"key":"SMITH"},{"data":"Inflame","floor":15,"key":"SMITH"},{"data":"Demon Form","floor":23,"key":"SMITH"},{"data":"Bash","floor":25,"key":"SMITH"},{"floor":28,"key":"REST"},{"floor":32,"key":"REST"},{"data":"Immolate","floor":41,"key":"SMITH"},{"data":"Clothesline","floor":49,"key":"SMITH"}],"neow_cost":"NONE","seed_source_timestamp":284172707673600,"circlet_count":0,"master_deck":["Strike_R","Strike_R","Strike_R","Defend_R+1","Defend_R","Defend_R","Defend_R+1","Bash+1","Demon Form+1","Armaments+1","Inflame+1","Clothesline+1","Cleave","Clothesline","Shrug It Off+1","Feel No Pain","Spot Weakness+1","Feed","Thunderclap","J.A.X.+1","Sword Boomerang+1","Intimidate+1","Headbutt","Shrug It Off+1","Double Tap+1","Pommel Strike","Immolate+1","Shrug It Off+1","Burning Pact+1","True Grit+1","Ghostly Armor+1","Violence+1","Magnetism+1","Enlightenment+1","Shrug It Off+1","True Grit+1","Shockwave+1","Armaments+1","Headbutt","Uppercut+1","Battle Trance+1","Flame Barrier+1"],"relics":["Burning Blood","Toxic Egg 2","Self Forming Clay","Matryoshka","Golden Idol","Mark of Pain","Frozen Egg 2","Centennial Puzzle","War Paint","Shuriken","Coffee Dripper","Incense Burner","Gremlin Horn","Oddly Smooth Stone","Bottled Lightning","Bag of Marbles","Pocketwatch"],"potions_floor_usage":[8,8,11,18,22,30,31,33,50,50,50],"damage_taken":[{"damage":11,"enemies":"Jaw Worm","floor":1,"turns":4},{"damage":1,"enemies":"Cultist","floor":3,"turns":4},{"damage":7,"enemies":"2 Louse","floor":5,"turns":2},{"damage":20,"enemies":"Lagavulin","floor":6,"turns":7},{"damage":9,"enemies":"Looter","floor":7,"turns":4},{"damage":13,"enemies":"3 Sentries","floor":8,"turns":6},{"damage":4,"enemies":"Gremlin Gang","floor":11,"turns":3},{"damage":4,"enemies":"Blue Slaver","floor":13,"turns":5},{"damage":20,"enemies":"The Guardian","floor":16,"turns":15},{"damage":17,"enemies":"Spheric Guardian","floor":18,"turns":5},{"damage":14,"enemies":"Shell Parasite","floor":21,"turns":4},{"damage":3,"enemies":"Snake Plant","floor":22,"turns":3},{"damage":38,"enemies":"Slavers","floor":24,"turns":6},{"damage":18,"enemies":"Gremlin Leader","floor":27,"turns":5},{"damage":20,"enemies":"Centurion and Healer","floor":29,"turns":8},{"damage":6,"enemies":"Chosen and Byrds","floor":30,"turns":4},{"damage":5,"enemies":"3 Cultists","floor":31,"turns":5},{"damage":19,"enemies":"Collector","floor":33,"turns":7},{"damage":0,"enemies":"3 Darklings","floor":35,"turns":1},{"damage":3,"enemies":"3 Shapes","floor":37,"turns":3},{"damage":7,"enemies":"Sphere and 2 Shapes","floor":38,"turns":4},{"damage":11,"enemies":"Giant Head","floor":40,"turns":7},{"damage":24,"enemies":"Nemesis","floor":44,"turns":3},{"damage":0,"enemies":"Transient","floor":46,"turns":5},{"damage":3,"enemies":"Reptomancer","floor":47,"turns":5},{"damage":8,"enemies":"4 Shapes","floor":48,"turns":5},{"damage":13,"enemies":"Awakened One","floor":50,"turns":13}],"seed_played":"-5828279522113015080","potions_obtained":[{"floor":1,"key":"SteroidPotion"},{"floor":5,"key":"BloodPotion"},{"floor":6,"key":"Explosive Potion"},{"floor":11,"key":"GamblersBrew"},{"floor":16,"key":"EssenceOfSteel"},{"floor":21,"key":"Ancient Potion"},{"floor":24,"key":"Ancient Potion"},{"floor":27,"key":"PowerPotion"},{"floor":31,"key":"AttackPotion"},{"floor":46,"key":"GamblersBrew"}],"is_trial":false,"path_per_floor":["M","$","M","?","M","E","M","E","T","R","M","?","M","?","R","B",null,"M","?","?","M","M","R","E","R","T","E","R","M","M","M","R","B",null,"M","$","M","M","?","E","R","?","T","E","$","M","E","M","R","B",null],"character_chosen":"IRONCLAD","items_purchased":["Inflame","Incense Burner","Burning Pact+1","PowerPotion","Dexterity Potion","SpeedPotion","Shockwave+1","Armaments+1","Headbutt"],"campfire_rested":2,"item_purchase_floors":[2,36,36,36,36,45,45,45,45],"current_hp_per_floor":[75,75,80,80,79,65,62,63,63,63,65,70,72,51,51,37,85,74,74,85,77,80,80,48,48,48,36,61,50,53,57,85,72,94,94,94,98,100,90,89,89,89,89,71,71,77,84,85,85,81],"gold":116,"neow_bonus":"ONE_RANDOM_RARE_CARD","is_prod":false,"is_daily":false,"chose_seed":false,"campfire_upgraded":6,"win_rate":1,"timestamp":1558691590,"path_taken":["M","$","M","?","?","E","M","E","T","R","M","?","M","?","R","BOSS","M","?","?","M","?","R","E","R","T","E","R","M","M","M","R","BOSS","M","$","M","M","?","E","R","?","T","E","$","?","E","M","R","BOSS"],"build_version":"2019-01-23","purchased_purges":2,"victory":true,"max_hp_per_floor":[80,80,80,80,80,80,80,80,80,80,80,85,85,85,85,85,85,85,85,85,85,85,85,85,85,85,85,85,88,91,94,94,94,94,94,94,98,101,101,105,105,105,105,105,105,105,109,112,112,115],"card_choices":[{"not_picked":["Combust","Warcry"],"picked":"Armaments","floor":1},{"not_picked":["Second Wind","Cleave"],"picked":"Clothesline","floor":3},{"not_picked":["Perfected Strike","Intimidate"],"picked":"Cleave","floor":5},{"not_picked":["Fiend Fire","Entrench"],"picked":"Clothesline","floor":6},{"not_picked":["Fire Breathing","True Grit+1"],"picked":"Shrug It Off+1","floor":7},{"not_picked":["Second Wind+1","Bloodletting+1"],"picked":"Feel No Pain","floor":8},{"not_picked":["True Grit+1","Pommel Strike"],"picked":"Spot Weakness+1","floor":11},{"not_picked":["Clothesline","Combust"],"picked":"Metallicize","floor":13},{"not_picked":["Brutality","Barricade"],"picked":"Feed","floor":16},{"not_picked":["Body Slam","Fire Breathing"],"picked":"Thunderclap","floor":18},{"not_picked":["Iron Wave","Flex+1"],"picked":"Sword Boomerang+1","floor":21},{"not_picked":["Clash","True Grit+1"],"picked":"Intimidate+1","floor":22},{"not_picked":["Infernal Blade+1","Warcry+1"],"picked":"Headbutt","floor":24},{"not_picked":["Twin Strike","Clothesline","Sword Boomerang"],"picked":"SKIP","floor":27},{"not_picked":["Twin Strike","Clothesline","Sword Boomerang"],"picked":"SKIP","floor":27},{"not_picked":["Burning Pact+1","Clash"],"picked":"Shrug It Off+1","floor":29},{"not_picked":["Warcry+1","Wild Strike"],"picked":"Double Tap+1","floor":30},{"not_picked":["Clothesline","Twin Strike+1"],"picked":"Pommel Strike","floor":31},{"not_picked":["Exhume+1","Double Tap+1"],"picked":"Immolate","floor":33},{"not_picked":["Body Slam+1","Dropkick"],"picked":"Shrug It Off+1","floor":35},{"not_picked":["Fire Breathing+1","Armaments+1"],"picked":"True Grit+1","floor":37},{"not_picked":["Cleave+1","Seeing Red+1"],"picked":"Ghostly Armor+1","floor":38},{"not_picked":["Bandage Up+1","Mayhem+1"],"picked":"Violence+1","floor":39},{"not_picked":["Impatience+1","Finesse+1"],"picked":"Magnetism+1","floor":39},{"not_picked":["Jack Of All Trades+1","Deep Breath+1"],"picked":"Enlightenment+1","floor":39},{"not_picked":["Feed","Thunderclap"],"picked":"Shrug It Off+1","floor":40},{"not_picked":["Seeing Red+1","Demon Form+1"],"picked":"True Grit+1","floor":44},{"not_picked":["Iron Wave","Clothesline"],"picked":"Uppercut+1","floor":46},{"not_picked":["Ghostly Armor+1","Flame Barrier+1"],"picked":"Battle Trance+1","floor":47},{"not_picked":["Armaments+1","Pommel Strike"],"picked":"Flame Barrier+1","floor":48}],"player_experience":868715,"relics_obtained":[{"floor":6,"key":"Toxic Egg 2"},{"floor":8,"key":"Self Forming Clay"},{"floor":9,"key":"Matryoshka"},{"floor":24,"key":"Frozen Egg 2"},{"floor":26,"key":"Centennial Puzzle"},{"floor":26,"key":"War Paint"},{"floor":27,"key":"Shuriken"},{"floor":40,"key":"Gremlin Horn"},{"floor":43,"key":"Oddly Smooth Stone"},{"floor":43,"key":"Bottled Lightning"},{"floor":44,"key":"Bag of Marbles"},{"floor":47,"key":"Pocketwatch"}],"event_choices":[{"damage_healed":0,"gold_gain":100,"player_choice":"Pray","damage_taken":0,"max_hp_gain":0,"max_hp_loss":0,"event_name":"Golden Shrine","floor":4,"gold_loss":0},{"damage_healed":0,"gold_gain":0,"player_choice":"Donut","damage_taken":0,"max_hp_gain":5,"max_hp_loss":0,"event_name":"Big Fish","floor":12,"gold_loss":0},{"damage_healed":0,"gold_gain":0,"player_choice":"Take Damage","damage_taken":21,"relics_obtained":["Golden Idol"],"max_hp_gain":0,"max_hp_loss":0,"event_name":"Golden Idol","floor":14,"gold_loss":0},{"damage_healed":0,"gold_gain":0,"player_choice":"Obtain J.A.X.","damage_taken":0,"max_hp_gain":0,"max_hp_loss":0,"event_name":"Drug Dealer","floor":19,"gold_loss":0,"cards_obtained":["J.A.X."]},{"cards_removed":["Metallicize"],"damage_healed":11,"gold_gain":0,"player_choice":"Offered Uncommon","damage_taken":0,"max_hp_gain":0,"max_hp_loss":0,"event_name":"Bonfire Elementals","floor":20,"gold_loss":0},{"damage_healed":0,"gold_gain":0,"player_choice":"Memory 3","damage_taken":10,"max_hp_gain":0,"max_hp_loss":0,"event_name":"SensoryStone","floor":39,"gold_loss":0},{"damage_healed":0,"gold_gain":0,"player_choice":"Ignored","damage_taken":0,"max_hp_gain":0,"max_hp_loss":0,"event_name":"NoteForYourself","floor":42,"gold_loss":0}],"is_beta":false,"boss_relics":[{"not_picked":["Busted Crown","Runic Dome"],"picked":"Mark of Pain"},{"not_picked":["Runic Pyramid","Fusion Hammer"],"picked":"Coffee Dripper"}],"items_purged_floors":[36,45],"is_endless":false,"potions_floor_spawned":[1,5,6,11,16,21,24,27,31,37,44,46],"ascension_level":0}