{"gold_per_floor":[144,144,144,189,39,129,39,129,129,219,219,264,354,422,422,722,722,767,98,23,68,113,203,248,338,338,363,453,498,330,420,420,720,870,915,101,101,146,191,281,326,416,416,461,551,626,716,761,761,761],"floor_reached":51,"playtime":3093,"items_purged":["All For One"],"score":1198,"play_id":"8e68d55c-efc9-4266-a69a-0937e0090a60","local_time":"20180727220206","daily_mods":["Shiny","Midas","Elite Swarm"],"is_ascension_mode":false,"campfire_choices":[{"floor":11,"key":"REST"},{"floor":15,"key":"REST"},{"floor":32,"key":"REST"},{"floor":49,"key":"REST"}],"neow_cost":"","seed_source_timestamp":0,"circlet_count":0,"master_deck":["Multi-Cast","Hyperbeam","Biased Cognition","Machine Learning","Electrodynamics","Buffer","Rainbow","Seek+1","Meteor Strike","Echo Form","Reboot","Amplify","Creative AI","Fission","Core Surge","Ball Lightning+1","Glacier","Buffer","Madness","Core Surge","Echo Form","Apotheosis","Coolheaded","Reinforced Body","Seek","Self Repair","Leap","Madness","Seek","BootSequence","Stack+1","Panache","Stack+1","Hologram+1","Coolheaded+1"],"special_seed":17740,"relics":["Cracked Core","Dream Catcher","Lantern","Cables","Incense Burner","Gremlin Horn","Sundial","Runic Dome","Ice Cream","Potion Belt","Anchor","StoneCalendar","Orichalcum","Pantograph","Dead Branch","Tiny House","Bottled Tornado","Membership Card","Bottled Flame","Strawberry","Oddly Smooth Stone","Darkstone Periapt","The Courier","Matryoshka","Blood Vial"],"potions_floor_usage":[10,13,16,21,22,28,31,31,33,47,50,50,50,50],"damage_taken":[{"damage":0,"enemies":"Jaw Worm","floor":1,"turns":2},{"damage":0,"enemies":"2 Louse","floor":4,"turns":1},{"damage":0,"enemies":"Gremlin Nob","floor":6,"turns":4},{"damage":0,"enemies":"Lagavulin","floor":8,"turns":6},{"damage":0,"enemies":"Gremlin Nob","floor":10,"turns":2},{"damage":0,"enemies":"Small Slimes","floor":12,"turns":1},{"damage":0,"enemies":"3 Sentries","floor":13,"turns":3},{"damage":26,"enemies":"Hexaghost","floor":16,"turns":10},{"damage":10,"enemies":"Chosen","floor":18,"turns":5},{"damage":6,"enemies":"Shell Parasite","floor":21,"turns":3},{"damage":3,"enemies":"Snake Plant","floor":22,"turns":4},{"damage":0,"enemies":"Book of Stabbing","floor":23,"turns":6},{"damage":0,"enemies":"Snecko","floor":24,"turns":5},{"damage":15,"enemies":"Slavers","floor":25,"turns":3},{"damage":9,"enemies":"Gremlin Leader","floor":28,"turns":4},{"damage":0,"enemies":"3 Cultists","floor":29,"turns":2},{"damage":9,"enemies":"Book of Stabbing","floor":31,"turns":5},{"damage":0,"enemies":"Champ","floor":33,"turns":9},{"damage":0,"enemies":"Orb Walker","floor":35,"turns":2},{"damage":0,"enemies":"3 Shapes","floor":38,"turns":2},{"damage":0,"enemies":"Spire Growth","floor":39,"turns":5},{"damage":0,"enemies":"Giant Head","floor":40,"turns":8},{"damage":0,"enemies":"3 Darklings","floor":41,"turns":3},{"damage":3,"enemies":"2 Orb Walkers","floor":42,"turns":4},{"damage":4,"enemies":"Transient","floor":44,"turns":5},{"damage":0,"enemies":"Giant Head","floor":45,"turns":6},{"damage":4,"enemies":"2 Orb Walkers","floor":47,"turns":3},{"damage":0,"enemies":"Sphere and 2 Shapes","floor":48,"turns":2},{"damage":24,"enemies":"Donu and Deca","floor":50,"turns":6}],"seed_played":"2203350338382633815","potions_obtained":[{"floor":6,"key":"FearPotion"},{"floor":8,"key":"Regen Potion"},{"floor":12,"key":"Explosive Potion"},{"floor":13,"key":"SkillPotion"},{"floor":23,"key":"Explosive Potion"},{"floor":25,"key":"Block Potion"},{"floor":28,"key":"Regen Potion"},{"floor":31,"key":"Poison Potion"},{"floor":33,"key":"Regen Potion"},{"floor":34,"key":"SmokeBomb"},{"floor":40,"key":"GamblersBrew"},{"floor":41,"key":"Swift Potion"},{"floor":44,"key":"Dexterity Potion"},{"floor":48,"key":"Energy Potion"}],"is_trial":false,"path_per_floor":["M","?","?","M","$","E","$","E","T","E","R","M","E","?","R","B",null,"M","$","?","M","M","E","M","E","T","T","E","M","$","E","R","B",null,"M","$","?","M","M","E","M","E","T","M","E","T","E","M","R","B"],"character_chosen":"DEFECT","items_purchased":["Dream Catcher","Madness","Apotheosis","Ice Cream","Coolheaded","PowerPotion","Madness","EssenceOfSteel","Bottled Tornado","Membership Card","Bottled Flame","Panache"],"campfire_rested":4,"item_purchase_floors":[5,7,19,19,19,19,30,30,36,36,36,36],"current_hp_per_floor":[75,75,75,75,75,75,75,75,75,75,75,75,75,75,75,49,75,65,65,65,59,68,68,68,53,53,53,54,54,54,69,75,75,80,80,80,80,80,80,87,87,87,87,87,87,87,83,85,87,63],"gold":761,"neow_bonus":"","is_prod":false,"is_daily":true,"chose_seed":false,"campfire_upgraded":0,"win_rate":0,"timestamp":1532743326,"path_taken":["M","?","?","?","$","E","$","E","T","E","R","M","E","?","R","BOSS","M","$","?","M","M","E","M","E","T","?","E","M","$","E","R","BOSS","M","$","?","M","?","E","M","E","T","M","E","?","E","M","R","BOSS"],"build_version":"2018-07-26","purchased_purges":1,"victory":true,"max_hp_per_floor":[75,75,75,75,75,75,75,75,75,75,75,75,75,75,75,75,75,75,75,75,75,75,75,75,75,75,75,75,75,75,75,75,75,80,80,80,80,80,80,87,87,87,87,87,87,87,87,87,87,87],"card_choices":[{"not_picked":["Barrage","Beam Cell"],"picked":"Ball Lightning","floor":1},{"not_picked":["Auto Shields","Ball Lightning","Glacier"],"picked":"SKIP","floor":4},{"not_picked":["Auto Shields","Ball Lightning"],"picked":"Glacier","floor":4},{"not_picked":["Rainbow","Thunder Strike"],"picked":"Buffer","floor":6},{"not_picked":["Thunder Strike","Machine Learning"],"picked":"Core Surge","floor":8},{"not_picked":["Amplify","Electrodynamics"],"picked":"Echo Form","floor":10},{"not_picked":["Auto Shields","Scrape"],"picked":"Beam Cell","floor":11},{"not_picked":["Go for the Eyes","Doom and Gloom","Cold Snap"],"picked":"SKIP","floor":12},{"not_picked":["Fission","Creative AI","Multi-Cast"],"picked":"SKIP","floor":13},{"not_picked":["Turbo","Stack","Gash"],"picked":"SKIP","floor":18},{"not_picked":["Sweeping Beam+1","Barrage","Static Discharge+1"],"picked":"SKIP","floor":21},{"not_picked":["Rebound","Gash"],"picked":"Reinforced Body","floor":22},{"not_picked":["Machine Learning","Rainbow"],"picked":"Seek","floor":23},{"not_picked":["Rip and Tear","Auto Shields+1"],"picked":"Self Repair","floor":24},{"not_picked":["Fission","Reboot","Meteor Strike"],"picked":"SKIP","floor":25},{"not_picked":["Fission","Reboot","Buffer"],"picked":"SKIP","floor":28},{"not_picked":["Compile Driver","Steam+1"],"picked":"Leap","floor":29},{"not_picked":["Fission","Buffer","Meteor Strike"],"picked":"SKIP","floor":31},{"not_picked":["Amplify","Echo Form"],"picked":"Seek","floor":33},{"not_picked":["Genetic Algorithm","Beam Cell+1"],"picked":"BootSequence","floor":34},{"not_picked":["Aggregate","Turbo"],"picked":"Stack+1","floor":35},{"not_picked":["Conserve Battery+1","Steam+1"],"picked":"Stack+1","floor":38},{"not_picked":["Turbo+1","Lockon+1"],"picked":"Hologram+1","floor":39},{"not_picked":["Amplify","Seek","Electrodynamics"],"picked":"SKIP","floor":40},{"not_picked":["Barrage","Turbo"],"picked":"Coolheaded+1","floor":41},{"not_picked":["Seek","Electrodynamics","Buffer"],"picked":"SKIP","floor":42},{"not_picked":["Sweeping Beam+1","Conserve Battery+1","Barrage+1"],"picked":"SKIP","floor":44},{"not_picked":["Rainbow","Creative AI","Buffer"],"picked":"SKIP","floor":45},{"not_picked":["Fission","Rainbow","Electrodynamics"],"picked":"SKIP","floor":47},{"not_picked":["Ball Lightning","Hologram","Conserve Battery+1"],"picked":"SKIP","floor":48}],"player_experience":534294,"relics_obtained":[{"floor":6,"key":"Lantern"},{"floor":8,"key":"Cables"},{"floor":9,"key":"Incense Burner"},{"floor":10,"key":"Gremlin Horn"},{"floor":13,"key":"Sundial"},{"floor":23,"key":"Potion Belt"},{"floor":25,"key":"Anchor"},{"floor":26,"key":"StoneCalendar"},{"floor":27,"key":"Orichalcum"},{"floor":28,"key":"Pantograph"},{"floor":31,"key":"Dead Branch"},{"floor":40,"key":"Strawberry"},{"floor":42,"key":"Oddly Smooth Stone"},{"floor":43,"key":"Darkstone Periapt"},{"floor":45,"key":"The Courier"},{"floor":46,"key":"Matryoshka"},{"floor":47,"key":"Blood Vial"}],"event_choices":[{"event_name":"Scrap Ooze","player_choice":"unsuccessful","floor":2,"damage_taken":0},{"event_name":"Living Wall","player_choice":"Grow","floor":3,"damage_taken":0},{"event_name":"Golden Wing","player_choice":"Gained Gold","floor":14,"damage_taken":0},{"event_name":"Beggar","player_choice":"Gave Gold","floor":20,"damage_taken":0},{"event_name":"Purifier","player_choice":"One Purge","floor":37,"damage_taken":0}],"is_beta":false,"boss_relics":[{"not_picked":["Empty Cage","Runic Pyramid"],"picked":"Runic Dome"},{"not_picked":["Orrery","Sozu"],"picked":"Tiny House"}],"items_purged_floors":[19],"is_endless":false,"potions_floor_spawned":[6,8,12,13,23,25,28,31,33,40,41,44,45,48],"ascension_level":0}