{"gold_per_floor":[111,111,127,127,145,171,182,182,206,356,374,39,39,67,67,143,143,163,163,163,163,163],"floor_reached":22,"playtime":851,"items_purged":["Doubt"],"score":371,"play_id":"c0cc5cb7-0dbe-4698-baa5-3f4e1eea5a43","local_time":"20190508125117","is_ascension_mode":true,"campfire_choices":[{"floor":8,"key":"REST"},{"data":"Footwork","floor":13,"key":"SMITH"},{"floor":15,"key":"REST"}],"neow_cost":"CURSE","seed_source_timestamp":239744161328143,"circlet_count":0,"master_deck":["AscendersBane","Defend_G","Defend_G","Defend_G","Defend_G","Defend_G","Strike_G","Strike_G+1","Strike_G","Strike_G","Strike_G+1","Survivor","Neutralize","Infinite Blades","Footwork+1","Blade Dance","PiercingWail","Deadly Poison","Bane","Footwork","Deadly Poison","Doppelganger","Poisoned Stab","RitualDagger"],"relics":["Ring of the Serpent","Snake Skull","Whetstone","Omamori","Vajra","Pear"],"potions_floor_usage":[3,6,14,18,22],"damage_taken":[{"damage":12,"enemies":"Jaw Worm","floor":1,"turns":6},{"damage":2,"enemies":"Cultist","floor":3,"turns":5},{"damage":0,"enemies":"Small Slimes","floor":5,"turns":4},{"damage":50,"enemies":"Lagavulin","floor":6,"turns":12},{"damage":0,"enemies":"Blue Slaver","floor":7,"turns":6},{"damage":2,"enemies":"2 Fungi Beasts","floor":11,"turns":5},{"damage":13,"enemies":"3 Sentries","floor":14,"turns":9},{"damage":4,"enemies":"The Guardian","floor":16,"turns":9},{"damage":31,"enemies":"2 Thieves","floor":18,"turns":5},{"damage":24,"enemies":"Chosen","floor":22,"turns":4}],"seed_played":"-990994502232194816","potions_obtained":[{"floor":1,"key":"FearPotion"},{"floor":2,"key":"Regen Potion"},{"floor":2,"key":"Fruit Juice"},{"floor":11,"key":"Explosive Potion"},{"floor":14,"key":"Ancient Potion"},{"floor":16,"key":"Explosive Potion"}],"is_trial":false,"path_per_floor":["M","?","M","?","M","E","M","R","T","?","M","$","R","E","R","B",null,"M","?","?","?","M"],"character_chosen":"THE_SILENT","items_purchased":["Omamori","Footwork"],"campfire_rested":2,"item_purchase_floors":[12,12],"current_hp_per_floor":[59,59,62,62,62,27,27,51,51,51,49,49,49,36,60,56,76,45,55,27,21,0],"gold":163,"neow_bonus":"TWENTY_PERCENT_HP_BONUS","is_prod":false,"is_daily":false,"chose_seed":false,"campfire_upgraded":1,"win_rate":0,"timestamp":1557345077,"path_taken":["M","?","?","?","M","E","M","R","T","?","M","$","R","E","R","BOSS","M","?","?","?","?"],"build_version":"2019-01-23","purchased_purges":1,"victory":false,"max_hp_per_floor":[78,78,83,83,83,83,83,83,83,83,83,83,83,83,83,83,83,83,93,98,98,98],"card_choices":[{"not_picked":["Bane","Backflip"],"picked":"Infinite Blades","floor":1},{"not_picked":["Masterful Stab","Cloak And Dagger"],"picked":"Footwork","floor":3},{"not_picked":["Dagger Throw","Flying Knee"],"picked":"Blade Dance","floor":5},{"not_picked":["Caltrops","Masterful Stab"],"picked":"PiercingWail","floor":6},{"not_picked":["Quick Slash","Grand Finale"],"picked":"Deadly Poison","floor":7},{"not_picked":["Sucker Punch","Dagger Throw"],"picked":"Bane","floor":11},{"not_picked":["Flying Knee","Blade Dance"],"picked":"Deadly Poison","floor":14},{"not_picked":["Venomology","Storm of Steel"],"picked":"Doppelganger","floor":16},{"not_picked":["Deflect","PiercingWail"],"picked":"Poisoned Stab","floor":18}],"player_experience":643807,"relics_obtained":[{"floor":6,"key":"Snake Skull"},{"floor":9,"key":"Whetstone"},{"floor":14,"key":"Vajra"}],"event_choices":[{"damage_healed":0,"gold_gain":0,"player_choice":"Got Potions","damage_taken":0,"max_hp_gain":0,"max_hp_loss":0,"event_name":"Lab","floor":2,"gold_loss":0},{"cards_removed":["Shame"],"damage_healed":0,"gold_gain":0,"player_choice":"Forget","damage_taken":0,"max_hp_gain":0,"max_hp_loss":0,"event_name":"Living Wall","floor":4,"gold_loss":0},{"damage_healed":0,"gold_gain":150,"player_choice":"AGREE","damage_taken":0,"max_hp_gain":0,"max_hp_loss":0,"event_name":"Liars Game","floor":10,"gold_loss":0,"cards_obtained":["Doubt"]},{"damage_healed":0,"gold_gain":0,"player_choice":"Opened","damage_taken":0,"relics_obtained":["Pear"],"max_hp_gain":0,"max_hp_loss":0,"event_name":"The Mausoleum","floor":19,"gold_loss":0,"cards_obtained":["Writhe"]},{"damage_healed":0,"gold_gain":0,"player_choice":"Shed Blood","damage_taken":33,"max_hp_gain":5,"max_hp_loss":0,"event_name":"Forgotten Altar","floor":20,"gold_loss":0},{"damage_healed":0,"gold_gain":0,"player_choice":"Joined the Cult","damage_taken":6,"max_hp_gain":0,"max_hp_loss":0,"event_name":"Nest","floor":21,"gold_loss":0,"cards_obtained":["RitualDagger"]}],"is_beta":false,"boss_relics":[{"not_picked":["Eternal Feather","HoveringKite"],"picked":"Ring of the Serpent"}],"items_purged_floors":[12],"is_endless":false,"potions_floor_spawned":[1,11,14,16],"killed_by":"Chosen","ascension_level":16}