{"gold_per_floor":[112,9,9,22,22,51,51,80,106,106,123,157,168,186,186,289,289,302,320,320,340,355,388,388,420,420,10,29,48,48,59,59,59],"floor_reached":33,"playtime":1756,"items_purged":["Strike_B"],"score":521,"play_id":"17bd3e07-bb85-4a1e-b8db-b0637f2364a1","local_time":"20190211183606","is_ascension_mode":true,"campfire_choices":[{"data":"Fission","floor":7,"key":"SMITH"},{"data":"Zap","floor":10,"key":"SMITH"},{"data":"Go for the Eyes","floor":15,"key":"SMITH"},{"floor":30,"key":"REST"},{"data":"Metamorphosis","floor":32,"key":"SMITH"}],"neow_cost":"NONE","seed_source_timestamp":2163293233092483,"circlet_count":0,"master_deck":["Strike_B","Strike_B","Defend_B","Defend_B","Defend_B","Defend_B","Zap+1","Dualcast","BootSequence","Cold Snap","Self Repair","Core Surge","Hologram","Fission+1","Darkness","Sunder","Chill","Go for the Eyes+1","Creative AI","Go for the Eyes+1","Barrage+1","Conserve Battery","Beam Cell","Turbo","Gash","Metamorphosis+1","Leap","Reboot","Gash+1"],"relics":["Cracked Core","NeowsBlessing","PreservedInsect","Potion Belt","Vajra","Strawberry","Runic Pyramid","MutagenicStrength","Shovel","Boot","Letter Opener","Membership Card","Anchor"],"potions_floor_usage":[21,22,22,23,25,28,31,33,33],"damage_taken":[{"damage":0,"enemies":"Cultist","floor":1,"turns":1},{"damage":0,"enemies":"2 Louse","floor":4,"turns":1},{"damage":0,"enemies":"3 Sentries","floor":6,"turns":1},{"damage":8,"enemies":"Gremlin Nob","floor":8,"turns":3},{"damage":2,"enemies":"Small Slimes","floor":11,"turns":3},{"damage":0,"enemies":"Lagavulin","floor":12,"turns":4},{"damage":0,"enemies":"Blue Slaver","floor":13,"turns":2},{"damage":1,"enemies":"2 Fungi Beasts","floor":14,"turns":3},{"damage":35,"enemies":"Hexaghost","floor":16,"turns":13},{"damage":9,"enemies":"Shell Parasite","floor":18,"turns":4},{"damage":11,"enemies":"3 Byrds","floor":19,"turns":7},{"damage":6,"enemies":"Snake Plant","floor":21,"turns":4},{"damage":2,"enemies":"Centurion and Healer","floor":22,"turns":7},{"damage":15,"enemies":"Book of Stabbing","floor":23,"turns":3},{"damage":27,"enemies":"Slavers","floor":25,"turns":4},{"damage":2,"enemies":"3 Cultists","floor":28,"turns":4},{"damage":2,"enemies":"Snake Plant","floor":29,"turns":4},{"damage":10,"enemies":"Centurion and Healer","floor":31,"turns":6},{"damage":57,"enemies":"Automaton","floor":33,"turns":10}],"seed_played":"-8906123256643506247","potions_obtained":[{"floor":6,"key":"Block Potion"},{"floor":8,"key":"SteroidPotion"},{"floor":12,"key":"Fire Potion"},{"floor":16,"key":"FearPotion"},{"floor":21,"key":"Fire Potion"},{"floor":22,"key":"Poison Potion"},{"floor":25,"key":"FocusPotion"},{"floor":29,"key":"GamblersBrew"},{"floor":31,"key":"EssenceOfSteel"}],"is_trial":false,"path_per_floor":["M","$","?","M","?","E","R","E","T","R","M","E","M","M","R","B",null,"M","M","?","M","M","E","?","E","T","$","M","M","R","M","R","B"],"character_chosen":"DEFECT","items_purchased":["Cold Snap","Self Repair","Membership Card","Anchor","Metamorphosis"],"campfire_rested":1,"item_purchase_floors":[2,2,27,27,27],"current_hp_per_floor":[68,68,68,68,68,68,68,67,67,67,72,82,82,82,82,54,75,73,69,69,70,75,67,51,24,24,24,29,34,60,50,50,0],"gold":59,"neow_bonus":"THREE_ENEMY_KILL","is_prod":false,"is_daily":false,"chose_seed":false,"campfire_upgraded":4,"win_rate":0,"timestamp":1549928166,"path_taken":["M","?","?","M","?","E","R","E","T","R","M","E","?","M","R","BOSS","M","M","?","M","M","E","?","E","T","$","M","M","R","M","R","BOSS"],"build_version":"2019-01-23","purchased_purges":1,"victory":false,"max_hp_per_floor":[75,75,75,75,75,75,75,75,75,75,75,82,82,82,82,82,82,82,82,82,82,82,82,87,87,87,87,87,87,87,87,87,87],"card_choices":[{"not_picked":["Ball Lightning","Redo"],"picked":"BootSequence","floor":1},{"not_picked":["Redo","Sweeping Beam"],"picked":"Hologram","floor":4},{"not_picked":["Consume","Turbo"],"picked":"Fission","floor":6},{"not_picked":["Beam Cell","Coolheaded"],"picked":"Darkness","floor":8},{"not_picked":["Storm","Redo"],"picked":"Sunder","floor":11},{"not_picked":["Barrage","Consume"],"picked":"Chill","floor":12},{"not_picked":["Beam Cell","Stack"],"picked":"Go for the Eyes","floor":13},{"not_picked":["Skim","Sweeping Beam","Rip and Tear"],"picked":"SKIP","floor":14},{"not_picked":["Machine Learning","Amplify"],"picked":"Creative AI","floor":16},{"not_picked":["Streamline","Darkness"],"picked":"Go for the Eyes+1","floor":18},{"not_picked":["Ball Lightning","Streamline+1"],"picked":"Barrage+1","floor":19},{"not_picked":["Sweeping Beam","BootSequence"],"picked":"Conserve Battery","floor":21},{"not_picked":["Consume","Thunder Strike"],"picked":"Beam Cell","floor":22},{"not_picked":["Consume","Skim+1"],"picked":"Turbo","floor":23},{"not_picked":["Tempest","Beam Cell"],"picked":"Gash","floor":25},{"not_picked":["Tempest+1","Sweeping Beam+1"],"picked":"Leap","floor":28},{"not_picked":["Coolheaded","Streamline"],"picked":"Reboot","floor":29},{"not_picked":["Hologram","Heatsinks"],"picked":"Gash+1","floor":31}],"player_experience":272362,"relics_obtained":[{"floor":6,"key":"PreservedInsect"},{"floor":8,"key":"Potion Belt"},{"floor":9,"key":"Vajra"},{"floor":12,"key":"Strawberry"},{"floor":23,"key":"Shovel"},{"floor":25,"key":"Boot"},{"floor":26,"key":"Letter Opener"}],"event_choices":[{"damage_healed":0,"gold_gain":0,"cards_transformed":["Strike_B"],"player_choice":"Change","damage_taken":0,"max_hp_gain":0,"max_hp_loss":0,"event_name":"Living Wall","floor":3,"gold_loss":0,"cards_obtained":["Core Surge"]},{"damage_healed":0,"gold_gain":0,"player_choice":"Ignored","damage_taken":0,"max_hp_gain":0,"max_hp_loss":0,"event_name":"WeMeetAgain","floor":5,"gold_loss":0},{"damage_healed":0,"gold_gain":0,"player_choice":"Inject Mutagens","damage_taken":0,"relics_obtained":["MutagenicStrength"],"max_hp_gain":0,"max_hp_loss":0,"event_name":"Drug Dealer","floor":20,"gold_loss":0},{"damage_healed":0,"gold_gain":0,"player_choice":"Shed Blood","damage_taken":21,"max_hp_gain":5,"max_hp_loss":0,"event_name":"Forgotten Altar","floor":24,"gold_loss":0}],"is_beta":false,"boss_relics":[{"not_picked":["Lizard Tail","White Beast Statue"],"picked":"Runic Pyramid"}],"items_purged_floors":[27],"is_endless":false,"potions_floor_spawned":[6,8,12,16,21,22,25,29,31],"killed_by":"Automaton","ascension_level":9}