{"gold_per_floor":[117,137,153,170,170,195,214,50,50,50,76,92,117,136,136,207,207,222,222,222,20,20,20,20,20,20,120,120,135,163,175,175,252,252,267,267],"floor_reached":36,"playtime":1269,"items_purged":["Strike_R"],"score":704,"play_id":"6c22486f-8015-4054-bafa-a848d3f8c6f6","local_time":"20181125204144","is_ascension_mode":true,"campfire_choices":[{"data":"Panacea","floor":10,"key":"SMITH"},{"data":"Flex","floor":15,"key":"SMITH"},{"data":"Whirlwind","floor":23,"key":"SMITH"},{"data":"Blood for Blood","floor":25,"key":"SMITH"},{"data":"Corruption","floor":28,"key":"SMITH"},{"floor":32,"key":"REST"}],"neow_cost":"NONE","seed_source_timestamp":427331504697076,"circlet_count":0,"master_deck":["AscendersBane","Strike_R","Strike_R","Defend_R","Defend_R","Defend_R","Defend_R","Bash","Twin Strike","Metallicize","Dropkick","Flex+1","Blood for Blood+1","Inflame","Twin Strike","Panacea+1","Corruption+1","Thunderclap","Offering","Whirlwind+1","Shame","Writhe","Sentinel","Seeing Red","Headbutt+1","Limit Break"],"relics":["Burning Blood","Pen Nib","Bag of Marbles","Matryoshka","Du-Vu Doll","Regal Pillow","Empty Cage","Mercury Hourglass","Chemical X","Bird Faced Urn","Bottled Lightning","Bottled Tornado","StoneCalendar","Blue Candle","Blood Vial","Mark of Pain"],"potions_floor_usage":[6,6,13,16,16,27,27,33,33],"damage_taken":[{"damage":7,"enemies":"Small Slimes","floor":1,"turns":3},{"damage":7,"enemies":"Jaw Worm","floor":2,"turns":3},{"damage":3,"enemies":"2 Louse","floor":3,"turns":3},{"damage":10,"enemies":"Blue Slaver","floor":4,"turns":4},{"damage":12,"enemies":"Lagavulin","floor":6,"turns":6},{"damage":0,"enemies":"3 Louse","floor":7,"turns":4},{"damage":34,"enemies":"Gremlin Nob","floor":11,"turns":4},{"damage":8,"enemies":"Large Slime","floor":12,"turns":4},{"damage":4,"enemies":"Lagavulin","floor":13,"turns":7},{"damage":12,"enemies":"2 Fungi Beasts","floor":14,"turns":3},{"damage":19,"enemies":"Hexaghost","floor":16,"turns":5},{"damage":17,"enemies":"Chosen","floor":18,"turns":4},{"damage":0,"enemies":"Colosseum Slavers","floor":27,"turns":1},{"damage":9,"enemies":"Colosseum Nobs","floor":27,"turns":3},{"damage":6,"enemies":"Spheric Guardian","floor":29,"turns":1},{"damage":40,"enemies":"Book of Stabbing","floor":30,"turns":4},{"damage":24,"enemies":"Snake Plant","floor":31,"turns":3},{"damage":44,"enemies":"Collector","floor":33,"turns":5},{"damage":47,"enemies":"3 Darklings","floor":35,"turns":3},{"damage":28,"enemies":"2 Orb Walkers","floor":36,"turns":2}],"seed_played":"1770706631886796241","potions_obtained":[{"floor":3,"key":"Block Potion"},{"floor":4,"key":"Fire Potion"},{"floor":11,"key":"Weak Potion"},{"floor":12,"key":"LiquidBronze"},{"floor":14,"key":"Regen Potion"},{"floor":16,"key":"Regen Potion"},{"floor":18,"key":"EssenceOfSteel"},{"floor":29,"key":"SpeedPotion"},{"floor":31,"key":"Explosive Potion"}],"is_trial":false,"path_per_floor":["M","M","M","M","?","E","M","$","T","R","E","M","E","M","R","B",null,"M","?","?","$","?","R","$","R","T","?","R","M","E","M","R","B",null,"M","?"],"character_chosen":"IRONCLAD","items_purchased":["Panacea","Chemical X"],"campfire_rested":1,"item_purchase_floors":[8,21],"current_hp_per_floor":[67,66,69,65,54,48,54,54,54,54,26,24,26,20,20,21,62,51,51,51,51,51,51,51,51,51,58,58,58,28,16,53,21,62,25,0],"gold":267,"neow_bonus":"THREE_CARDS","is_prod":false,"is_daily":false,"chose_seed":false,"campfire_upgraded":5,"win_rate":0,"timestamp":1543196504,"path_taken":["M","M","M","M","?","E","M","$","T","R","E","M","E","M","R","BOSS","M","?","?","$","?","R","$","R","T","?","R","?","E","M","R","BOSS","M","?"],"build_version":"2018-11-15","purchased_purges":1,"victory":false,"max_hp_per_floor":[75,75,75,75,75,75,75,75,75,75,75,75,75,75,75,75,75,75,75,75,75,75,75,75,75,75,75,75,75,75,75,75,75,75,75,75],"card_choices":[{"not_picked":["True Grit","Anger"],"picked":"Twin Strike","floor":0},{"not_picked":["Thunderclap","Sword Boomerang"],"picked":"Metallicize","floor":1},{"not_picked":["True Grit","Sentinel"],"picked":"Dropkick","floor":2},{"not_picked":["Wild Strike","Sentinel"],"picked":"Flex","floor":3},{"not_picked":["Hemokinesis","Anger"],"picked":"Blood for Blood","floor":4},{"not_picked":["Shrug It Off","Ghostly Armor"],"picked":"Inflame","floor":6},{"not_picked":["Combust","Havoc"],"picked":"Twin Strike","floor":7},{"not_picked":["Demon Form","Wild Strike","Burning Pact"],"picked":"SKIP","floor":11},{"not_picked":["Twin Strike","Headbutt","Thunderclap"],"picked":"SKIP","floor":12},{"not_picked":["Dual Wield","Dark Embrace"],"picked":"Corruption","floor":13},{"not_picked":["Wild Strike","Cleave"],"picked":"Thunderclap","floor":14},{"not_picked":["Barricade","Brutality"],"picked":"Offering","floor":16},{"not_picked":["Body Slam","Searing Blow"],"picked":"Whirlwind","floor":18},{"not_picked":["Warcry","Pommel Strike"],"picked":"Sentinel","floor":27},{"not_picked":["Perfected Strike","Thunderclap"],"picked":"Seeing Red","floor":29},{"not_picked":["Disarm","Wild Strike"],"picked":"Headbutt+1","floor":30},{"not_picked":["Thunderclap","Headbutt","Burning Pact"],"picked":"SKIP","floor":31},{"not_picked":["Demon Form","Bludgeon"],"picked":"Limit Break","floor":33},{"not_picked":["Cleave","Perfected Strike+1","Clothesline"],"picked":"SKIP","floor":35}],"player_experience":944613,"relics_obtained":[{"floor":6,"key":"Bag of Marbles"},{"floor":9,"key":"Matryoshka"},{"floor":11,"key":"Du-Vu Doll"},{"floor":13,"key":"Regal Pillow"},{"floor":26,"key":"Bottled Lightning"},{"floor":26,"key":"Bottled Tornado"},{"floor":27,"key":"StoneCalendar"},{"floor":27,"key":"Blue Candle"},{"floor":30,"key":"Blood Vial"}],"event_choices":[{"damage_healed":0,"gold_gain":0,"player_choice":"Success","damage_taken":11,"relics_obtained":["Pen Nib"],"max_hp_gain":0,"max_hp_loss":0,"event_name":"Scrap Ooze","floor":5,"gold_loss":0},{"damage_healed":0,"gold_gain":0,"player_choice":"Stole Relic","damage_taken":0,"relics_obtained":["Mercury Hourglass"],"max_hp_gain":0,"max_hp_loss":0,"event_name":"Addict","floor":19,"gold_loss":0,"cards_obtained":["Shame"]},{"damage_healed":0,"gold_gain":0,"player_choice":"Ignored","damage_taken":0,"max_hp_gain":0,"max_hp_loss":0,"event_name":"Beggar","floor":20,"gold_loss":0},{"damage_healed":0,"gold_gain":0,"player_choice":"Opened","damage_taken":0,"relics_obtained":["Bird Faced Urn"],"max_hp_gain":0,"max_hp_loss":0,"event_name":"The Mausoleum","floor":22,"gold_loss":0,"cards_obtained":["Writhe"]},{"damage_healed":0,"gold_gain":0,"player_choice":"Fight","damage_taken":0,"max_hp_gain":0,"max_hp_loss":0,"event_name":"Colosseum","floor":27,"gold_loss":0},{"damage_healed":0,"gold_gain":0,"player_choice":"Fought Nobs","damage_taken":0,"max_hp_gain":0,"max_hp_loss":0,"event_name":"Colosseum","floor":27,"gold_loss":0},{"damage_healed":0,"gold_gain":0,"player_choice":"Fight","damage_taken":0,"max_hp_gain":0,"max_hp_loss":0,"event_name":"Mysterious Sphere","floor":36,"gold_loss":0}],"is_beta":false,"boss_relics":[{"not_picked":["Busted Crown","Coffee Dripper"],"picked":"Empty Cage"},{"not_picked":["Velvet Choker","Calling Bell"],"picked":"Mark of Pain"}],"items_purged_floors":[8],"is_endless":false,"potions_floor_spawned":[3,4,11,12,14,16,18,27,29,31],"killed_by":"2 Orb Walkers","ascension_level":15}