{"gold_per_floor":[111,111,125,142,317,332,367,367,367,367,377,327,327,327],"floor_reached":14,"playtime":342,"items_purged":[],"score":140,"play_id":"cf0ef131-8f4c-4228-8a0f-3618edca7787","local_time":"20190219114010","is_ascension_mode":true,"campfire_choices":[{"floor":10,"key":"REST"},{"data":"Zap","floor":13,"key":"SMITH"}],"neow_cost":"NONE","seed_source_timestamp":559247412941930,"circlet_count":0,"master_deck":["AscendersBane","Strike_B","Strike_B","Strike_B","Defend_B","Defend_B","Defend_B","Defend_B","Zap+1","Dualcast","Turbo","Genetic Algorithm","Leap","Doubt","Coolheaded","BootSequence","Steam"],"relics":["Cracked Core","NeowsBlessing","Mummified Hand","Shovel","Matryoshka","Bronze Scales","Pocketwatch"],"potions_floor_usage":[6,7],"damage_taken":[{"damage":0,"enemies":"Jaw Worm","floor":1,"turns":1},{"damage":0,"enemies":"Cultist","floor":3,"turns":1},{"damage":0,"enemies":"Small Slimes","floor":4,"turns":1},{"damage":0,"enemies":"3 Louse","floor":6,"turns":4},{"damage":43,"enemies":"Lagavulin","floor":7,"turns":11},{"damage":2,"enemies":"Looter","floor":11,"turns":4},{"damage":54,"enemies":"Gremlin Nob","floor":14,"turns":5}],"seed_played":"-6786892149732081256","potions_obtained":[{"floor":1,"key":"EssenceOfSteel"},{"floor":4,"key":"Swift Potion"},{"floor":6,"key":"GamblersBrew"}],"is_trial":false,"path_per_floor":["M","?","M","M","?","M","E","?","T","R","M","?","R","E"],"character_chosen":"DEFECT","items_purchased":[],"campfire_rested":1,"item_purchase_floors":[],"current_hp_per_floor":[68,68,68,68,68,68,25,25,25,47,45,45,45,0],"gold":327,"neow_bonus":"THREE_ENEMY_KILL","is_prod":false,"is_daily":false,"chose_seed":false,"campfire_upgraded":1,"win_rate":0,"timestamp":1550594410,"path_taken":["M","?","M","?","?","M","E","?","T","R","M","?","R","E"],"build_version":"2019-01-23","purchased_purges":0,"victory":false,"max_hp_per_floor":[75,75,75,75,75,75,75,75,75,75,75,75,75,75],"card_choices":[{"not_picked":["Melter","Force Field"],"picked":"Turbo","floor":1},{"not_picked":["Leap","Gash"],"picked":"Genetic Algorithm","floor":3},{"not_picked":["Streamline","Skim"],"picked":"Leap","floor":4},{"not_picked":["Redo","Rebound"],"picked":"Coolheaded","floor":6},{"not_picked":["Hologram","Redo"],"picked":"BootSequence","floor":7},{"not_picked":["Compile Driver","Beam Cell"],"picked":"Steam","floor":11}],"player_experience":312304,"relics_obtained":[{"floor":7,"key":"Shovel"},{"floor":9,"key":"Bronze Scales"},{"floor":9,"key":"Pocketwatch"}],"event_choices":[{"damage_healed":0,"gold_gain":0,"player_choice":"Gave Potion","damage_taken":0,"relics_obtained":["Mummified Hand"],"max_hp_gain":0,"max_hp_loss":0,"event_name":"WeMeetAgain","floor":2,"gold_loss":0},{"damage_healed":0,"gold_gain":175,"player_choice":"AGREE","damage_taken":0,"max_hp_gain":0,"max_hp_loss":0,"event_name":"Liars Game","floor":5,"gold_loss":0,"cards_obtained":["Doubt"]},{"damage_healed":0,"gold_gain":0,"player_choice":"Searched \u00271\u0027 times","damage_taken":0,"relics_obtained":["Matryoshka"],"max_hp_gain":0,"max_hp_loss":0,"event_name":"Dead Adventurer","floor":8,"gold_loss":0},{"damage_healed":0,"gold_gain":0,"player_choice":"Searched \u00271\u0027 times","damage_taken":0,"relics_obtained":["Matryoshka"],"max_hp_gain":0,"max_hp_loss":0,"event_name":"Dead Adventurer","floor":8,"gold_loss":0},{"cards_removed":["Strike_B"],"damage_healed":0,"gold_gain":0,"player_choice":"Card Removal","damage_taken":0,"max_hp_gain":0,"max_hp_loss":0,"event_name":"The Cleric","floor":12,"gold_loss":50}],"is_beta":false,"boss_relics":[],"items_purged_floors":[],"is_endless":false,"potions_floor_spawned":[1,4,6],"killed_by":"Gremlin Nob","ascension_level":11}