{"gold_per_floor":[215,233,251,9,9,9,36,36,59,91,91,117,151,6,6,106,106,125,139,139,139,157,157],"floor_reached":23,"playtime":2232,"items_purged":["Defend_R","Defend_R"],"score":363,"play_id":"bf72f1e6-fd9f-41cc-b72d-d27f3d449bc9","local_time":"20190523202958","is_ascension_mode":true,"campfire_choices":[{"data":"Flame Barrier","floor":6,"key":"SMITH"},{"data":"Ghostly Armor","floor":8,"key":"SMITH"},{"data":"Feed","floor":11,"key":"SMITH"},{"floor":15,"key":"REST"}],"neow_cost":"NONE","seed_source_timestamp":0,"circlet_count":0,"master_deck":["Strike_R","Strike_R","Strike_R","Strike_R","Defend_R","Defend_R","Bash","Ghostly Armor+1","Flame Barrier+1","Master of Strategy","Feed+1","Shrug It Off+1","Rampage","Shrug It Off+1","Shrug It Off+1","Reaper"],"special_seed":0,"relics":["Burning Blood","Bag of Preparation","Vajra","Toxic Egg 2","Odd Mushroom","Dream Catcher","Velvet Choker","MutagenicStrength"],"potions_floor_usage":[10,10,16,23],"damage_taken":[{"damage":6,"enemies":"Cultist","floor":1,"turns":3},{"damage":4,"enemies":"Jaw Worm","floor":2,"turns":5},{"damage":3,"enemies":"Small Slimes","floor":3,"turns":6},{"damage":39,"enemies":"3 Sentries","floor":7,"turns":14},{"damage":8,"enemies":"Gremlin Nob","floor":10,"turns":5},{"damage":0,"enemies":"The Mushroom Lair","floor":12,"turns":7},{"damage":26,"enemies":"3 Sentries","floor":13,"turns":15},{"damage":52,"enemies":"Hexaghost","floor":16,"turns":12},{"damage":0,"enemies":"Chosen","floor":18,"turns":5},{"damage":6,"enemies":"Shell Parasite","floor":19,"turns":8},{"damage":9,"enemies":"Snecko","floor":22,"turns":6},{"damage":109,"enemies":"Gremlin Leader","floor":23,"turns":11}],"seed_played":"4361709421982663439","potions_obtained":[{"floor":1,"key":"Energy Potion"},{"floor":3,"key":"SkillPotion"},{"floor":12,"key":"Poison Potion"},{"floor":19,"key":"Fruit Juice"}],"is_trial":false,"path_per_floor":["M","M","M","$","?","R","E","R","T","E","R","?","E","$","R","B",null,"M","M","?","?","M","E"],"character_chosen":"IRONCLAD","items_purchased":["Master of Strategy","Shrug It Off+1"],"campfire_rested":1,"item_purchase_floors":[4,14],"current_hp_per_floor":[80,80,80,80,80,80,47,47,47,45,45,55,39,39,65,19,88,92,92,92,74,83,0],"gold":157,"neow_bonus":"HUNDRED_GOLD","is_prod":false,"is_daily":false,"chose_seed":false,"campfire_upgraded":3,"win_rate":0,"timestamp":1558639798,"path_taken":["M","?","M","$","?","R","E","R","T","E","R","?","E","$","R","BOSS","M","M","?","?","M","E"],"build_version":"2019-01-23","purchased_purges":2,"victory":false,"max_hp_per_floor":[80,80,80,80,80,80,80,80,80,80,80,84,88,88,88,88,88,92,92,92,97,101,106],"card_choices":[{"not_picked":["Pummel","Carnage"],"picked":"Ghostly Armor","floor":1},{"not_picked":["Perfected Strike","Combust"],"picked":"Flame Barrier","floor":2},{"not_picked":["Carnage","Heavy Blade","Clothesline"],"picked":"SKIP","floor":3},{"not_picked":["Perfected Strike","Infernal Blade","Havoc"],"picked":"SKIP","floor":7},{"not_picked":["Clothesline","Shrug It Off"],"picked":"Feed","floor":10},{"not_picked":["Flex+1","Sword Boomerang"],"picked":"Shrug It Off+1","floor":12},{"not_picked":["Perfected Strike","Dropkick"],"picked":"Rampage","floor":13},{"not_picked":["Sword Boomerang","Warcry+1"],"picked":"Shrug It Off+1","floor":15},{"not_picked":["Fiend Fire","Feed"],"picked":"Reaper","floor":16},{"not_picked":["Clothesline+1","True Grit+1","Intimidate+1"],"picked":"SKIP","floor":18},{"not_picked":["Pommel Strike+1","Flex+1","Havoc+1"],"picked":"SKIP","floor":19},{"not_picked":["Power Through+1","Anger","Armaments+1"],"picked":"SKIP","floor":22}],"player_experience":539311,"relics_obtained":[{"floor":7,"key":"Bag of Preparation"},{"floor":9,"key":"Vajra"},{"floor":10,"key":"Toxic Egg 2"},{"floor":12,"key":"Odd Mushroom"},{"floor":13,"key":"Dream Catcher"}],"event_choices":[{"cards_removed":["Strike_R"],"damage_healed":0,"gold_gain":0,"player_choice":"Forget","damage_taken":0,"max_hp_gain":0,"max_hp_loss":0,"event_name":"Living Wall","floor":5,"gold_loss":0},{"damage_healed":0,"gold_gain":0,"player_choice":"Fought Mushrooms","damage_taken":0,"max_hp_gain":0,"max_hp_loss":0,"event_name":"Mushrooms","floor":12,"gold_loss":0},{"damage_healed":0,"gold_gain":0,"player_choice":"Inject Mutagens","damage_taken":0,"relics_obtained":["MutagenicStrength"],"max_hp_gain":0,"max_hp_loss":0,"event_name":"Drug Dealer","floor":20,"gold_loss":0},{"damage_healed":0,"gold_gain":0,"player_choice":"Shed Blood","damage_taken":23,"max_hp_gain":5,"max_hp_loss":0,"event_name":"Forgotten Altar","floor":21,"gold_loss":0}],"is_beta":false,"boss_relics":[{"not_picked":["Runic Dome","Eternal Feather"],"picked":"Velvet Choker"}],"items_purged_floors":[4,14],"is_endless":false,"potions_floor_spawned":[1,3,12,19],"killed_by":"Gremlin Leader","ascension_level":2}