{"gold_per_floor":[111,161,177,190,204,204,235,254,254,254,254,107,107,107,107,107],"floor_reached":16,"playtime":453,"items_purged":[],"score":195,"play_id":"b5946a02-7937-4738-b76b-83d545ce44ad","local_time":"20181018210802","is_ascension_mode":true,"campfire_choices":[{"data":"Neutralize","floor":6,"key":"SMITH"},{"data":"Footwork","floor":15,"key":"SMITH"}],"neow_cost":"NONE","seed_source_timestamp":780744670447556,"circlet_count":0,"master_deck":["Defend_G","Defend_G","Defend_G","Defend_G","Defend_G","Strike_G","Strike_G","Strike_G","Strike_G","Strike_G","Survivor","Neutralize+1","AscendersBane","Quick Slash","Poisoned Stab","Backflip","Footwork+1","Dagger Spray","Well Laid Plans","Good Instincts","Parasite"],"relics":["Ring of the Snake","Centennial Puzzle","Blue Candle","Lantern"],"potions_floor_usage":[7,7,16],"damage_taken":[{"damage":4,"enemies":"2 Louse","floor":1,"turns":4},{"damage":6,"enemies":"Cultist","floor":3,"turns":3},{"damage":9,"enemies":"Jaw Worm","floor":4,"turns":5},{"damage":8,"enemies":"Red Slaver","floor":5,"turns":4},{"damage":6,"enemies":"Gremlin Nob","floor":7,"turns":3},{"damage":8,"enemies":"Looter","floor":8,"turns":4},{"damage":34,"enemies":"Slime Boss","floor":16,"turns":6}],"seed_played":"-3437125453076054194","potions_obtained":[{"floor":0,"key":"Fire Potion"},{"floor":0,"key":"Poison Potion"},{"floor":7,"key":"Explosive Potion"}],"is_trial":false,"path_per_floor":["M","?","M","M","M","R","E","M","T","?","?","$","?","T","R"],"character_chosen":"THE_SILENT","items_purchased":["Good Instincts","Weak Potion"],"campfire_rested":0,"item_purchase_floors":[12,12],"current_hp_per_floor":[55,55,49,40,32,32,26,18,18,18,18,18,34,34,34,0],"gold":107,"neow_bonus":"THREE_SMALL_POTIONS","is_prod":false,"is_daily":false,"chose_seed":false,"campfire_upgraded":2,"win_rate":0,"timestamp":1539911282,"path_taken":["M","?","M","M","M","R","E","M","T","?","?","$","?","?","R","BOSS"],"build_version":"2018-10-18","purchased_purges":0,"victory":false,"max_hp_per_floor":[66,66,66,66,66,66,66,66,66,66,66,66,66,66,66,66],"card_choices":[{"not_picked":["Bane","Terror"],"picked":"Quick Slash","floor":1},{"not_picked":["Outmaneuver","Choke"],"picked":"Poisoned Stab","floor":3},{"not_picked":["Acrobatics","Blade Dance"],"picked":"Backflip","floor":4},{"not_picked":["All Out Attack","Poisoned Stab"],"picked":"Footwork","floor":5},{"not_picked":["Poisoned Stab","PiercingWail"],"picked":"Dagger Spray","floor":7},{"not_picked":["Prepared","Calculated Gamble"],"picked":"Well Laid Plans","floor":8}],"player_experience":769310,"relics_obtained":[{"floor":7,"key":"Centennial Puzzle"},{"floor":9,"key":"Blue Candle"},{"floor":14,"key":"Lantern"}],"event_choices":[{"damage_healed":0,"gold_gain":100,"player_choice":"Pray","damage_taken":0,"max_hp_gain":0,"max_hp_loss":0,"event_name":"Golden Shrine","floor":2,"gold_loss":0},{"damage_healed":0,"gold_gain":0,"player_choice":"Fled","damage_taken":0,"max_hp_gain":0,"max_hp_loss":0,"event_name":"Scrap Ooze","floor":10,"gold_loss":0},{"damage_healed":0,"gold_gain":0,"player_choice":"Ignored","damage_taken":0,"max_hp_gain":0,"max_hp_loss":0,"event_name":"Golden Wing","floor":11,"gold_loss":0},{"damage_healed":16,"gold_gain":0,"player_choice":"Healed and dodged fight","damage_taken":0,"max_hp_gain":0,"max_hp_loss":0,"event_name":"Mushrooms","floor":13,"gold_loss":0,"cards_obtained":["Parasite"]}],"is_beta":false,"boss_relics":[],"items_purged_floors":[],"is_endless":false,"potions_floor_spawned":[3,5,7],"killed_by":"Slime Boss","ascension_level":19}