{"gold_per_floor":[113,123,123,123,143,143,171,17,17,17,30,58,75,95,95,193,193,206,225,25,45,45,45,45,60,85,85,98,116,116,128,128,230,230,247,247,119,135,135,135,155,155,455,469,484,484],"floor_reached":46,"playtime":2034,"items_purged":["Strike_R","Dropkick"],"score":698,"play_id":"de6054ed-49ac-4933-9d4c-a133445bb04b","local_time":"20180710221935","is_ascension_mode":true,"campfire_choices":[{"data":"Fire Breathing","floor":6.0,"key":"SMITH"},{"floor":10.0,"key":"REST"},{"data":"Infernal Blade","floor":15.0,"key":"SMITH"},{"data":"Brutality","floor":23.0,"key":"SMITH"},{"floor":27.0,"key":"REST"},{"data":"Anger","floor":30.0,"key":"SMITH"},{"floor":32.0,"key":"REST"},{"floor":40.0,"key":"REST"},{"data":"Madness","floor":42.0,"key":"SMITH"}],"neow_cost":"TEN_PERCENT_HP_LOSS","seed_source_timestamp":2135067568971,"circlet_count":0,"master_deck":["Defend_R","Defend_R","Defend_R","Defend_R","AscendersBane","Fire Breathing+1","Pommel Strike+1","Anger+1","Corruption","Flex","Infernal Blade+1","Feel No Pain","Brutality+1","Rupture","Demon Form","Armaments+1","Shrug It Off","Evolve","Twin Strike+1","Body Slam+1","Clash+1","Flex+1","Madness","Madness+1","Sentinel","Rupture","Sentinel","Seeing Red+1"],"special_seed":0,"relics":["Burning Blood","Regal Pillow","Unceasing Top","Smiling Mask","Mummified Hand","Black Star","TheAbacus","Vajra","Astrolabe","Old Coin"],"potions_floor_usage":[],"damage_taken":[{"damage":9.0,"enemies":"2 Louse","floor":1.0,"turns":3.0},{"damage":23.0,"enemies":"Small Slimes","floor":2.0,"turns":4.0},{"damage":4.0,"enemies":"Jaw Worm","floor":5.0,"turns":4.0},{"damage":17.0,"enemies":"3 Sentries","floor":7.0,"turns":6.0},{"damage":17.0,"enemies":"Large Slime","floor":11.0,"turns":6.0},{"damage":25.0,"enemies":"Lagavulin","floor":12.0,"turns":6.0},{"damage":3.0,"enemies":"3 Louse","floor":13.0,"turns":3.0},{"damage":13.0,"enemies":"Blue Slaver","floor":14.0,"turns":3.0},{"damage":22.0,"enemies":"Slime Boss","floor":16.0,"turns":6.0},{"damage":31.0,"enemies":"2 Thieves","floor":18.0,"turns":5.0},{"damage":21.0,"enemies":"Spheric Guardian","floor":19.0,"turns":4.0},{"damage":18.0,"enemies":"Snake Plant","floor":21.0,"turns":4.0},{"damage":4.0,"enemies":"3 Cultists","floor":25.0,"turns":4.0},{"damage":6.0,"enemies":"Snecko","floor":28.0,"turns":3.0},{"damage":35.0,"enemies":"Snake Plant","floor":29.0,"turns":3.0},{"damage":21.0,"enemies":"Centurion and Healer","floor":31.0,"turns":5.0},{"damage":26.0,"enemies":"Champ","floor":33.0,"turns":7.0},{"damage":21.0,"enemies":"Orb Walker","floor":35.0,"turns":3.0},{"damage":23.0,"enemies":"3 Darklings","floor":38.0,"turns":4.0},{"damage":33.0,"enemies":"4 Shapes","floor":41.0,"turns":4.0},{"damage":2.0,"enemies":"Sphere and 2 Shapes","floor":44.0,"turns":3.0},{"damage":38.0,"enemies":"3 Darklings","floor":45.0,"turns":4.0},{"damage":10,"enemies":"4 Shapes","floor":46,"turns":1}],"seed_played":"-5224636168472258193","potions_obtained":[{"floor":5.0,"key":"Explosive Potion"},{"floor":12.0,"key":"SteroidPotion"},{"floor":13.0,"key":"FearPotion"},{"floor":14.0,"key":"Regen Potion"},{"floor":21.0,"key":"SkillPotion"},{"floor":25.0,"key":"EssenceOfSteel"},{"floor":28.0,"key":"Regen Potion"},{"floor":41.0,"key":"Block Potion"},{"floor":45.0,"key":"Dexterity Potion"}],"is_trial":false,"path_per_floor":["M","M","?","?","M","R","E","$","T","R","M","E","M","M","R","B",null,"M","M","$","M","?","R","?","M","T","R","M","M","R","M","R","B",null,"M","?","$","M","?","R","M","R","T","M","M"],"character_chosen":"IRONCLAD","items_purchased":["Corruption","TheAbacus","Sentinel"],"campfire_rested":4,"item_purchase_floors":[8,20,37],"current_hp_per_floor":[69,52,52,34,36,36,25,25,25,61,50,31,34,27,27,26,61,36,21,21,9,33,33,20,22,22,60,60,40,40,25,63,43,69,54,44,44,27,27,65,38,38,38,42,10,0],"gold":484,"neow_bonus":"REMOVE_TWO","is_prod":false,"is_daily":false,"chose_seed":false,"campfire_upgraded":5,"win_rate":0,"timestamp":1531275575,"path_taken":["M","M","?","?","M","R","E","$","T","R","M","E","M","?","R","BOSS","M","M","?","M","?","R","?","M","T","R","M","?","R","M","R","BOSS","M","?","$","M","?","R","M","R","T","?","?","?"],"build_version":"2018-07-05","purchased_purges":2,"victory":false,"max_hp_per_floor":[72,72,72,72,72,72,72,72,72,72,72,72,72,72,72,72,72,72,72,72,72,72,72,77,77,77,77,77,77,77,77,77,77,77,77,77,77,77,77,77,77,77,77,77,77,77],"card_choices":[{"not_picked":["Cleave","Perfected Strike"],"picked":"Fire Breathing","floor":1.0},{"not_picked":["Cleave","Spot Weakness"],"picked":"Pommel Strike","floor":2.0},{"not_picked":["Wild Strike","Heavy Blade","Hemokinesis"],"picked":"SKIP","floor":5.0},{"not_picked":["Warcry","Shockwave"],"picked":"Anger","floor":7.0},{"not_picked":["Wild Strike","Pommel Strike"],"picked":"Dropkick","floor":11.0},{"not_picked":["Headbutt","Reckless Charge"],"picked":"Flex","floor":12.0},{"not_picked":["Immolate","Spot Weakness"],"picked":"Infernal Blade","floor":13.0},{"not_picked":["True Grit","Cleave"],"picked":"Feel No Pain","floor":14.0},{"not_picked":["Barricade","Bludgeon"],"picked":"Brutality","floor":16.0},{"not_picked":["Heavy Blade","Body Slam","Iron Wave"],"picked":"SKIP","floor":18.0},{"not_picked":["Pommel Strike","Perfected Strike"],"picked":"Rupture","floor":19.0},{"not_picked":["Pommel Strike","Heavy Blade+1","Rampage"],"picked":"SKIP","floor":21.0},{"not_picked":["Clothesline+1","Twin Strike+1"],"picked":"Demon Form","floor":25.0},{"not_picked":["Havoc","Carnage"],"picked":"Armaments+1","floor":28.0},{"not_picked":["Headbutt","Perfected Strike"],"picked":"Shrug It Off","floor":29.0},{"not_picked":["Cleave","Spot Weakness"],"picked":"Evolve","floor":31.0},{"not_picked":["Burning Pact+1","Heavy Blade"],"picked":"Flex+1","floor":35.0},{"not_picked":["Flame Barrier","Intimidate"],"picked":"Rupture","floor":38.0},{"not_picked":["Thunderclap","Searing Blow+1","Perfected Strike"],"picked":"SKIP","floor":41.0},{"not_picked":["Flex","Blood for Blood+1","Iron Wave"],"picked":"SKIP","floor":44.0},{"not_picked":["Wild Strike","Armaments"],"picked":"Seeing Red+1","floor":45.0}],"player_experience":430040,"relics_obtained":[{"floor":7.0,"key":"Unceasing Top"},{"floor":9.0,"key":"Smiling Mask"},{"floor":12.0,"key":"Mummified Hand"},{"floor":26.0,"key":"Vajra"},{"floor":43.0,"key":"Old Coin"}],"event_choices":[{"event_name":"Living Wall","player_choice":"Grow","floor":3.0,"damage_taken":0.0},{"event_name":"Scrap Ooze","player_choice":"success","floor":4.0,"damage_taken":18.0},{"event_name":"The Library","player_choice":"Heal","floor":22.0,"damage_taken":0.0},{"event_name":"Forgotten Altar","player_choice":"Shed Blood","floor":24.0,"damage_taken":0.0},{"event_name":"Winding Halls","player_choice":"Embrace Madness","floor":36.0,"damage_taken":0.0},{"event_name":"Duplicator","player_choice":"One dupe","floor":39.0,"damage_taken":0.0}],"boss_relics":[{"not_picked":["Philosopher\u0027s Stone","Snecko Eye"],"picked":"Black Star"},{"not_picked":["Runic Dome","Runic Cube"],"picked":"Astrolabe"}],"items_purged_floors":[8,37],"is_endless":false,"potions_floor_spawned":[5,12,13,14,21,25,28,41,45],"killed_by":"4 Shapes","ascension_level":12}