{"gold_per_floor":[10,27,27,27,27,27,44,44,44,194,63,79,79,93,93,165,165,185,204,204,46,46,76,76,92,92,92,112,144,144,158,158,158],"floor_reached":33,"playtime":1571,"items_purged":["Doubt"],"score":561,"play_id":"449d1852-60e0-456a-a1b3-39a1fc15217a","local_time":"20181020235903","is_ascension_mode":true,"campfire_choices":[{"data":"Neutralize","floor":6.0,"key":"SMITH"},{"data":"Footwork","floor":8.0,"key":"SMITH"},{"data":"Flechettes","floor":13.0,"key":"SMITH"},{"data":"Backflip","floor":15.0,"key":"SMITH"},{"floor":24.0,"key":"REST"},{"data":"Outmaneuver","floor":27.0,"key":"SMITH"},{"data":"A Thousand Cuts","floor":30,"key":"SMITH"},{"data":"Ghostly","floor":32,"key":"SMITH"}],"neow_cost":"NO_GOLD","seed_source_timestamp":0,"circlet_count":0,"master_deck":["Defend_G","Defend_G","Defend_G","Defend_G","Defend_G","Strike_G","Strike_G+1","Strike_G","Strike_G+1","Strike_G","Survivor","Neutralize+1","AscendersBane","Dagger Spray","Footwork+1","Predator","Deflect","Flechettes+1","Backflip+1","A Thousand Cuts+1","Deadly Poison+1","Slice","Ghostly+1","Ghostly","Ghostly","Ghostly","Ghostly","Decay","Outmaneuver+1","Flying Knee","Dodge and Roll+1"],"special_seed":0,"relics":["Ring of the Snake","Nunchaku","Turnip","Runic Pyramid","Vajra","Blood Vial","Meat on the Bone","Pear"],"potions_floor_usage":[29],"damage_taken":[{"damage":11.0,"enemies":"Cultist","floor":1.0,"turns":5.0},{"damage":4.0,"enemies":"Jaw Worm","floor":2.0,"turns":5.0},{"damage":0.0,"enemies":"2 Louse","floor":7.0,"turns":2.0},{"damage":1.0,"enemies":"Large Slime","floor":12.0,"turns":7.0},{"damage":1.0,"enemies":"2 Fungi Beasts","floor":14.0,"turns":2.0},{"damage":49.0,"enemies":"Hexaghost","floor":16.0,"turns":16.0},{"damage":0.0,"enemies":"Spheric Guardian","floor":18.0,"turns":4.0},{"damage":24.0,"enemies":"Chosen","floor":19.0,"turns":6.0},{"damage":19.0,"enemies":"Slavers","floor":23.0,"turns":8.0},{"damage":7.0,"enemies":"Shelled Parasite and Fungi","floor":25.0,"turns":7.0},{"damage":14.0,"enemies":"Sentry and Sphere","floor":28.0,"turns":8.0},{"damage":4,"enemies":"Book of Stabbing","floor":29,"turns":6},{"damage":18,"enemies":"3 Cultists","floor":31,"turns":6},{"damage":48,"enemies":"Automaton","floor":33,"turns":12}],"seed_played":"6222575904623824752","potions_obtained":[{"floor":7.0,"key":"Regen Potion"},{"floor":14.0,"key":"FearPotion"},{"floor":16.0,"key":"FearPotion"},{"floor":18.0,"key":"SkillPotion"},{"floor":23.0,"key":"Swift Potion"}],"is_trial":false,"path_per_floor":["M","M","?","?","?","R","M","R","T","?","$","M","R","M","R","B",null,"M","M","?","$","?","E","R","M","T","R","M","E","R","M","R"],"character_chosen":"THE_SILENT","items_purchased":["Deflect","Vajra"],"campfire_rested":1,"item_purchase_floors":[11,21],"current_hp_per_floor":[48,44,24,24,46,46,46,46,46,46,46,60,60,59,59,10,52,52,28,28,28,28,9,18,13,13,13,13,33,33,29,29,0],"gold":158,"neow_bonus":"ONE_RARE_RELIC","is_prod":false,"is_daily":false,"chose_seed":false,"campfire_upgraded":7,"win_rate":0,"timestamp":1540094343,"path_taken":["M","M","?","?","?","R","?","R","T","?","$","?","R","M","R","BOSS","M","M","?","$","?","E","R","M","T","R","M","E","R","M","R","BOSS"],"build_version":"2018-10-18","purchased_purges":1,"victory":false,"max_hp_per_floor":[66,66,66,66,66,66,66,66,66,66,66,66,66,66,66,66,66,66,66,33,33,33,33,33,33,33,33,33,43,43,43,43,43],"card_choices":[{"not_picked":["Riddle With Holes","PiercingWail"],"picked":"Dagger Spray","floor":1.0},{"not_picked":["Dodge and Roll","Sucker Punch"],"picked":"Footwork","floor":2.0},{"not_picked":["Poisoned Stab","Bouncing Flask"],"picked":"Predator","floor":7.0},{"not_picked":["Acrobatics","Quick Slash"],"picked":"Flechettes","floor":12.0},{"not_picked":["Deflect","Leg Sweep"],"picked":"Backflip","floor":14.0},{"not_picked":["Night Terror","Adrenaline"],"picked":"A Thousand Cuts","floor":16.0},{"not_picked":["Prepared","Bane"],"picked":"Deadly Poison+1","floor":18.0},{"not_picked":["Expertise","PiercingWail"],"picked":"Slice","floor":19.0},{"not_picked":["Night Terror","Skewer+1","Quick Slash"],"picked":"SKIP","floor":23.0},{"not_picked":["Well Laid Plans","Sucker Punch"],"picked":"Outmaneuver","floor":25.0},{"not_picked":["Dash","Blade Dance"],"picked":"Flying Knee","floor":28.0},{"not_picked":["Heel Hook","Deadly Poison","Bane"],"picked":"SKIP","floor":29},{"not_picked":["Poisoned Stab","PiercingWail"],"picked":"Dodge and Roll+1","floor":31}],"player_experience":778200,"relics_obtained":[{"floor":9.0,"key":"Turnip"},{"floor":23.0,"key":"Blood Vial"},{"floor":26.0,"key":"Meat on the Bone"},{"floor":29,"key":"Pear"}],"event_choices":[{"damage_healed":0.0,"max_hp_gain":0.0,"max_hp_loss":0.0,"gold_gain":0.0,"event_name":"Shining Light","player_choice":"Entered Light","floor":3.0,"gold_loss":0.0,"damage_taken":20.0,"cards_upgraded":["Strike_G","Strike_G"]},{"damage_healed":0.0,"max_hp_gain":0.0,"max_hp_loss":0.0,"gold_gain":0.0,"event_name":"Scrap Ooze","player_choice":"Fled","floor":4.0,"gold_loss":0.0,"damage_taken":0.0},{"damage_healed":22.0,"max_hp_gain":0.0,"max_hp_loss":0.0,"gold_gain":0.0,"event_name":"Big Fish","player_choice":"Banana","floor":5.0,"gold_loss":0.0,"damage_taken":0.0},{"damage_healed":0.0,"max_hp_gain":0.0,"max_hp_loss":0.0,"gold_gain":150.0,"event_name":"Liars Game","player_choice":"AGREE","floor":10.0,"gold_loss":0.0,"damage_taken":0.0,"cards_obtained":["Doubt"]},{"damage_healed":0.0,"max_hp_gain":0.0,"max_hp_loss":33.0,"gold_gain":0.0,"event_name":"Ghosts","player_choice":"Became a Ghost","floor":20.0,"gold_loss":0.0,"damage_taken":0.0,"cards_obtained":["Ghostly","Ghostly","Ghostly","Ghostly","Ghostly"]},{"damage_healed":0.0,"max_hp_gain":0.0,"max_hp_loss":0.0,"gold_gain":0.0,"event_name":"Forgotten Altar","player_choice":"Smashed Altar","floor":22.0,"gold_loss":0.0,"damage_taken":0.0,"cards_obtained":["Decay"]}],"is_beta":false,"boss_relics":[{"not_picked":["White Beast Statue","Astrolabe"],"picked":"Runic Pyramid"}],"items_purged_floors":[11],"is_endless":false,"potions_floor_spawned":[7,14,16,18,23,25],"killed_by":"Automaton","ascension_level":19}