{"gold_per_floor":[110,127,60,60,75,75,108,108,132,132,132,164,184,210,210,310,310,327,353,353],"floor_reached":20,"playtime":2353,"items_purged":[],"score":215,"play_id":"ce5e1960-3ef7-4c85-80c3-03930535b329","local_time":"20181016212259","is_ascension_mode":false,"campfire_choices":[{"data":"Burst","floor":6,"key":"SMITH"},{"floor":8,"key":"REST"},{"data":"A Thousand Cuts","floor":10,"key":"SMITH"},{"floor":15,"key":"REST"}],"neow_cost":"","seed_source_timestamp":416437613065404,"circlet_count":0,"master_deck":["Defend_G","Defend_G","Defend_G","Defend_G","Defend_G","Strike_G","Strike_G","Strike_G","Strike_G","Strike_G","Survivor","Neutralize","Dagger Spray+1","Flying Knee","A Thousand Cuts+1","Burst+1","Backflip","Noxious Fumes","Poisoned Stab","Underhanded Strike","Night Terror","Dagger Throw","Dash"],"relics":["Ring of the Snake","Pen Nib","Bag of Marbles","Mango","Eternal Feather","Red Mask"],"potions_floor_usage":[14,19],"damage_taken":[{"damage":3,"enemies":"Jaw Worm","floor":1,"turns":5},{"damage":0,"enemies":"Small Slimes","floor":2,"turns":5},{"damage":9,"enemies":"Cultist","floor":5,"turns":4},{"damage":18,"enemies":"3 Sentries","floor":7,"turns":6},{"damage":22,"enemies":"Lagavulin","floor":12,"turns":8},{"damage":0,"enemies":"2 Fungi Beasts","floor":13,"turns":3},{"damage":0,"enemies":"3 Sentries","floor":14,"turns":4},{"damage":59,"enemies":"The Guardian","floor":16,"turns":11},{"damage":35,"enemies":"Shell Parasite","floor":18,"turns":7},{"damage":21,"enemies":"Masked Bandits","floor":19,"turns":4},{"damage":35,"enemies":"Spheric Guardian","floor":20,"turns":5}],"seed_played":"-7453199671394908759","potions_obtained":[{"floor":12,"key":"Energy Potion"},{"floor":13,"key":"Energy Potion"},{"floor":16,"key":"Explosive Potion"}],"is_trial":false,"path_per_floor":["M","M","$","?","M","R","E","R","T","R","?","E","M","E","R","B",null,"M","?"],"character_chosen":"THE_SILENT","items_purchased":["A Thousand Cuts"],"campfire_rested":2,"item_purchase_floors":[3],"current_hp_per_floor":[67,67,67,67,58,58,40,61,61,61,61,39,39,53,78,19,84,49,28,0],"gold":353,"neow_bonus":"","is_prod":false,"is_daily":false,"chose_seed":false,"campfire_upgraded":2,"win_rate":0.0,"timestamp":1539717779,"path_taken":["M","M","$","?","M","R","E","R","T","R","?","E","M","E","R","BOSS","M","?","?"],"build_version":"2018-10-11","purchased_purges":0,"victory":false,"max_hp_per_floor":[70,70,70,70,70,70,70,70,70,70,70,70,70,84,84,84,84,84,84,84],"card_choices":[{"not_picked":["Backflip","Underhanded Strike"],"picked":"Dagger Spray","floor":1},{"not_picked":["Masterful Stab","Quick Slash"],"picked":"Flying Knee","floor":2},{"not_picked":["Sucker Punch","Prepared"],"picked":"Burst","floor":5},{"not_picked":["Underhanded Strike","Acrobatics"],"picked":"Backflip","floor":7},{"not_picked":["Sucker Punch","Reflex"],"picked":"Noxious Fumes","floor":12},{"not_picked":["Masterful Stab","Outmaneuver"],"picked":"Poisoned Stab","floor":13},{"not_picked":["Dagger Spray","Skewer"],"picked":"Underhanded Strike","floor":14},{"not_picked":["Burst","Wraith Form v2"],"picked":"Night Terror","floor":16},{"not_picked":["Deflect","Endless Agony"],"picked":"Dagger Throw","floor":18},{"not_picked":["Backstab","Dagger Spray"],"picked":"Dash","floor":19}],"player_experience":10729,"relics_obtained":[{"floor":7,"key":"Pen Nib"},{"floor":12,"key":"Bag of Marbles"},{"floor":14,"key":"Mango"},{"floor":19,"key":"Red Mask"}],"event_choices":[{"event_name":"Shining Light","player_choice":"Ignored","floor":4,"damage_taken":0},{"event_name":"Upgrade Shrine","player_choice":"Upgraded","floor":11,"damage_taken":0},{"event_name":"Masked Bandits","player_choice":"Fought Bandits","floor":19,"damage_taken":0}],"is_beta":false,"boss_relics":[{"not_picked":["Orrery","Black Star"],"picked":"Eternal Feather"}],"items_purged_floors":[],"is_endless":false,"potions_floor_spawned":[12,13,16],"killed_by":"Spheric Guardian","ascension_level":0}