{"gold_per_floor":[109,109,129,149,149,149,167,182,264,295,306,53,65,30,30,132,132,143,157,57,75,75,75,75,75,75,94,94,145,177,190,190,288,288,301,315,334,334,209,209,227,32,55,66,76,76,103,103,103,103],"floor_reached":51,"playtime":4256,"items_purged":["Strike_B","Defend_B","Defend_B+1","Cold Snap+1"],"score":831,"play_id":"b9a4719d-2abf-470f-a856-de1305fec2dd","local_time":"20180625215203","is_ascension_mode":true,"campfire_choices":[{"data":"Zap","floor":6,"key":"SMITH"},{"floor":15,"key":"REST"},{"data":"Dualcast","floor":24,"key":"SMITH"},{"data":"Gash","floor":28,"key":"SMITH"},{"data":"Good Instincts","floor":32,"key":"SMITH"},{"floor":40,"key":"REST"},{"data":"Madness","floor":49,"key":"SMITH"}],"neow_cost":"NONE","seed_source_timestamp":818575411065727,"circlet_count":0,"master_deck":["Defend_B+1","Zap+1","Dualcast+1","Gash+1","Turbo+1","Go for the Eyes+1","Coolheaded+1","All For One+1","Good Instincts+1","Go for the Eyes+1","Hologram+1","Auto Shields+1","Leap+1","Defragment+1","Steam+1","All For One+1","Chill+1","Gash+1","Madness","Madness+1"],"relics":["Runic Pyramid","Ornamental Fan","Unceasing Top","Inserter","Pear","Singing Bowl","Blood Vial","Empty Cage","Mark of the Bloom","Bronze Scales","Peace Pipe"],"potions_floor_usage":[13,13,16,30,30,35,41,47],"damage_taken":[{"damage":7,"enemies":"2 Louse","floor":1,"turns":3},{"damage":6,"enemies":"Cultist","floor":3,"turns":4},{"damage":3,"enemies":"Small Slimes","floor":4,"turns":4},{"damage":8,"enemies":"Blue Slaver","floor":7,"turns":4},{"damage":16,"enemies":"Large Slime","floor":8,"turns":5},{"damage":42,"enemies":"Gremlin Nob","floor":10,"turns":7},{"damage":3,"enemies":"Red Slaver","floor":11,"turns":3},{"damage":0,"enemies":"2 Fungi Beasts","floor":13,"turns":3},{"damage":14,"enemies":"The Guardian","floor":16,"turns":11},{"damage":9,"enemies":"Shell Parasite","floor":18,"turns":4},{"damage":20,"enemies":"2 Thieves","floor":19,"turns":4},{"damage":0,"enemies":"Snecko","floor":21,"turns":5},{"damage":0,"enemies":"Centurion and Healer","floor":27,"turns":10},{"damage":3,"enemies":"Gremlin Leader","floor":30,"turns":10},{"damage":0,"enemies":"Sentry and Sphere","floor":31,"turns":5},{"damage":17,"enemies":"Collector","floor":33,"turns":16},{"damage":6,"enemies":"3 Shapes","floor":35,"turns":4},{"damage":0,"enemies":"3 Darklings","floor":36,"turns":7},{"damage":0,"enemies":"Sphere and 2 Shapes","floor":37,"turns":6},{"damage":0,"enemies":"4 Shapes","floor":41,"turns":6},{"damage":7,"enemies":"3 Darklings","floor":44,"turns":4},{"damage":0,"enemies":"Sphere and 2 Shapes","floor":45,"turns":3},{"damage":0,"enemies":"Nemesis","floor":47,"turns":3},{"damage":4,"enemies":"Time Eater","floor":50,"turns":9}],"seed_played":"-6701810771423787949","potions_obtained":[{"floor":4,"key":"Energy Potion"},{"floor":8,"key":"FairyPotion"},{"floor":10,"key":"Block Potion"},{"floor":13,"key":"SteroidPotion"},{"floor":21,"key":"GamblersBrew"},{"floor":27,"key":"Block Potion"},{"floor":30,"key":"Block Potion"},{"floor":37,"key":"Regen Potion"},{"floor":44,"key":"SteroidPotion"},{"floor":45,"key":"PowerPotion"}],"is_trial":false,"path_per_floor":["M","?","M","M","?","R","M","M","T","E","M","$","M","?","R","B",null,"M","M","$","M","?","?","R","?","T","M","R","T","E","M","R","B",null,"M","M","M","?","$","R","M","$","T","M","M","?","E","?","R","B"],"character_chosen":"DEFECT","items_purchased":["Good Instincts","Regen Potion","Gash"],"campfire_rested":2,"item_purchase_floors":[12,12,42],"current_hp_per_floor":[68,68,62,59,59,59,51,35,35,7,4,4,13,31,53,39,75,66,46,46,46,46,46,46,46,56,56,56,56,55,57,57,42,87,81,85,89,89,89,89,89,89,89,82,82,82,82,70,70,66],"gold":103,"neow_bonus":"BOSS_RELIC","is_prod":false,"is_daily":false,"chose_seed":false,"campfire_upgraded":5,"win_rate":0,"timestamp":1529977923,"path_taken":["M","?","M","M","?","R","M","M","T","E","M","$","?","?","R","BOSS","M","M","$","M","?","?","R","?","T","M","R","?","E","M","R","BOSS","M","M","M","?","$","R","M","$","T","M","M","?","E","?","R","BOSS"],"build_version":"2018-06-21v2","purchased_purges":4,"victory":true,"max_hp_per_floor":[75,75,75,75,75,75,75,75,75,75,75,75,75,75,75,75,75,75,75,75,75,75,75,75,75,85,85,85,85,87,87,87,87,87,87,89,91,91,91,91,93,93,93,95,97,97,99,99,99,99],"card_choices":[{"not_picked":["Turbo","Consume"],"picked":"Gash","floor":1},{"not_picked":["Fusion","Melter"],"picked":"Turbo","floor":3},{"not_picked":["Double Energy","Turbo"],"picked":"Go for the Eyes","floor":4},{"not_picked":["Rebound","Undo"],"picked":"Cold Snap","floor":7},{"not_picked":["Steam","Force Field"],"picked":"Coolheaded","floor":8},{"not_picked":["Coolheaded","Hello World"],"picked":"All For One","floor":10},{"not_picked":["Sweeping Beam","Blizzard","Ball Lightning"],"picked":"SKIP","floor":11},{"not_picked":["Self Repair","Static Discharge"],"picked":"Go for the Eyes","floor":13},{"not_picked":["Sweeping Beam","Stack+1"],"picked":"Hologram","floor":18},{"not_picked":["Undo+1","Hologram+1"],"picked":"Auto Shields+1","floor":19},{"not_picked":["Barrage+1","Stack"],"picked":"Leap","floor":21},{"not_picked":["Darkness","Ball Lightning+1"],"picked":"Defragment+1","floor":27},{"not_picked":["Force Field","Glacier+1","Thunder Strike"],"picked":"Singing Bowl","floor":30},{"not_picked":["Compile Driver","Redo"],"picked":"Steam","floor":31},{"not_picked":["Thunder Strike","Amplify"],"picked":"All For One","floor":33},{"not_picked":["Hologram+1","Compile Driver+1"],"picked":"Chill","floor":35},{"not_picked":["Go for the Eyes+1","Coolheaded","Cold Snap"],"picked":"Singing Bowl","floor":36},{"not_picked":["Coolheaded","Redo","Compile Driver"],"picked":"Singing Bowl","floor":37},{"not_picked":["Lockon+1","Amplify","Genetic Algorithm"],"picked":"Singing Bowl","floor":41},{"not_picked":["Sweeping Beam","Ball Lightning","Force Field"],"picked":"Singing Bowl","floor":44},{"not_picked":["Hello World+1","Ball Lightning+1","Capacitor"],"picked":"Singing Bowl","floor":45},{"not_picked":["Ball Lightning+1","Hyperbeam","Auto Shields"],"picked":"Singing Bowl","floor":47}],"player_experience":311326,"relics_obtained":[{"floor":9,"key":"Ornamental Fan"},{"floor":10,"key":"Unceasing Top"},{"floor":26,"key":"Pear"},{"floor":29,"key":"Singing Bowl"},{"floor":30,"key":"Blood Vial"},{"floor":43,"key":"Bronze Scales"},{"floor":47,"key":"Peace Pipe"}],"event_choices":[{"event_name":"Transmorgrifier","player_choice":"Transform","floor":2,"damage_taken":0},{"event_name":"Living Wall","player_choice":"Forget","floor":5,"damage_taken":0},{"event_name":"The Cleric","player_choice":"Healed","floor":14,"damage_taken":0},{"event_name":"Vampires","player_choice":"Ignored","floor":22,"damage_taken":0},{"event_name":"Back to Basics","player_choice":"Elegance","floor":23,"damage_taken":0},{"event_name":"Cursed Tome","player_choice":"Ignored","floor":25,"damage_taken":0},{"event_name":"MindBloom","player_choice":"Upgrade","floor":38,"damage_taken":0},{"event_name":"Upgrade Shrine","player_choice":"Upgraded","floor":46,"damage_taken":0},{"event_name":"Winding Halls","player_choice":"Embrace Madness","floor":48,"damage_taken":0}],"boss_relics":[{"not_picked":["Runic Dome","Snecko Eye"],"picked":"Inserter"},{"not_picked":["Sozu","White Beast Statue"],"picked":"Empty Cage"}],"items_purged_floors":[12,20,39,42],"is_endless":false,"potions_floor_spawned":[4,8,10,13,21,27,30,37,44,45],"ascension_level":3}