{"gold_per_floor":[118,293,293,293,12,12,47,65,113,126,126,19,45,60,60,135,135,145,245,170,85,23,23,39,64,94,94,106,106,132,142,142,220,220,230,230,34,34,86,86,0,27,73,103,103,103,103,138,138,138],"floor_reached":51,"playtime":2916,"items_purged":[],"score":1400,"play_id":"36eb9307-f724-461e-9cac-1a0e53a878f9","local_time":"20190523190624","is_ascension_mode":true,"campfire_choices":[{"data":"Apotheosis","floor":6,"key":"SMITH"},{"data":"Creative AI","floor":11,"key":"SMITH"},{"data":"Storm","floor":15,"key":"SMITH"},{"floor":23,"key":"REST"},{"floor":29,"key":"REST"},{"floor":32,"key":"REST"},{"floor":40,"key":"DIG"},{"floor":45,"key":"DIG"},{"floor":47,"key":"DIG"},{"floor":49,"key":"DIG"}],"neow_cost":"NONE","seed_source_timestamp":360350091141887,"circlet_count":0,"master_deck":["AscendersBane","Strike_B","Strike_B+1","Defend_B","Defend_B","Defend_B","Defend_B","Zap","Dualcast","Storm+1","Apotheosis+1","Self Repair","Go for the Eyes","Creative AI+1","Auto Shields","Streamline","Defragment","Force Field","Core Surge+1","Turbo","Seek","Leap","Leap","Self Repair","Conserve Battery","Gash+1","Force Field","Heatsinks","Conserve Battery+1","Steam Power","Capacitor","Core Surge+1","Turbo","Flash of Steel+1","Blind","Mind Blast+1","Flash of Steel+1","Coolheaded","Skim","Chaos","Reinforced Body"],"relics":["Cracked Core","NeowsBlessing","Kunai","Gremlin Horn","DataDisk","The Courier","Black Star","StoneCalendar","Symbiotic Virus","WingedGreaves","Dream Catcher","Molten Egg 2","Tiny Chest","Thread and Needle","Centennial Puzzle","Sozu","Juzu Bracelet","Shovel","Mummified Hand","Red Mask","Regal Pillow","Incense Burner","Vajra","Blue Candle","Blood Vial","Gambling Chip","Singing Bowl","PreservedInsect","Whetstone","Letter Opener"],"potions_floor_usage":[13,16,16,19,25,30],"damage_taken":[{"damage":0,"enemies":"Small Slimes","floor":1,"turns":1},{"damage":0,"enemies":"Gremlin Nob","floor":7,"turns":1},{"damage":0,"enemies":"2 Louse","floor":8,"turns":1},{"damage":0,"enemies":"Cultist","floor":10,"turns":5},{"damage":29,"enemies":"3 Sentries","floor":13,"turns":6},{"damage":9,"enemies":"Red Slaver","floor":14,"turns":4},{"damage":20,"enemies":"Hexaghost","floor":16,"turns":8},{"damage":8,"enemies":"Chosen","floor":18,"turns":4},{"damage":18,"enemies":"Colosseum Slavers","floor":19,"turns":5},{"damage":53,"enemies":"Colosseum Nobs","floor":19,"turns":6},{"damage":0,"enemies":"Spheric Guardian","floor":24,"turns":3},{"damage":33,"enemies":"Slavers","floor":25,"turns":6},{"damage":10,"enemies":"Snake Plant","floor":28,"turns":3},{"damage":20,"enemies":"Book of Stabbing","floor":30,"turns":5},{"damage":0,"enemies":"Chosen and Byrds","floor":31,"turns":5},{"damage":15,"enemies":"Champ","floor":33,"turns":8},{"damage":16,"enemies":"3 Darklings","floor":35,"turns":4},{"damage":18,"enemies":"2 Orb Walkers","floor":39,"turns":4},{"damage":13,"enemies":"Giant Head","floor":42,"turns":7},{"damage":16,"enemies":"Reptomancer","floor":44,"turns":6},{"damage":0,"enemies":"Giant Head","floor":48,"turns":7},{"damage":13,"enemies":"Awakened One","floor":50,"turns":9}],"seed_played":"4951329295656682996","potions_obtained":[{"floor":1,"key":"SkillPotion"},{"floor":7,"key":"SpeedPotion"},{"floor":13,"key":"AttackPotion"},{"floor":18,"key":"Ancient Potion"},{"floor":19,"key":"Dexterity Potion"},{"floor":28,"key":"AttackPotion"}],"is_trial":false,"path_per_floor":["M","?","?","?","$","R","E","M","T","M","R","$","E","M","R","B",null,"M","?","?","?","$","R","M","E","T","?","M","R","E","M","R","B",null,"M","?","$","?","?","R","?","E","T","E","R","?","R","E","R","B",null],"character_chosen":"DEFECT","items_purchased":["Apotheosis","Self Repair","Go for the Eyes","Defragment","Force Field","Self Repair","Juzu Bracelet","Flash of Steel+1"],"campfire_rested":3,"item_purchase_floors":[5,5,5,12,12,22,37,37],"current_hp_per_floor":[68,68,68,68,68,68,68,68,68,75,75,75,56,54,54,41,67,69,8,8,8,8,30,50,37,37,23,23,47,47,57,80,80,80,80,80,80,70,72,72,72,79,79,80,80,80,80,80,80,80],"gold":138,"neow_bonus":"THREE_ENEMY_KILL","is_prod":false,"is_daily":false,"chose_seed":false,"campfire_upgraded":3,"win_rate":0,"timestamp":1558663584,"path_taken":["M","?","?","?","$","R","E","M","T","?","R","?","E","M","R","BOSS","M","?","?","?","?","R","?","E","T","?","M","R","E","M","R","BOSS","M","?","$","?","?","R","?","E","T","E","R","?","R","E","R","BOSS"],"build_version":"2019-01-23","purchased_purges":0,"victory":true,"max_hp_per_floor":[75,75,75,75,75,75,75,75,75,75,75,75,75,75,75,75,75,75,75,75,75,75,75,75,75,75,80,80,80,80,80,80,80,80,80,80,80,80,80,80,80,80,80,80,80,80,80,80,80,80],"card_choices":[{"not_picked":["Conserve Battery","Recycle"],"picked":"Storm","floor":1},{"not_picked":["Rip and Tear","Tempest"],"picked":"Creative AI","floor":7},{"not_picked":["Beam Cell","Glacier"],"picked":"Auto Shields","floor":8},{"not_picked":["Darkness","Reinforced Body"],"picked":"Streamline","floor":10},{"not_picked":["Rebound","Reprogram"],"picked":"Core Surge","floor":13},{"not_picked":["Go for the Eyes","Cold Snap"],"picked":"Turbo","floor":14},{"not_picked":["Hyperbeam","Rainbow"],"picked":"Seek","floor":16},{"not_picked":["Steam","Sweeping Beam"],"picked":"Leap","floor":18},{"not_picked":["Turbo","Beam Cell"],"picked":"Leap","floor":19},{"not_picked":["Hyperbeam","Auto Shields"],"picked":"Conserve Battery","floor":24},{"not_picked":["Self Repair","Auto Shields"],"picked":"Gash","floor":25},{"not_picked":["Ball Lightning+1","Auto Shields"],"picked":"Force Field","floor":28},{"not_picked":["Beam Cell+1","Stack"],"picked":"Heatsinks","floor":29},{"not_picked":["Leap","Heatsinks"],"picked":"Conserve Battery+1","floor":30},{"not_picked":["Reprogram","Steam"],"picked":"Steam Power","floor":31},{"not_picked":["Ball Lightning+1","Sweeping Beam+1"],"picked":"Capacitor","floor":32},{"not_picked":["Meteor Strike+1","Creative AI"],"picked":"Core Surge+1","floor":33},{"not_picked":["Leap+1","Rebound+1"],"picked":"Turbo","floor":35},{"not_picked":["Trip","PanicButton"],"picked":"Blind","floor":38},{"not_picked":["Dark Shackles","Discovery"],"picked":"Mind Blast+1","floor":38},{"not_picked":["Blind","Swift Strike+1"],"picked":"Flash of Steel+1","floor":38},{"not_picked":["Gash+1","Compile Driver+1"],"picked":"Coolheaded","floor":39},{"not_picked":["Sweeping Beam+1","Cold Snap+1"],"picked":"Skim","floor":42},{"not_picked":["Conserve Battery","Aggregate"],"picked":"Chaos","floor":44},{"not_picked":["Steam+1","Beam Cell+1"],"picked":"Reinforced Body","floor":48}],"player_experience":682254,"relics_obtained":[{"floor":7,"key":"Gremlin Horn"},{"floor":9,"key":"DataDisk"},{"floor":13,"key":"The Courier"},{"floor":19,"key":"StoneCalendar"},{"floor":19,"key":"Symbiotic Virus"},{"floor":25,"key":"Dream Catcher"},{"floor":25,"key":"Molten Egg 2"},{"floor":26,"key":"Tiny Chest"},{"floor":30,"key":"Thread and Needle"},{"floor":30,"key":"Centennial Puzzle"},{"floor":39,"key":"Shovel"},{"floor":40,"key":"Mummified Hand"},{"floor":42,"key":"Regal Pillow"},{"floor":42,"key":"Incense Burner"},{"floor":43,"key":"Vajra"},{"floor":44,"key":"Blue Candle"},{"floor":44,"key":"Blood Vial"},{"floor":45,"key":"Gambling Chip"},{"floor":47,"key":"Singing Bowl"},{"floor":48,"key":"PreservedInsect"},{"floor":48,"key":"Whetstone"},{"floor":49,"key":"Letter Opener"}],"event_choices":[{"damage_healed":0,"gold_gain":175,"player_choice":"AGREE","damage_taken":0,"max_hp_gain":0,"max_hp_loss":0,"event_name":"Liars Game","floor":2,"gold_loss":0,"cards_obtained":["Doubt"]},{"damage_healed":0,"gold_gain":0,"player_choice":"Box","damage_taken":0,"relics_obtained":["Kunai"],"max_hp_gain":0,"max_hp_loss":0,"event_name":"Big Fish","floor":3,"gold_loss":0,"cards_obtained":["Regret"]},{"cards_removed":["Regret"],"damage_healed":0,"gold_gain":0,"player_choice":"Purged","damage_taken":0,"max_hp_gain":0,"max_hp_loss":0,"event_name":"Purifier","floor":4,"gold_loss":0},{"damage_healed":0,"gold_gain":0,"player_choice":"Fight","damage_taken":0,"max_hp_gain":0,"max_hp_loss":0,"event_name":"Colosseum","floor":19,"gold_loss":0},{"damage_healed":0,"gold_gain":0,"player_choice":"Fought Nobs","damage_taken":0,"max_hp_gain":0,"max_hp_loss":0,"event_name":"Colosseum","floor":19,"gold_loss":0},{"cards_removed":["Doubt"],"damage_healed":0,"gold_gain":0,"player_choice":"Gave Gold","damage_taken":0,"max_hp_gain":0,"max_hp_loss":0,"event_name":"Beggar","floor":20,"gold_loss":75},{"damage_healed":0,"gold_gain":0,"player_choice":"Obtained Relic","damage_taken":0,"relics_obtained":["WingedGreaves"],"max_hp_gain":0,"max_hp_loss":0,"event_name":"Addict","floor":21,"gold_loss":85},{"damage_healed":0,"gold_gain":0,"player_choice":"Shed Blood","damage_taken":19,"max_hp_gain":5,"max_hp_loss":0,"event_name":"Forgotten Altar","floor":27,"gold_loss":0},{"cards_removed":["Strike_B"],"damage_healed":0,"gold_gain":0,"player_choice":"Purged","damage_taken":0,"max_hp_gain":0,"max_hp_loss":0,"event_name":"Purifier","floor":36,"gold_loss":0},{"damage_healed":0,"gold_gain":0,"player_choice":"Memory 3","damage_taken":10,"max_hp_gain":0,"max_hp_loss":0,"event_name":"SensoryStone","floor":38,"gold_loss":0},{"damage_healed":0,"gold_gain":0,"player_choice":"Fight","damage_taken":0,"max_hp_gain":0,"max_hp_loss":0,"event_name":"Mysterious Sphere","floor":39,"gold_loss":0},{"damage_healed":0,"gold_gain":0,"player_choice":"Paid","damage_taken":0,"relics_obtained":["Red Mask"],"max_hp_gain":0,"max_hp_loss":0,"event_name":"Tomb of Lord Red Mask","floor":41,"gold_loss":86},{"cards_removed":["Strike_B"],"damage_healed":0,"gold_gain":0,"player_choice":"Removed Attack","damage_taken":0,"max_hp_gain":0,"max_hp_loss":0,"event_name":"Falling","floor":46,"gold_loss":0}],"is_beta":false,"boss_relics":[{"not_picked":["Velvet Choker","Pandora\u0027s Box"],"picked":"Black Star"},{"not_picked":["Cursed Key","Philosopher\u0027s Stone"],"picked":"Sozu"}],"items_purged_floors":[],"is_endless":false,"potions_floor_spawned":[1,7,13,18,19,28,39],"ascension_level":13}