{"gold_per_floor":[215,232,244,8,0,34,34,54,106,106,124,124,152,167,167,167],"floor_reached":16,"playtime":479,"items_purged":[],"score":196,"play_id":"a5a002a2-339d-473e-93cb-30497d3fdfe6","local_time":"20181205165423","is_ascension_mode":true,"campfire_choices":[{"data":"Clothesline","floor":10,"key":"SMITH"},{"data":"Whirlwind","floor":12,"key":"SMITH"},{"data":"Inflame","floor":15,"key":"SMITH"}],"neow_cost":"NONE","seed_source_timestamp":25087032378717,"circlet_count":0,"master_deck":["AscendersBane","Strike_R","Strike_R","Strike_R","Strike_R","Strike_R","Defend_R","Defend_R","Defend_R","Defend_R","Bash","Sword Boomerang","Pommel Strike","Clothesline+1","Thunderclap","Feed","Shrug It Off","Whirlwind+1","Corruption","Inflame+1"],"relics":["Burning Blood","Membership Card","Letter Opener","Centennial Puzzle"],"potions_floor_usage":[6,13],"damage_taken":[{"damage":0,"enemies":"Small Slimes","floor":1,"turns":3},{"damage":3,"enemies":"2 Louse","floor":2,"turns":3},{"damage":9,"enemies":"Jaw Worm","floor":3,"turns":3},{"damage":50,"enemies":"Lagavulin","floor":6,"turns":10},{"damage":9,"enemies":"Looter","floor":8,"turns":3},{"damage":11,"enemies":"Exordium Thugs","floor":11,"turns":6},{"damage":14,"enemies":"3 Sentries","floor":13,"turns":3},{"damage":1,"enemies":"Exordium Wildlife","floor":14,"turns":4},{"damage":54,"enemies":"Hexaghost","floor":16,"turns":9}],"seed_played":"2756523285850660458","potions_obtained":[{"floor":2,"key":"EssenceOfSteel"},{"floor":11,"key":"Energy Potion"}],"is_trial":false,"path_per_floor":["M","M","M","$","?","E","?","M","T","R","M","R","E","M","R","B"],"character_chosen":"IRONCLAD","items_purchased":["Membership Card","Thunderclap"],"campfire_rested":0,"item_purchase_floors":[4,4],"current_hp_per_floor":[74,75,72,72,72,28,53,53,53,53,51,51,43,51,51,0],"gold":167,"neow_bonus":"HUNDRED_GOLD","is_prod":false,"is_daily":false,"chose_seed":false,"campfire_upgraded":3,"win_rate":0,"timestamp":1544046863,"path_taken":["M","M","M","$","?","E","?","M","T","R","M","R","E","M","R","BOSS"],"build_version":"2018-11-15","purchased_purges":0,"victory":false,"max_hp_per_floor":[75,75,75,75,75,75,75,78,78,78,81,81,81,84,84,84],"card_choices":[{"not_picked":["Anger","Warcry"],"picked":"Sword Boomerang","floor":1},{"not_picked":["Twin Strike","Warcry"],"picked":"Pommel Strike","floor":2},{"not_picked":["Body Slam","Twin Strike"],"picked":"Clothesline","floor":3},{"not_picked":["Headbutt","Heavy Blade"],"picked":"Feed","floor":6},{"not_picked":["Burning Pact","Infernal Blade"],"picked":"Shrug It Off","floor":8},{"not_picked":["Havoc","Second Wind"],"picked":"Whirlwind","floor":11},{"not_picked":["Sword Boomerang","Shrug It Off"],"picked":"Corruption","floor":13},{"not_picked":["Twin Strike","Perfected Strike"],"picked":"Inflame","floor":14}],"player_experience":957971,"relics_obtained":[{"floor":6,"key":"Letter Opener"},{"floor":13,"key":"Centennial Puzzle"}],"event_choices":[{"damage_healed":0,"gold_gain":0,"player_choice":"Left Gold","damage_taken":0,"max_hp_gain":0,"max_hp_loss":0,"event_name":"World of Goop","floor":5,"gold_loss":8},{"damage_healed":25,"gold_gain":0,"player_choice":"Banana","damage_taken":0,"max_hp_gain":0,"max_hp_loss":0,"event_name":"Big Fish","floor":7,"gold_loss":0}],"is_beta":false,"boss_relics":[],"items_purged_floors":[],"is_endless":false,"potions_floor_spawned":[2,11],"killed_by":"Hexaghost","ascension_level":15}