{"gold_per_floor":[111,126,17,33,33,33,67,67,90,90,90,101,136,146,146,245,245,185,185,204,217,66,127,137,137,187,187,187,205,225,225],"floor_reached":31,"playtime":1899,"items_purged":["Clumsy"],"score":368,"play_id":"c25735d1-bc82-43b2-8030-79ff4a70a4d9","local_time":"20190204093933","is_ascension_mode":true,"campfire_choices":[{"data":"Armaments","floor":6,"key":"SMITH"},{"data":"Power Through","floor":8,"key":"SMITH"},{"data":"Carnage","floor":11,"key":"SMITH"},{"data":"Infernal Blade","floor":15,"key":"SMITH"},{"floor":25,"key":"REST"},{"data":"Seeing Red","floor":28,"key":"SMITH"}],"neow_cost":"CURSE","seed_source_timestamp":1526158258131025,"circlet_count":0,"master_deck":["Strike_R","Strike_R","Strike_R","Defend_R","Defend_R","Defend_R","Defend_R","Bash+1","Feed+1","Carnage+1","Armaments+1","Feel No Pain","Cleave","Power Through+1","Seeing Red+1","Infernal Blade+1","Offering","Flame Barrier+1","Ghostly Armor","Sentinel+1","Spot Weakness+1","Flame Barrier+1","Shrug It Off","Shrug It Off"],"relics":["Burning Blood","Whetstone","Bag of Preparation","Omamori","Mark of Pain","Pen Nib","Tiny Chest","Centennial Puzzle"],"potions_floor_usage":[7,16,16,23,31],"damage_taken":[{"damage":0,"enemies":"Small Slimes","floor":1,"turns":3},{"damage":1,"enemies":"Cultist","floor":2,"turns":4},{"damage":7,"enemies":"Jaw Worm","floor":4,"turns":4},{"damage":8,"enemies":"Gremlin Nob","floor":7,"turns":3},{"damage":10,"enemies":"Gremlin Gang","floor":12,"turns":6},{"damage":22,"enemies":"Lagavulin","floor":13,"turns":5},{"damage":5,"enemies":"Large Slime","floor":14,"turns":4},{"damage":59,"enemies":"Hexaghost","floor":16,"turns":9},{"damage":26,"enemies":"2 Thieves","floor":18,"turns":4},{"damage":0,"enemies":"Chosen","floor":20,"turns":6},{"damage":12,"enemies":"Sentry and Sphere","floor":21,"turns":4},{"damage":55,"enemies":"Slavers","floor":23,"turns":6},{"damage":16,"enemies":"Cultist and Chosen","floor":24,"turns":6},{"damage":30,"enemies":"Snecko","floor":29,"turns":8},{"damage":0,"enemies":"Snake Plant","floor":30,"turns":3},{"damage":45,"enemies":"Gremlin Leader","floor":31,"turns":7}],"seed_played":"-4352103276829705902","potions_obtained":[{"floor":1,"key":"AttackPotion"},{"floor":2,"key":"Explosive Potion"},{"floor":13,"key":"Swift Potion"},{"floor":14,"key":"Energy Potion"},{"floor":20,"key":"Explosive Potion"},{"floor":29,"key":"AttackPotion"}],"is_trial":false,"path_per_floor":["M","M","$","M","?","R","E","R","T","?","R","M","E","M","R","B",null,"M","?","M","M","$","E","M","R","T","?","R","M","M","E"],"character_chosen":"IRONCLAD","items_purchased":["Feel No Pain","Pen Nib"],"campfire_rested":1,"item_purchase_floors":[3,22],"current_hp_per_floor":[83,86,86,89,82,82,83,83,83,83,83,83,71,72,72,19,101,81,81,91,89,89,44,34,67,67,56,56,32,38,0],"gold":225,"neow_bonus":"THREE_RARE_CARDS","is_prod":false,"is_daily":false,"chose_seed":false,"campfire_upgraded":5,"win_rate":0,"timestamp":1549291173,"path_taken":["M","M","$","M","?","R","E","R","T","?","R","M","E","?","R","BOSS","M","?","M","M","$","E","?","R","T","?","R","?","M","E"],"build_version":"2019-01-23","purchased_purges":1,"victory":false,"max_hp_per_floor":[83,86,86,90,90,90,93,93,93,93,93,97,101,101,101,101,101,101,101,105,109,109,113,113,113,113,113,113,113,113,113],"card_choices":[{"not_picked":["Reaper","Exhume"],"picked":"Feed","floor":0},{"not_picked":["Anger","Sever Soul"],"picked":"Carnage","floor":1},{"not_picked":["Pommel Strike","Flex"],"picked":"Armaments","floor":2},{"not_picked":["Twin Strike","Evolve"],"picked":"Cleave","floor":4},{"not_picked":["Headbutt","Inflame"],"picked":"Power Through","floor":7},{"not_picked":["Havoc","Flex"],"picked":"Seeing Red","floor":12},{"not_picked":["Twin Strike","Hemokinesis"],"picked":"Infernal Blade","floor":13},{"not_picked":["Iron Wave","Bludgeon","Searing Blow"],"picked":"SKIP","floor":14},{"not_picked":["Brutality","Immolate"],"picked":"Offering","floor":16},{"not_picked":["Inflame+1","Corruption"],"picked":"Flame Barrier+1","floor":18},{"not_picked":["Entrench","Pommel Strike"],"picked":"Sentinel+1","floor":20},{"not_picked":["Headbutt","Clash","Clothesline"],"picked":"SKIP","floor":21},{"not_picked":["Disarm","Pummel"],"picked":"Spot Weakness+1","floor":23},{"not_picked":["Reckless Charge+1","Uppercut"],"picked":"Flame Barrier+1","floor":24},{"not_picked":["Uppercut","Iron Wave+1"],"picked":"Shrug It Off","floor":29},{"not_picked":["Perfected Strike+1","Second Wind"],"picked":"Shrug It Off","floor":30}],"player_experience":256511,"relics_obtained":[{"floor":7,"key":"Whetstone"},{"floor":9,"key":"Bag of Preparation"},{"floor":13,"key":"Omamori"},{"floor":23,"key":"Tiny Chest"},{"floor":26,"key":"Centennial Puzzle"}],"event_choices":[{"cards_removed":["Strike_R"],"damage_healed":0,"gold_gain":0,"player_choice":"Card Removal","damage_taken":7,"max_hp_gain":0,"max_hp_loss":0,"event_name":"Golden Wing","floor":5,"gold_loss":0},{"cards_removed":["Strike_R"],"damage_healed":0,"gold_gain":0,"player_choice":"Offered Basic","damage_taken":0,"max_hp_gain":0,"max_hp_loss":0,"event_name":"Bonfire Elementals","floor":10,"gold_loss":0},{"damage_healed":0,"gold_gain":0,"player_choice":"1 cards matched","damage_taken":0,"max_hp_gain":0,"max_hp_loss":0,"event_name":"Match and Keep!","floor":19,"gold_loss":0,"cards_obtained":["Ghostly Armor"]},{"damage_healed":0,"gold_gain":0,"player_choice":"","damage_taken":11,"max_hp_gain":0,"max_hp_loss":0,"event_name":"Knowing Skull","floor":27,"potions_obtained":[],"gold_loss":0,"cards_obtained":[]}],"is_beta":false,"boss_relics":[{"not_picked":["Velvet Choker","Snecko Eye"],"picked":"Mark of Pain"}],"items_purged_floors":[3],"is_endless":false,"potions_floor_spawned":[1,2,13,14,20,29],"killed_by":"Gremlin Leader","ascension_level":4}