{"gold_per_floor":[117,135,4,15,15,15,51,76,76,120,120,135,135,135,135,135],"floor_reached":16,"playtime":519,"items_purged":["Strike_G"],"score":220,"play_id":"9b433d5c-8ea5-4068-82bd-3b1839487928","local_time":"20181026165611","is_ascension_mode":true,"campfire_choices":[{"data":"Sucker Punch","floor":6.0,"key":"SMITH"},{"floor":11,"key":"REST"},{"data":"Noxious Fumes","floor":13,"key":"SMITH"},{"data":"Neutralize","floor":15,"key":"SMITH"}],"neow_cost":"NONE","seed_source_timestamp":1456642533033928,"circlet_count":0,"master_deck":["Defend_G","Defend_G","Defend_G","Defend_G","Defend_G","Strike_G","Strike_G","Strike_G","Strike_G","Survivor","Neutralize+1","AscendersBane","Well Laid Plans","Underhanded Strike","Sucker Punch+1","PiercingWail","Dagger Spray","Endless Agony","Expertise","Heel Hook","Noxious Fumes+1"],"special_seed":0,"relics":["Ring of the Snake","NeowsBlessing","Golden Idol","Calipers","StoneCalendar","Prayer Wheel","Mercury Hourglass"],"potions_floor_usage":[],"damage_taken":[{"damage":0.0,"enemies":"Cultist","floor":1.0,"turns":1.0},{"damage":0.0,"enemies":"2 Louse","floor":2.0,"turns":1.0},{"damage":0.0,"enemies":"Jaw Worm","floor":4.0,"turns":1.0},{"damage":19.0,"enemies":"Gremlin Nob","floor":7.0,"turns":4.0},{"damage":16.0,"enemies":"Exordium Thugs","floor":8.0,"turns":5.0},{"damage":15,"enemies":"3 Sentries","floor":10,"turns":7},{"damage":1,"enemies":"Exordium Wildlife","floor":12,"turns":4},{"damage":14,"enemies":"Hexaghost","floor":16,"turns":9}],"seed_played":"9219859285200380284","potions_obtained":[{"floor":1.0,"key":"Energy Potion"},{"floor":4.0,"key":"SteroidPotion"}],"is_trial":false,"path_per_floor":["M","M","$","M","?","R","E","M","T","E","R","M","R","T","R"],"character_chosen":"THE_SILENT","items_purchased":["Sucker Punch"],"campfire_rested":1,"item_purchase_floors":[3],"current_hp_per_floor":[59,59,59,59,59,59,40,24,24,9,27,26,26,26,26,12],"gold":135,"neow_bonus":"THREE_ENEMY_KILL","is_prod":false,"is_daily":false,"chose_seed":false,"campfire_upgraded":3,"win_rate":0,"timestamp":1540587371,"path_taken":["M","?","$","M","?","R","E","M","T","E","R","M","R","?","R","BOSS"],"build_version":"2018-10-25v2","purchased_purges":1,"victory":false,"max_hp_per_floor":[66,66,66,66,60,60,60,60,60,60,60,60,60,60,60,60],"card_choices":[{"not_picked":["Setup","Outmaneuver"],"picked":"Well Laid Plans","floor":1.0},{"not_picked":["Acrobatics","Deflect"],"picked":"Underhanded Strike","floor":2.0},{"not_picked":["Blur","Deadly Poison"],"picked":"PiercingWail","floor":4.0},{"not_picked":["PiercingWail","Acrobatics"],"picked":"Dagger Spray","floor":7.0},{"not_picked":["Predator","Choke"],"picked":"Endless Agony","floor":8.0},{"not_picked":["Backflip","Catalyst"],"picked":"Expertise","floor":10},{"not_picked":["All Out Attack","Endless Agony"],"picked":"Heel Hook","floor":12},{"not_picked":["Bouncing Flask","Noxious Fumes","Escape Plan"],"picked":"SKIP","floor":12},{"not_picked":["Bouncing Flask","Escape Plan"],"picked":"Noxious Fumes","floor":12}],"player_experience":836813,"relics_obtained":[{"floor":7.0,"key":"Calipers"},{"floor":9.0,"key":"StoneCalendar"},{"floor":10,"key":"Prayer Wheel"},{"floor":14,"key":"Mercury Hourglass"}],"event_choices":[{"damage_healed":0.0,"max_hp_gain":0.0,"max_hp_loss":6.0,"gold_gain":0.0,"event_name":"Golden Idol","player_choice":"Lose Max HP","floor":5.0,"gold_loss":0.0,"damage_taken":0.0,"relics_obtained":["Golden Idol"]}],"is_beta":false,"boss_relics":[],"items_purged_floors":[3],"is_endless":false,"potions_floor_spawned":[1,4],"killed_by":"Hexaghost","ascension_level":20}