{"gold_per_floor":[116,116,129,204,50,50,50,50,50,80,96,116,131,141,141,238,238,253,14,27,38,49,83,83,108,157,169,181,181,192,209,209,306,306,318,330,20,30,30,50,50,50,129,129,229,4,4,14,14,14],"floor_reached":50,"playtime":4091,"items_purged":["Strike_B"],"score":538,"play_id":"2c9445dc-e78c-45e4-8835-482dc866e1fc","local_time":"20190115131729","is_ascension_mode":false,"campfire_choices":[{"data":"Zap","floor":6,"key":"SMITH"},{"data":"Dualcast","floor":15,"key":"SMITH"},{"floor":24,"key":"REST"},{"floor":32,"key":"REST"},{"data":"Buffer","floor":41,"key":"SMITH"},{"data":"Lockon","floor":44,"key":"SMITH"},{"data":"Dark Shackles","floor":47,"key":"SMITH"},{"data":"Beam Cell","floor":49,"key":"SMITH"}],"neow_cost":"NONE","seed_source_timestamp":498484108852599,"circlet_count":0,"master_deck":["Strike_B","Defend_B","Defend_B","Defend_B","Defend_B","Zap+1","Dualcast+1","Buffer+1","Compile Driver","Conserve Battery","Capacitor","Turbo","Ball Lightning","Seek","Defragment","Tempest","Core Surge","Steam","Dark Shackles+1","Chaos","Tempest+1","Lockon+1","White Noise+1","Redo","Beam Cell+1","Rebound+1","Self Repair","Hologram","Multi-Cast","White Noise+1","Steam","Leap+1","Dramatic Entrance","Parasite","Writhe","Sunder","Barrage+1","Rebound+1"],"relics":["Cracked Core","Bag of Preparation","Darkstone Periapt","Pantograph","Runic Pyramid","Lantern","Calipers","Ornamental Fan","Regal Pillow","CultistMask","Coffee Dripper","Meat on the Bone","Mercury Hourglass","Prayer Wheel","Strawberry"],"potions_floor_usage":[10,23,23,25,33,36,40,45],"damage_taken":[{"damage":0,"enemies":"Small Slimes","floor":1,"turns":3},{"damage":1,"enemies":"Cultist","floor":3,"turns":3},{"damage":8,"enemies":"3 Sentries","floor":10,"turns":9},{"damage":0,"enemies":"2 Louse","floor":11,"turns":3},{"damage":0,"enemies":"Red Slaver","floor":12,"turns":3},{"damage":0,"enemies":"2 Fungi Beasts","floor":13,"turns":3},{"damage":0,"enemies":"3 Louse","floor":14,"turns":3},{"damage":8,"enemies":"Slime Boss","floor":16,"turns":9},{"damage":0,"enemies":"Spheric Guardian","floor":18,"turns":4},{"damage":17,"enemies":"2 Thieves","floor":20,"turns":3},{"damage":0,"enemies":"Snake Plant","floor":21,"turns":5},{"damage":21,"enemies":"Chosen and Byrds","floor":22,"turns":5},{"damage":21,"enemies":"Book of Stabbing","floor":23,"turns":5},{"damage":23,"enemies":"Slavers","floor":25,"turns":4},{"damage":2,"enemies":"Snecko","floor":27,"turns":5},{"damage":10,"enemies":"Sentry and Sphere","floor":28,"turns":5},{"damage":0,"enemies":"Snake Plant","floor":30,"turns":3},{"damage":6,"enemies":"Chosen and Byrds","floor":31,"turns":4},{"damage":34,"enemies":"Champ","floor":33,"turns":8},{"damage":18,"enemies":"Orb Walker","floor":35,"turns":4},{"damage":20,"enemies":"3 Darklings","floor":36,"turns":5},{"damage":39,"enemies":"Jaw Worm Horde","floor":38,"turns":5},{"damage":3,"enemies":"Writhing Mass","floor":40,"turns":4},{"damage":24,"enemies":"Mind Bloom Boss Battle","floor":45,"turns":7},{"damage":5,"enemies":"Spire Growth","floor":48,"turns":4},{"damage":106,"enemies":"Awakened One","floor":50,"turns":7}],"seed_played":"-787726373309648859","potions_obtained":[{"floor":3,"key":"Fire Potion"},{"floor":10,"key":"GamblersBrew"},{"floor":11,"key":"Poison Potion"},{"floor":16,"key":"Fire Potion"},{"floor":23,"key":"SteroidPotion"},{"floor":25,"key":"Explosive Potion"},{"floor":27,"key":"Poison Potion"},{"floor":38,"key":"Poison Potion"}],"is_trial":false,"path_per_floor":["M","?","M","?","$","R","?","?","T","E","M","M","M","M","R","B",null,"M","$","M","M","M","E","R","E","T","M","M","?","M","M","R","B",null,"M","M","$","M","?","M","R","?","T","R","?","$","R","M","R","B"],"character_chosen":"DEFECT","items_purchased":["Bag of Preparation","Lantern","Dark Shackles","Meat on the Bone","Steam","Strawberry"],"campfire_rested":2,"item_purchase_floors":[5,19,19,37,37,46],"current_hp_per_floor":[75,80,79,68,68,68,68,68,68,60,60,60,60,60,60,72,80,80,80,63,63,42,21,45,22,22,20,10,10,10,11,50,48,80,69,49,49,29,29,51,51,79,79,79,82,89,89,91,91,0],"gold":14,"neow_bonus":"ONE_RANDOM_RARE_CARD","is_prod":false,"is_daily":false,"chose_seed":false,"campfire_upgraded":6,"win_rate":0.0,"timestamp":1547576249,"path_taken":["M","?","M","?","$","R","?","?","T","E","M","M","M","?","R","BOSS","M","$","M","M","M","E","R","E","T","M","M","?","?","M","R","BOSS","M","M","$","M","?","M","R","?","T","R","?","$","R","M","R","BOSS"],"build_version":"2019-01-10","purchased_purges":1,"victory":false,"max_hp_per_floor":[75,80,80,80,80,80,80,80,80,80,80,80,80,80,80,80,80,80,80,80,80,80,80,80,80,80,80,80,80,80,80,80,80,80,80,80,80,80,80,86,86,92,92,92,92,99,99,99,99,99],"card_choices":[{"not_picked":["Undo","Rip and Tear"],"picked":"Compile Driver","floor":1},{"not_picked":["Skim","Hello World","Consume"],"picked":"SKIP","floor":3},{"not_picked":["Go for the Eyes","Heatsinks"],"picked":"Turbo","floor":10},{"not_picked":["Recycle","Redo"],"picked":"Ball Lightning","floor":11},{"not_picked":["Steam","Coolheaded"],"picked":"Seek","floor":12},{"not_picked":["Hologram","Skim"],"picked":"Defragment","floor":13},{"not_picked":["Fusion","Turbo"],"picked":"Tempest","floor":14},{"not_picked":["Biased Cognition","Multi-Cast"],"picked":"Core Surge","floor":16},{"not_picked":["Glacier","Gash+1"],"picked":"Steam","floor":18},{"not_picked":["Hologram","Skim"],"picked":"Chaos","floor":20},{"not_picked":["Aggregate","Melter+1"],"picked":"Tempest+1","floor":21},{"not_picked":["Loop","Doom and Gloom"],"picked":"Lockon","floor":22},{"not_picked":["Conserve Battery","Sweeping Beam+1"],"picked":"White Noise+1","floor":23},{"not_picked":["Stack","Go for the Eyes"],"picked":"Redo","floor":25},{"not_picked":["Barrage","Loop"],"picked":"Beam Cell","floor":27},{"not_picked":["Leap","Doom and Gloom"],"picked":"Rebound+1","floor":28},{"not_picked":["Scrape","Barrage"],"picked":"Self Repair","floor":30},{"not_picked":["Double Energy","Coolheaded"],"picked":"Hologram","floor":31},{"not_picked":["Biased Cognition","Seek"],"picked":"Multi-Cast","floor":33},{"not_picked":["Hello World","Gash+1"],"picked":"White Noise+1","floor":35},{"not_picked":["Hologram","Force Field","Gash+1"],"picked":"SKIP","floor":36},{"not_picked":["Tempest+1","Redo"],"picked":"Leap+1","floor":38},{"not_picked":["Flash of Steel","Master of Strategy"],"picked":"Dramatic Entrance","floor":39},{"not_picked":["Compile Driver+1","Rebound+1","Storm+1"],"picked":"SKIP","floor":40},{"not_picked":["Gash","Redo+1"],"picked":"Sunder","floor":45},{"not_picked":["Compile Driver+1","Stack"],"picked":"Barrage+1","floor":48},{"not_picked":["Compile Driver+1","Conserve Battery"],"picked":"Rebound+1","floor":48}],"player_experience":55342,"relics_obtained":[{"floor":9,"key":"Darkstone Periapt"},{"floor":10,"key":"Pantograph"},{"floor":23,"key":"Calipers"},{"floor":25,"key":"Ornamental Fan"},{"floor":26,"key":"Regal Pillow"},{"floor":43,"key":"Mercury Hourglass"},{"floor":45,"key":"Prayer Wheel"}],"event_choices":[{"damage_healed":0,"gold_gain":0,"player_choice":"Donut","damage_taken":0,"max_hp_gain":5,"max_hp_loss":0,"event_name":"Big Fish","floor":2,"gold_loss":0},{"damage_healed":0,"gold_gain":75,"player_choice":"Gather Gold","damage_taken":11,"max_hp_gain":0,"max_hp_loss":0,"event_name":"World of Goop","floor":4,"gold_loss":0},{"damage_healed":0,"gold_gain":0,"cards_transformed":["Strike_B"],"player_choice":"Change","damage_taken":0,"max_hp_gain":0,"max_hp_loss":0,"event_name":"Living Wall","floor":7,"gold_loss":0,"cards_obtained":["Conserve Battery"]},{"damage_healed":0,"gold_gain":0,"cards_transformed":["Strike_B"],"player_choice":"Transformed","damage_taken":0,"max_hp_gain":0,"max_hp_loss":0,"event_name":"Transmorgrifier","floor":8,"gold_loss":0,"cards_obtained":["Capacitor"]},{"damage_healed":0,"gold_gain":0,"player_choice":"Trade","damage_taken":0,"relics_obtained":["CultistMask"],"max_hp_gain":0,"max_hp_loss":0,"event_name":"FaceTrader","floor":29,"gold_loss":0},{"damage_healed":0,"gold_gain":0,"player_choice":"Memory 1","damage_taken":0,"max_hp_gain":0,"max_hp_loss":0,"event_name":"SensoryStone","floor":39,"gold_loss":0},{"damage_healed":22,"gold_gain":0,"player_choice":"Writhe","damage_taken":0,"max_hp_gain":0,"max_hp_loss":0,"event_name":"Winding Halls","floor":42,"gold_loss":0,"cards_obtained":["Writhe"]},{"damage_healed":0,"gold_gain":0,"player_choice":"Fight","damage_taken":0,"max_hp_gain":0,"max_hp_loss":0,"event_name":"MindBloom","floor":45,"gold_loss":0}],"is_beta":false,"boss_relics":[{"not_picked":["Tiny House","Empty Cage"],"picked":"Runic Pyramid"},{"not_picked":["White Beast Statue","Orrery"],"picked":"Coffee Dripper"}],"items_purged_floors":[46],"is_endless":false,"potions_floor_spawned":[3,10,11,16,21,23,25,27,28,31,38],"killed_by":"Awakened One","ascension_level":0}