{"gold_per_floor":[118,118,134,152,166,191,191,202,225,252,252,281,291,303,303,303],"floor_reached":16,"playtime":661,"items_purged":[],"score":155,"play_id":"0c2bd645-97d9-48a3-90e9-71b50cc9198b","local_time":"20190117072353","is_ascension_mode":true,"campfire_choices":[{"data":"Zap","floor":7,"key":"SMITH"},{"floor":15,"key":"REST"}],"neow_cost":"NONE","seed_source_timestamp":653523302460866,"circlet_count":0,"master_deck":["Strike_B","Strike_B","Strike_B","Strike_B","Defend_B","Defend_B","Defend_B","Defend_B","Zap+1","Dualcast","Panacea","Redo","Lockon","Conserve Battery","Coolheaded","Defragment","Heatsinks","Loop","Loop","FTL","Beam Cell"],"relics":["Cracked Core","Bottled Flame","Bronze Scales","Strawberry","Smiling Mask"],"potions_floor_usage":[6,6,6,6,6,14,16],"damage_taken":[{"damage":6,"enemies":"Cultist","floor":1,"turns":4},{"damage":2,"enemies":"Jaw Worm","floor":3,"turns":3},{"damage":2,"enemies":"Small Slimes","floor":4,"turns":3},{"damage":14,"enemies":"Exordium Thugs","floor":5,"turns":5},{"damage":10,"enemies":"3 Sentries","floor":6,"turns":4},{"damage":4,"enemies":"Exordium Wildlife","floor":8,"turns":3},{"damage":10,"enemies":"Lagavulin","floor":10,"turns":8},{"damage":52,"enemies":"Gremlin Nob","floor":12,"turns":6},{"damage":14,"enemies":"Lots of Slimes","floor":13,"turns":4},{"damage":0,"enemies":"Red Slaver","floor":14,"turns":3},{"damage":35,"enemies":"Slime Boss","floor":16,"turns":3}],"seed_played":"7541391441471951693","potions_obtained":[{"floor":1,"key":"EntropicBrew"},{"floor":4,"key":"AttackPotion"},{"floor":10,"key":"Dexterity Potion"},{"floor":12,"key":"LiquidBronze"},{"floor":13,"key":"PowerPotion"},{"floor":14,"key":"Poison Potion"}],"is_trial":false,"path_per_floor":["M","?","M","M","M","E","R","M","T","E","?","E","M","M","R","B"],"character_chosen":"DEFECT","items_purchased":[],"campfire_rested":1,"item_purchase_floors":[],"current_hp_per_floor":[69,69,67,65,51,50,50,46,46,43,70,18,4,4,28,0],"gold":303,"neow_bonus":"RANDOM_COLORLESS","is_prod":false,"is_daily":false,"chose_seed":false,"campfire_upgraded":1,"win_rate":0,"timestamp":1547727833,"path_taken":["M","?","M","?","M","E","R","M","T","E","?","E","M","M","R","BOSS"],"build_version":"2019-01-10","purchased_purges":0,"victory":false,"max_hp_per_floor":[75,75,75,75,75,75,75,75,75,82,82,82,82,82,82,82],"card_choices":[{"not_picked":["Sweeping Beam","Hologram"],"picked":"Redo","floor":1},{"not_picked":["Turbo","Glacier"],"picked":"Lockon","floor":3},{"not_picked":["Force Field","Stack"],"picked":"Conserve Battery","floor":4},{"not_picked":["Steam Power","Turbo"],"picked":"Coolheaded","floor":5},{"not_picked":["Coolheaded","Redo"],"picked":"Defragment","floor":6},{"not_picked":["Scrape","Cold Snap"],"picked":"Heatsinks","floor":8},{"not_picked":["Beam Cell","Melter"],"picked":"Loop","floor":10},{"not_picked":["Darkness","Beam Cell"],"picked":"Loop","floor":12},{"not_picked":["Beam Cell","Leap"],"picked":"FTL","floor":13},{"not_picked":["Sweeping Beam","Darkness"],"picked":"Beam Cell","floor":14}],"player_experience":115686,"relics_obtained":[{"floor":6,"key":"Bottled Flame"},{"floor":9,"key":"Bronze Scales"},{"floor":10,"key":"Strawberry"},{"floor":12,"key":"Smiling Mask"}],"event_choices":[{"damage_healed":0,"gold_gain":0,"player_choice":"Bought 0 Potions","damage_taken":0,"max_hp_gain":0,"max_hp_loss":0,"event_name":"The Woman in Blue","floor":2,"gold_loss":0},{"damage_healed":27,"gold_gain":0,"player_choice":"Banana","damage_taken":0,"max_hp_gain":0,"max_hp_loss":0,"event_name":"Big Fish","floor":11,"gold_loss":0}],"is_beta":false,"boss_relics":[],"items_purged_floors":[],"is_endless":false,"potions_floor_spawned":[1,4,10,12,13,14],"killed_by":"Slime Boss","ascension_level":5}