{"path_per_floor":["M","M","?","M","$","R","M","R","T","M","R","E","T","M","R","B",null,"M","M","$","?","M","R","?","M","T","$","E","M","R","M","R","B",null,"M","?","M","?","?","R","M","R","T","M","M","R","M","M","R"],"character_chosen":"THE_SILENT","items_purchased":["Envenom","Riddle With Holes"],"gold_per_floor":[111,127,127,143,1,1,17,17,17,37,37,71,71,90,90,190,190,115,115,39,39,39,39,39,39,39,39,39,39,39,39,39,39,39,39,39,39,39,39,39,39,39,39,39,39,39,39,39,39],"floor_reached":50,"campfire_rested":4,"playtime":3905,"current_hp_per_floor":[58,57,57,51,51,51,46,46,46,43,63,44,44,44,64,52,63,59,59,59,46,45,45,45,46,46,46,46,46,46,46,46,40,45,41,35,43,43,43,43,41,41,55,50,25,43,59,27,45],"items_purged":[],"gold":39,"score":710,"play_id":"24acc1e9-d8b1-4d72-a3e1-9c24bde88b58","is_prod":false,"is_daily":false,"is_ascension_mode":true,"campfire_upgraded":7,"path_taken":["M","M","?","M","$","R","?","R","T","M","R","E","?","M","R","BOSS","M","M","$","?","M","R","?","M","T","?","E","M","R","?","R","BOSS","M","?","M","?","?","R","M","R","T","M","?","R","M","?","R","BOSS"],"build_version":"2018-02-22-PROD2","purchased_purges":1,"victory":false,"master_deck":["Survivor","Neutralize","Sucker Punch","Poisoned Stab","Malaise+1","Envenom+1","Backstab","Well Laid Plans+1","Cloak And Dagger","Outmaneuver+1","Storm of Steel","Backflip+1","Footwork+1","Riddle With Holes","Bite","Bite","Bite","Bite","Bite","Dagger Spray","Leg Sweep","Corpse Explosion","Crippling Poison","Blade Dance","Cloak And Dagger","Dodge and Roll","Poisoned Stab","Madness+1","Footwork+1","Catalyst+1","Backflip+1","Escape Plan","Burst"],"max_hp_per_floor":[70,70,67,67,67,67,67,67,67,67,67,67,67,67,67,67,67,67,67,67,46,46,46,46,46,46,46,46,46,46,46,46,46,46,46,46,46,46,46,46,46,46,60,60,60,60,60,60,60],"relics":["Question Card","Ice Cream","Oddly Smooth Stone","Thread and Needle","Ectoplasm","Happy Flower","Bag of Preparation","Pandora\u0027s Box","Mango"],"card_choices":[{"not_picked":["Deflect","Flying Knee","Finisher"],"picked":"Sucker Punch"},{"not_picked":["Calculated Gamble","Catalyst","Underhanded Strike"],"picked":"Poisoned Stab"},{"not_picked":["Outmaneuver","Crippling Poison","Riddle With Holes"],"picked":"Malaise"},{"not_picked":["Slice","Acrobatics","Deadly Poison"],"picked":"Backstab"},{"not_picked":["Setup","Sucker Punch","Dagger Throw"],"picked":"Well Laid Plans"},{"not_picked":["A Thousand Cuts","Eviscerate","Poisoned Stab"],"picked":"Cloak And Dagger"},{"not_picked":["Underhanded Strike","Flying Knee","Calculated Gamble"],"picked":"Outmaneuver"},{"not_picked":["Bullet Time","Grand Finale","Night Terror"],"picked":"Storm of Steel"},{"not_picked":["Dodge and Roll","Prepared","Dash"],"picked":"Backflip"},{"not_picked":["Dagger Spray","Outmaneuver","Tactician"],"picked":"Footwork"},{"not_picked":["Acrobatics","Crippling Poison","Backflip"],"picked":"Dagger Spray"},{"not_picked":["All Out Attack","Deflect","Caltrops"],"picked":"Leg Sweep"},{"not_picked":["Night Terror","Venomology","Wraith Form"],"picked":"Corpse Explosion"},{"not_picked":["Infinite Blades","Underhanded Strike","Glass Knife"],"picked":"Footwork"},{"not_picked":["Predator","Deadly Poison","Escape Plan"],"picked":"Catalyst"},{"not_picked":["Dagger Spray","Setup","Quick Slash"],"picked":"Backflip"},{"not_picked":["Deadly Poison","Slice","PiercingWail"],"picked":"Escape Plan"},{"not_picked":["Dagger Throw","Outmaneuver","Cloak And Dagger"],"picked":"Burst"}],"player_experience":282452,"potions_floor_usage":[50],"damage_taken":[{"damage":5.0,"enemies":"Cultist","floor":1.0,"turns":6.0},{"damage":1.0,"enemies":"Small Slimes","floor":2.0,"turns":4.0},{"damage":6.0,"enemies":"Jaw Worm","floor":4.0,"turns":5.0},{"damage":5.0,"enemies":"Red Slaver","floor":7.0,"turns":5.0},{"damage":3.0,"enemies":"Exordium Thugs","floor":10.0,"turns":5.0},{"damage":19.0,"enemies":"Gremlin Nob","floor":12.0,"turns":5.0},{"damage":0.0,"enemies":"Exordium Wildlife","floor":14.0,"turns":5.0},{"damage":12.0,"enemies":"Slime Boss","floor":16.0,"turns":16.0},{"damage":4.0,"enemies":"2 Thieves","floor":18.0,"turns":5.0},{"damage":0.0,"enemies":"Chosen","floor":19.0,"turns":7.0},{"damage":12.0,"enemies":"Sentry and Sphere","floor":22.0,"turns":10.0},{"damage":2.0,"enemies":"Centurion and Healer","floor":25.0,"turns":7.0},{"damage":17.0,"enemies":"Book of Stabbing","floor":28.0,"turns":7.0},{"damage":0.0,"enemies":"3 Cultists","floor":29.0,"turns":6.0},{"damage":0.0,"enemies":"Snecko","floor":31.0,"turns":5.0},{"damage":23.0,"enemies":"Automaton","floor":33.0,"turns":15.0},{"damage":33.0,"enemies":"3 Darklings","floor":35.0,"turns":13.0},{"damage":2.0,"enemies":"Orb Walker","floor":37.0,"turns":6.0},{"damage":43.0,"enemies":"3 Darklings","floor":41.0,"turns":19.0},{"damage":17.0,"enemies":"Maw","floor":44.0,"turns":7.0},{"damage":45.0,"enemies":"4 Shapes","floor":45.0,"turns":9.0},{"damage":22.0,"enemies":"3 Darklings","floor":47.0,"turns":16.0},{"damage":59.0,"enemies":"Sphere and 2 Shapes","floor":48.0,"turns":12.0},{"damage":59,"enemies":"Awakened One","floor":50,"turns":9}],"event_choices":[{"event_name":"Living Wall","player_choice":"Forget","floor":3.0,"damage_taken":0.0},{"event_name":"Vampires","player_choice":"Became a vampire","floor":21.0,"damage_taken":0.0},{"event_name":"Drug Dealer","player_choice":"Ignored","floor":24.0,"damage_taken":0.0},{"event_name":"Winding Halls","player_choice":"Embrace Madness","floor":36.0,"damage_taken":0.0},{"event_name":"The Lab","player_choice":"Got Potions","floor":39.0,"damage_taken":0.0}],"boss_relics":[],"potions_floor_spawned":[4,14,19,28,29,41,44,47],"seed_played":"-8510350087447390094","killed_by":"Awakened One","ascension_level":11,"is_trial":false}