{"gold_per_floor":[109,120,132,144,144,144,163,163,186,202,222,55,70,100,100,100],"floor_reached":16,"playtime":876,"items_purged":[],"score":207,"play_id":"6ef69278-1b8f-4024-83b5-e4dbe51bd8a0","local_time":"20181021132419","is_ascension_mode":true,"campfire_choices":[{"data":"Dagger Spray","floor":6,"key":"SMITH"},{"data":"Neutralize","floor":8,"key":"SMITH"},{"floor":15,"key":"REST"}],"neow_cost":"NONE","seed_source_timestamp":1011702741578055,"circlet_count":0,"master_deck":["Defend_G","Defend_G","Defend_G","Defend_G","Defend_G","Strike_G","Strike_G","Strike_G","Strike_G","Strike_G","Survivor","Neutralize+1","AscendersBane","Leg Sweep","Well Laid Plans","Dagger Spray+1","Slice","Choke","Footwork","Finesse","Footwork"],"relics":["Ring of the Snake","Centennial Puzzle","Bag of Marbles"],"potions_floor_usage":[4,10,14,16,16],"damage_taken":[{"damage":1,"enemies":"2 Louse","floor":1,"turns":3},{"damage":1,"enemies":"Small Slimes","floor":2,"turns":6},{"damage":0,"enemies":"Jaw Worm","floor":3,"turns":5},{"damage":25,"enemies":"Gremlin Gang","floor":4,"turns":10},{"damage":1,"enemies":"2 Fungi Beasts","floor":7,"turns":4},{"damage":6,"enemies":"Exordium Thugs","floor":10,"turns":5},{"damage":0,"enemies":"Blue Slaver","floor":11,"turns":6},{"damage":0,"enemies":"3 Louse","floor":13,"turns":5},{"damage":9,"enemies":"3 Sentries","floor":14,"turns":8},{"damage":52,"enemies":"Slime Boss","floor":16,"turns":10}],"seed_played":"-7048216519212257772","potions_obtained":[{"floor":2,"key":"Weak Potion"},{"floor":3,"key":"SkillPotion"},{"floor":7,"key":"Poison Potion"},{"floor":11,"key":"Fire Potion"},{"floor":14,"key":"GamblersBrew"}],"is_trial":false,"path_per_floor":["M","M","M","M","?","R","M","R","T","M","M","$","M","E","R"],"character_chosen":"THE_SILENT","items_purchased":["Footwork","Finesse"],"campfire_rested":1,"item_purchase_floors":[12,12],"current_hp_per_floor":[64,63,63,38,38,38,37,37,37,31,31,31,31,22,43,0],"gold":100,"neow_bonus":"TEN_PERCENT_HP_BONUS","is_prod":false,"is_daily":false,"chose_seed":false,"campfire_upgraded":2,"win_rate":0,"timestamp":1540142659,"path_taken":["M","M","M","M","?","R","M","R","T","M","M","$","M","E","R","BOSS"],"build_version":"2018-10-18","purchased_purges":0,"victory":false,"max_hp_per_floor":[72,72,72,72,72,72,72,72,72,72,72,72,72,72,72,72],"card_choices":[{"not_picked":["PiercingWail","Deflect"],"picked":"Leg Sweep","floor":1},{"not_picked":["Terror","Deflect"],"picked":"Well Laid Plans","floor":2},{"not_picked":["Prepared","Flying Knee","Poisoned Stab"],"picked":"SKIP","floor":3},{"not_picked":["Cloak And Dagger","Flying Knee"],"picked":"Dagger Spray","floor":4},{"not_picked":["Accuracy","Distraction"],"picked":"Slice","floor":7},{"not_picked":["PiercingWail","Slice","Blade Dance"],"picked":"SKIP","floor":10},{"not_picked":["Sucker Punch","Doppelganger"],"picked":"Choke","floor":11},{"not_picked":["Poisoned Stab","Accuracy"],"picked":"Footwork","floor":13},{"not_picked":["Dagger Spray","Dagger Throw","Flechettes"],"picked":"SKIP","floor":14}],"player_experience":783433,"relics_obtained":[{"floor":9,"key":"Centennial Puzzle"},{"floor":14,"key":"Bag of Marbles"}],"event_choices":[{"damage_healed":0,"gold_gain":0,"player_choice":"Ignored","damage_taken":0,"max_hp_gain":0,"max_hp_loss":0,"event_name":"Liars Game","floor":5,"gold_loss":0}],"is_beta":false,"boss_relics":[],"items_purged_floors":[],"is_endless":false,"potions_floor_spawned":[2,3,7,11,14],"killed_by":"Slime Boss","ascension_level":19}