{"gold_per_floor":[114,64,64,83,158,158,190,205,205,217,247,263,263],"floor_reached":13,"playtime":410,"items_purged":[],"score":114,"play_id":"99b2c825-d00e-46b6-bda9-520c92a81c70","local_time":"20190128155948","is_ascension_mode":true,"campfire_choices":[{"data":"Hemokinesis","floor":6.0,"key":"SMITH"}],"neow_cost":"NONE","seed_source_timestamp":945635150466726,"circlet_count":0,"master_deck":["Strike_R","Strike_R","Strike_R+1","Strike_R+1","Defend_R","Defend_R","Defend_R","Defend_R","Bash","Hemokinesis+1","Iron Wave","Dropkick","Cleave","Havoc","Clash"],"special_seed":0,"relics":["Burning Blood","Torii","Bottled Lightning","Prayer Wheel"],"potions_floor_usage":[10,11],"damage_taken":[{"damage":6.0,"enemies":"2 Louse","floor":1.0,"turns":4.0},{"damage":2.0,"enemies":"Small Slimes","floor":4.0,"turns":4.0},{"damage":21.0,"enemies":"Gremlin Nob","floor":7.0,"turns":4.0},{"damage":1.0,"enemies":"Jaw Worm","floor":8.0,"turns":4.0},{"damage":16,"enemies":"Exordium Thugs","floor":10,"turns":6},{"damage":22,"enemies":"Lagavulin","floor":11,"turns":5},{"damage":2,"enemies":"3 Louse","floor":12,"turns":2},{"damage":26,"enemies":"Gremlin Gang","floor":13,"turns":3}],"seed_played":"719348208866783659","potions_obtained":[{"floor":4.0,"key":"SpeedPotion"},{"floor":10,"key":"FearPotion"}],"is_trial":false,"path_per_floor":["M","?","?","M","?","R","E","M","T","M","E","M","M"],"character_chosen":"IRONCLAD","items_purchased":[],"campfire_rested":0,"item_purchase_floors":[],"current_hp_per_floor":[80,80,64,68,57,57,42,47,47,37,21,25,0],"gold":263,"neow_bonus":"THREE_CARDS","is_prod":false,"is_daily":false,"chose_seed":false,"campfire_upgraded":1,"win_rate":0,"timestamp":1548709188,"path_taken":["M","?","?","M","?","R","E","?","T","M","E","M","M"],"build_version":"2019-01-23","purchased_purges":0,"victory":false,"max_hp_per_floor":[80,80,80,80,80,80,80,80,80,80,80,80,80],"card_choices":[{"not_picked":["Twin Strike","Iron Wave"],"picked":"Hemokinesis","floor":0.0},{"not_picked":["Burning Pact","Twin Strike"],"picked":"Iron Wave","floor":1.0},{"not_picked":["Warcry","Thunderclap"],"picked":"Dropkick","floor":4.0},{"not_picked":["Sword Boomerang","Metallicize","Fire Breathing"],"picked":"SKIP","floor":7.0},{"not_picked":["Juggernaut","Perfected Strike"],"picked":"Cleave","floor":8.0},{"not_picked":["True Grit","Sever Soul","Anger"],"picked":"SKIP","floor":10},{"not_picked":["Shrug It Off","Fire Breathing"],"picked":"Havoc","floor":11},{"not_picked":["Sword Boomerang","Body Slam"],"picked":"Clash","floor":12},{"not_picked":["Twin Strike","Pommel Strike","Second Wind"],"picked":"SKIP","floor":12}],"player_experience":233796,"relics_obtained":[{"floor":7.0,"key":"Torii"},{"floor":9.0,"key":"Bottled Lightning"},{"floor":11,"key":"Prayer Wheel"}],"event_choices":[{"cards_removed":["Strike_R"],"damage_healed":0.0,"max_hp_gain":0.0,"max_hp_loss":0.0,"gold_gain":0.0,"event_name":"The Cleric","player_choice":"Card Removal","floor":2.0,"gold_loss":50.0,"damage_taken":0.0},{"damage_healed":0.0,"max_hp_gain":0.0,"max_hp_loss":0.0,"gold_gain":0.0,"event_name":"Shining Light","player_choice":"Entered Light","floor":3.0,"gold_loss":0.0,"damage_taken":16.0,"cards_upgraded":["Strike_R","Strike_R"]},{"damage_healed":0.0,"max_hp_gain":0.0,"max_hp_loss":0.0,"gold_gain":75.0,"event_name":"World of Goop","player_choice":"Gather Gold","floor":5.0,"gold_loss":0.0,"damage_taken":11.0}],"is_beta":false,"boss_relics":[],"items_purged_floors":[],"is_endless":false,"potions_floor_spawned":[4,10],"killed_by":"Gremlin Gang","ascension_level":4}