{"path_per_floor":["M","M","?","M","$","R","E","M","T","R","M","R","M","?","R","B",null,"M","?","$","?","M","R","$","R","T","?","M","?","?"],"character_chosen":"IRONCLAD","items_purchased":["Pommel Strike","Heavy Blade","Shuriken","Shrug It Off","Poison Potion"],"gold_per_floor":[110,129,204,224,99,99,132,150,150,150,166,166,184,359,359,458,458,473,473,99,99,114,114,18,18,18,18,38,38,0,0],"floor_reached":31,"campfire_rested":0,"playtime":3555,"current_hp_per_floor":[70,78,67,74,74,74,73,80,94,94,94,94,94,94,94,7,94,76,76,76,57,44,44,44,44,44,44,7,7,7,0],"items_purged":["Strike_R","Strike_R"],"gold":0,"score":258,"play_id":"4b4cd720-8093-42ea-bf32-e5572e57771d","local_time":"20180515160459","is_prod":false,"is_daily":false,"chose_seed":false,"is_ascension_mode":false,"campfire_upgraded":6,"timestamp":1526396699,"path_taken":["M","M","?","M","$","R","E","M","T","R","M","R","?","?","R","BOSS","M","?","$","?","?","R","$","R","T","?","M","?","?","M"],"build_version":"2018-05-10","seed_source_timestamp":218173724330072,"purchased_purges":3,"victory":false,"master_deck":["Strike_R","Strike_R","Strike_R","Defend_R","Defend_R","Defend_R","Defend_R","Bash+1","Cleave+1","Battle Trance","Shrug It Off+1","Pommel Strike","Headbutt","Armaments+1","Doubt","Limit Break","Flex+1","Limit Break+1","Heavy Blade+1","Shrug It Off","Rage+1"],"max_hp_per_floor":[80,80,80,80,80,80,80,80,94,94,94,94,94,94,94,94,94,94,94,94,99,99,99,99,99,99,99,99,99,99,99],"relics":["Burning Blood","Blood Vial","Ornamental Fan","Mango","Black Star","Shuriken","Letter Opener"],"card_choices":[{"not_picked":["Wild Strike","Corruption"],"picked":"Cleave","floor":1},{"not_picked":["Combust","Rage"],"picked":"Battle Trance","floor":2},{"not_picked":["Anger","Body Slam"],"picked":"Shrug It Off","floor":4},{"not_picked":["Twin Strike","Corruption"],"picked":"Headbutt","floor":7},{"not_picked":["Power Through","Pummel"],"picked":"Armaments","floor":8},{"not_picked":["Impervious","Double Tap"],"picked":"Limit Break","floor":16},{"not_picked":["Anger","Perfected Strike"],"picked":"Flex","floor":18},{"not_picked":["Twin Strike","Iron Wave"],"picked":"Rage","floor":28}],"player_experience":62535,"potions_floor_usage":[16,16,22,22,31],"damage_taken":[{"damage":16,"enemies":"Jaw Worm","floor":1,"turns":4},{"damage":0,"enemies":"2 Louse","floor":2,"turns":3},{"damage":1,"enemies":"Cultist","floor":4,"turns":4},{"damage":9,"enemies":"3 Sentries","floor":7,"turns":6},{"damage":1,"enemies":"2 Fungi Beasts","floor":8,"turns":2},{"damage":0,"enemies":"Blue Slaver","floor":11,"turns":4},{"damage":1,"enemies":"Large Slime","floor":13,"turns":7},{"damage":93,"enemies":"Hexaghost","floor":16,"turns":14},{"damage":24,"enemies":"Shell Parasite","floor":18,"turns":19},{"damage":39,"enemies":"Chosen","floor":22,"turns":6},{"damage":45,"enemies":"Snecko","floor":28,"turns":8},{"damage":15,"enemies":"Sentry and Sphere","floor":31,"turns":3}],"event_choices":[{"event_name":"World of Goop","player_choice":"Gather Gold","floor":3,"damage_taken":0},{"event_name":"Liars Game","player_choice":"agreed","floor":14,"damage_taken":0},{"event_name":"Duplicator","player_choice":"One dupe","floor":19,"damage_taken":0},{"event_name":"Forgotten Altar","player_choice":"Shed Blood","floor":21,"damage_taken":0},{"event_name":"Ghosts","player_choice":"Ignored","floor":27,"damage_taken":0},{"event_name":"Accursed Blacksmith","player_choice":"Forge","floor":29,"damage_taken":0},{"event_name":"Masked Bandits","player_choice":"Paid Bandits 38 gold","floor":30,"damage_taken":0}],"boss_relics":[{"not_picked":["Calling Bell","Runic Dome"],"picked":"Black Star"}],"potions_floor_spawned":[2,4,16,18,28],"seed_played":"-4214170510049328685","killed_by":"Sentry and Sphere","ascension_level":0,"is_trial":false}