{"path_per_floor":["M","M","?","M","?","R","E","R","T","R","E","M","M","E","R","B",null,"M","?","$","?","M","E","M","R","T","M","E","T","R","M","R","B",null,"M","M","M","?","?","R","E","M","T","M","?","E","?","M","R","B"],"character_chosen":"THE_SILENT","items_purchased":["Apotheosis","Noxious Fumes"],"gold_per_floor":[115,133,133,145,145,145,172,172,172,172,204,214,226,254,254,359,359,359,359,11,11,11,11,11,11,11,11,11,11,11,11,11,11,11,11,11,11,11,0,0,0,0,0,0,0,0,0,0,0,0],"floor_reached":51,"campfire_rested":6,"playtime":3173,"current_hp_per_floor":[67,67,53,47,47,47,40,61,61,61,58,54,47,29,29,27,59,70,70,70,70,70,50,42,63,73,44,42,42,66,66,80,80,80,80,70,56,56,56,80,68,31,31,33,33,40,70,56,70,22],"items_purged":["Strike_G"],"gold":0,"score":828,"play_id":"23ab32ce-8c11-418f-9ac0-bc0ee394f29b","is_prod":false,"is_daily":false,"is_ascension_mode":true,"campfire_upgraded":3,"path_taken":["M","M","?","?","?","R","E","R","T","R","E","M","M","E","R","BOSS","M","?","$","?","?","E","M","R","T","M","E","?","R","?","R","BOSS","M","M","M","?","?","R","E","M","T","?","?","E","?","M","R","BOSS"],"build_version":"2018-02-15-PROD1","purchased_purges":1,"victory":true,"master_deck":["Defend_G+1","Defend_G+1","Defend_G","Defend_G","Defend_G","Strike_G","Strike_G","Strike_G","Strike_G","Survivor","Neutralize+1","Noxious Fumes+1","Deflect","Well Laid Plans","Deadly Poison","Malaise+1","Backflip","Distraction","Corpse Explosion","Footwork","Neutralize","Bouncing Flask","Apotheosis","Noxious Fumes","Footwork+1","Backflip+1","Calculated Gamble+1","Leg Sweep+1","Noxious Fumes+1","Deflect+1","Bullet Time"],"max_hp_per_floor":[70,70,70,70,70,70,70,70,70,70,70,70,70,70,70,70,70,70,70,70,70,70,70,70,70,80,80,80,80,80,80,80,80,80,80,80,80,80,80,80,80,80,80,80,80,80,70,70,70,70],"relics":["Bottled Flame","Gambling Chip","Snake Skull","Dodecahedron","Ectoplasm","Nloth\u0027s Gift","Pen Nib","Pear","Vajra","Bag of Preparation","Runic Dome","Red Mask","Letter Opener","Bird Faced Urn","Ninja Scroll"],"card_choices":[{"not_picked":["Dagger Spray","Bane"],"picked":"Noxious Fumes"},{"not_picked":["Terror","All Out Attack"],"picked":"Deflect"},{"not_picked":["Sucker Punch","Setup"],"picked":"Well Laid Plans"},{"not_picked":["Dodge and Roll","Flying Knee"],"picked":"Deadly Poison"},{"not_picked":["Heel Hook","Concentrate"],"picked":"Malaise"},{"not_picked":["Caltrops","Dodge and Roll"],"picked":"Backflip"},{"not_picked":["Flechettes","Underhanded Strike"],"picked":"Distraction"},{"not_picked":["A Thousand Cuts","Wraith Form"],"picked":"Corpse Explosion"},{"not_picked":["Malaise","Infinite Blades"],"picked":"Footwork"},{"not_picked":["Flying Knee","PiercingWail"],"picked":"Footwork"},{"not_picked":["Bouncing Flask","Slice"],"picked":"Backflip"},{"not_picked":["Phantasmal Killer","Flechettes"],"picked":"Calculated Gamble"},{"not_picked":["Slice","Backflip"],"picked":"Leg Sweep"},{"not_picked":["Endless Agony","Flying Knee"],"picked":"Deflect"},{"not_picked":["Deflect","Bane"],"picked":"Bullet Time"}],"player_experience":192972,"potions_floor_usage":[14,18,22,23,23,23,46],"damage_taken":[{"damage":3,"enemies":"Jaw Worm","floor":1,"turns":6},{"damage":0,"enemies":"Cultist","floor":2,"turns":4},{"damage":6,"enemies":"2 Louse","floor":4,"turns":3},{"damage":7,"enemies":"3 Sentries","floor":7,"turns":6},{"damage":3,"enemies":"Lagavulin","floor":11,"turns":7},{"damage":4,"enemies":"Large Slime","floor":12,"turns":7},{"damage":7,"enemies":"Gremlin Gang","floor":13,"turns":4},{"damage":18,"enemies":"Gremlin Nob","floor":14,"turns":5},{"damage":2,"enemies":"Hexaghost","floor":16,"turns":9},{"damage":1,"enemies":"Chosen","floor":18,"turns":6},{"damage":0,"enemies":"3 Byrds","floor":22,"turns":4},{"damage":20,"enemies":"Slavers","floor":23,"turns":4},{"damage":8,"enemies":"Centurion and Healer","floor":24,"turns":6},{"damage":29,"enemies":"Cultist and Chosen","floor":27,"turns":5},{"damage":2,"enemies":"Book of Stabbing","floor":28,"turns":8},{"damage":0,"enemies":"Chosen and Byrds","floor":31,"turns":6},{"damage":0,"enemies":"Champ","floor":33,"turns":9},{"damage":0,"enemies":"3 Shapes","floor":35,"turns":3},{"damage":10,"enemies":"Orb Walker","floor":36,"turns":5},{"damage":14,"enemies":"Sphere and 2 Shapes","floor":37,"turns":5},{"damage":12,"enemies":"Giant Head","floor":41,"turns":8},{"damage":37,"enemies":"3 Darklings","floor":42,"turns":5},{"damage":10,"enemies":"Maw","floor":44,"turns":7},{"damage":5,"enemies":"Nemesis","floor":46,"turns":7},{"damage":14,"enemies":"4 Shapes","floor":48,"turns":5},{"damage":48,"enemies":"Time Eater","floor":50,"turns":7}],"event_choices":[{"event_name":"Shining Light","player_choice":"Entered Light","floor":3,"damage_taken":0},{"event_name":"Liars Game","player_choice":"disagreed","floor":5,"damage_taken":0},{"event_name":"Match and Keep!","player_choice":"2 cards matched","floor":19,"damage_taken":0},{"event_name":"N\u0027loth","player_choice":"Traded a Ring of the Snake","floor":21,"damage_taken":0},{"event_name":"Duplicator","player_choice":"One dupe","floor":38,"damage_taken":0},{"event_name":"Tomb of Lord Red Mask","player_choice":"Paid","floor":39,"damage_taken":0},{"event_name":"Mysterious Sphere","player_choice":"Ignore","floor":45,"damage_taken":0},{"event_name":"The Moai Head","player_choice":"Heal","floor":47,"damage_taken":0}],"boss_relics":[{"not_picked":["Lizard Tail","Cursed Key"],"picked":"Ectoplasm"},{"not_picked":["The Specimen","White Beast Statue"],"picked":"Runic Dome"}],"potions_floor_spawned":[1,7,11,12,16,18,22,23,33,37,41,46],"seed_played":"-2892411991801011957","ascension_level":5,"is_trial":false}