{"gold_per_floor":[112,187,187,197,212,212,212,69,69,98,115,125,155,167,167,167],"floor_reached":16,"playtime":594,"items_purged":[],"score":140,"play_id":"ffb50a10-a43a-484f-ab14-6bb8f8a80633","local_time":"20190220163436","is_ascension_mode":true,"campfire_choices":[{"data":"Havoc","floor":6,"key":"SMITH"},{"data":"Juggernaut","floor":15,"key":"SMITH"}],"neow_cost":"NONE","seed_source_timestamp":663061334065867,"circlet_count":0,"master_deck":["Strike_R","Strike_R","Strike_R","Strike_R","Defend_R","Defend_R","Defend_R+1","Defend_R","Bash+1","Havoc+1","Havoc+1","Disarm","Shrug It Off","Juggernaut+1","Corruption","Shrug It Off","Shockwave"],"relics":["Burning Blood","Anchor","Kunai","Smiling Mask","WingedGreaves"],"potions_floor_usage":[10,10,13,16],"damage_taken":[{"damage":0,"enemies":"Small Slimes","floor":1,"turns":3},{"damage":0,"enemies":"2 Louse","floor":4,"turns":3},{"damage":1,"enemies":"Jaw Worm","floor":5,"turns":4},{"damage":24,"enemies":"Gremlin Nob","floor":10,"turns":5},{"damage":4,"enemies":"Red Slaver","floor":11,"turns":6},{"damage":0,"enemies":"Blue Slaver","floor":12,"turns":4},{"damage":36,"enemies":"3 Sentries","floor":13,"turns":9},{"damage":11,"enemies":"Large Slime","floor":14,"turns":7},{"damage":47,"enemies":"The Guardian","floor":16,"turns":11}],"seed_played":"3962050984733151451","potions_obtained":[{"floor":4,"key":"Regen Potion"},{"floor":5,"key":"Regen Potion"},{"floor":10,"key":"Dexterity Potion"},{"floor":14,"key":"LiquidBronze"}],"is_trial":false,"path_per_floor":["M","?","?","M","M","R","?","$","T","E","M","M","E","M","R","B"],"character_chosen":"IRONCLAD","items_purchased":["Anchor"],"campfire_rested":0,"item_purchase_floors":[8],"current_hp_per_floor":[80,69,69,75,80,80,64,64,64,75,77,80,50,45,45,0],"gold":167,"neow_bonus":"UPGRADE_CARD","is_prod":false,"is_daily":false,"chose_seed":false,"campfire_upgraded":2,"win_rate":0,"timestamp":1550698476,"path_taken":["M","?","?","M","M","R","?","$","T","E","?","M","E","M","R","BOSS"],"build_version":"2019-01-23","purchased_purges":0,"victory":false,"max_hp_per_floor":[80,80,80,80,80,80,80,80,80,80,80,80,80,80,80,80],"card_choices":[{"not_picked":["Body Slam","Sword Boomerang"],"picked":"Havoc","floor":1},{"not_picked":["Dual Wield","Armaments"],"picked":"Disarm","floor":4},{"not_picked":["Searing Blow","Sword Boomerang"],"picked":"Shrug It Off","floor":5},{"not_picked":["Dropkick","Dark Embrace"],"picked":"Juggernaut","floor":10},{"not_picked":["Cleave","Twin Strike"],"picked":"Corruption","floor":11},{"not_picked":["Twin Strike","Body Slam"],"picked":"Shrug It Off","floor":12},{"not_picked":["Rampage","Havoc","Thunderclap"],"picked":"SKIP","floor":13},{"not_picked":["Spot Weakness","Anger"],"picked":"Shockwave","floor":14}],"player_experience":325981,"relics_obtained":[{"floor":9,"key":"Kunai"},{"floor":10,"key":"Smiling Mask"},{"floor":13,"key":"WingedGreaves"}],"event_choices":[{"damage_healed":0,"gold_gain":75,"player_choice":"Gather Gold","damage_taken":11,"max_hp_gain":0,"max_hp_loss":0,"event_name":"World of Goop","floor":2,"gold_loss":0},{"damage_healed":0,"gold_gain":0,"cards_transformed":["Strike_R"],"player_choice":"Change","damage_taken":0,"max_hp_gain":0,"max_hp_loss":0,"event_name":"Living Wall","floor":3,"gold_loss":0,"cards_obtained":["Havoc"]},{"damage_healed":0,"gold_gain":0,"player_choice":"Entered Light","damage_taken":16,"max_hp_gain":0,"max_hp_loss":0,"event_name":"Shining Light","floor":7,"gold_loss":0,"cards_upgraded":["Havoc","Defend_R"]}],"is_beta":false,"boss_relics":[],"items_purged_floors":[],"is_endless":false,"potions_floor_spawned":[4,5,10,14],"killed_by":"The Guardian","ascension_level":5}