{"gold_per_floor":[110,124,136,147,164,164,177,132,186,186,186],"floor_reached":11,"playtime":441,"items_purged":[],"score":101,"play_id":"268bba95-b016-4b2c-aa70-0805256c6f86","local_time":"20180706191405","is_ascension_mode":true,"campfire_choices":[{"data":"True Grit","floor":6,"key":"SMITH"},{"floor":10,"key":"REST"}],"neow_cost":"FIFTY_PERCENT_DAMAGE","seed_source_timestamp":561280156756099,"circlet_count":0,"master_deck":["Strike_R","Strike_R","Strike_R","Strike_R","Strike_R","Defend_R","Defend_R","Defend_R","Defend_R","Bash","AscendersBane","Demon Form","Thunderclap","Armaments","True Grit+1","Double Tap"],"relics":["Burning Blood","Oddly Smooth Stone"],"potions_floor_usage":[11],"damage_taken":[{"damage":10,"enemies":"2 Louse","floor":1,"turns":3},{"damage":3,"enemies":"Small Slimes","floor":2,"turns":4},{"damage":9,"enemies":"Jaw Worm","floor":3,"turns":4},{"damage":19,"enemies":"3 Louse","floor":4,"turns":3},{"damage":11,"enemies":"2 Fungi Beasts","floor":5,"turns":5},{"damage":11,"enemies":"Large Slime","floor":7,"turns":7},{"damage":5,"enemies":"Looter","floor":8,"turns":5},{"damage":36,"enemies":"3 Sentries","floor":11,"turns":6}],"seed_played":"-2375323108978647143","potions_obtained":[{"floor":4,"key":"FearPotion"},{"floor":5,"key":"SmokeBomb"},{"floor":7,"key":"LiquidBronze"}],"is_trial":false,"path_per_floor":["M","M","M","M","M","R","M","M","T","R"],"character_chosen":"IRONCLAD","items_purchased":[],"campfire_rested":1,"item_purchase_floors":[],"current_hp_per_floor":[32,35,32,19,14,14,9,10,10,34,0],"gold":186,"neow_bonus":"THREE_RARE_CARDS","is_prod":false,"is_daily":false,"chose_seed":false,"campfire_upgraded":1,"win_rate":0,"timestamp":1530918845,"path_taken":["M","M","M","M","M","R","M","M","T","R","E"],"build_version":"2018-07-05","purchased_purges":0,"victory":false,"max_hp_per_floor":[80,80,80,80,80,80,80,80,80,80,80],"card_choices":[{"not_picked":["Exhume","Brutality"],"picked":"Demon Form","floor":0},{"not_picked":["Warcry","Clash","Rupture"],"picked":"SKIP","floor":1},{"not_picked":["Warcry","Headbutt","Sever Soul"],"picked":"SKIP","floor":2},{"not_picked":["Havoc","Burning Pact"],"picked":"Thunderclap","floor":3},{"not_picked":["Hemokinesis","Iron Wave"],"picked":"Armaments","floor":4},{"not_picked":["Metallicize","Reckless Charge"],"picked":"True Grit","floor":5},{"not_picked":["Twin Strike","Corruption"],"picked":"Double Tap","floor":7},{"not_picked":["Feel No Pain","Seeing Red","Bloodletting"],"picked":"SKIP","floor":8}],"player_experience":389754,"relics_obtained":[{"floor":9,"key":"Oddly Smooth Stone"}],"event_choices":[],"boss_relics":[],"items_purged_floors":[],"is_endless":false,"potions_floor_spawned":[4,5,7],"killed_by":"3 Sentries","ascension_level":10}