{"gold_per_floor":[115,126,126,76,49,75,86,105,152,178,195,195,195,230,230,327,327,346,72,3,18,18,18,36,56,56,56,6,17,36,50,50,50],"floor_reached":33,"playtime":1496,"items_purged":["Eviscerate+1"],"score":471,"play_id":"4f448170-6db2-4846-a95d-489fcd00eb6c","local_time":"20190224094337","is_ascension_mode":true,"campfire_choices":[{"data":"Venomology","floor":12,"key":"SMITH"},{"data":"Neutralize","floor":15,"key":"SMITH"},{"floor":23,"key":"REST"},{"floor":32,"key":"REST"}],"neow_cost":"NONE","seed_source_timestamp":983106777614912,"circlet_count":0,"master_deck":["AscendersBane","Defend_G","Defend_G","Defend_G","Defend_G","Defend_G","Strike_G","Survivor","Neutralize+1","Flying Knee","Dagger Spray","Deflect","PiercingWail","Heel Hook+1","Venomology+1","Deflect","Bouncing Flask","Envenom","Grand Finale+1","Deadly Poison+1","Deflect+1","Backstab+1","Well Laid Plans","Flash of Steel+1","Dash+1","Sucker Punch+1","Reflex","PiercingWail","Cloak And Dagger+1","Backstab+1"],"relics":["Ring of the Snake","Molten Egg 2","Ancient Tea Set","Vajra","Boot","Astrolabe","Membership Card","Nloth\u0027s Gift","Paper Crane"],"potions_floor_usage":[10,10,14,14,16,16,16,24,24,25,25,27,27,29,31,31,33],"damage_taken":[{"damage":0,"enemies":"2 Louse","floor":1,"turns":1},{"damage":0,"enemies":"Jaw Worm","floor":2,"turns":1},{"damage":0,"enemies":"3 Sentries","floor":6,"turns":1},{"damage":2,"enemies":"Cultist","floor":7,"turns":4},{"damage":0,"enemies":"3 Louse","floor":8,"turns":4},{"damage":13,"enemies":"Gremlin Nob","floor":10,"turns":4},{"damage":0,"enemies":"Lots of Slimes","floor":11,"turns":2},{"damage":17,"enemies":"Lagavulin","floor":14,"turns":6},{"damage":30,"enemies":"The Guardian","floor":16,"turns":11},{"damage":19,"enemies":"Chosen","floor":18,"turns":6},{"damage":24,"enemies":"2 Thieves","floor":21,"turns":5},{"damage":15,"enemies":"Cultist and Chosen","floor":24,"turns":6},{"damage":0,"enemies":"Snake Plant","floor":25,"turns":4},{"damage":9,"enemies":"Book of Stabbing","floor":27,"turns":5},{"damage":10,"enemies":"Chosen and Byrds","floor":29,"turns":7},{"damage":8,"enemies":"Centurion and Healer","floor":30,"turns":10},{"damage":1,"enemies":"3 Cultists","floor":31,"turns":5},{"damage":41,"enemies":"Champ","floor":33,"turns":12}],"seed_played":"3662056445371222860","potions_obtained":[{"floor":2,"key":"AttackPotion"},{"floor":6,"key":"GamblersBrew"},{"floor":10,"key":"EssenceOfSteel"},{"floor":13,"key":"PowerPotion"},{"floor":21,"key":"SkillPotion"},{"floor":29,"key":"SpeedPotion"},{"floor":30,"key":"PowerPotion"}],"is_trial":false,"path_per_floor":["M","M","$","?","$","E","M","M","T","E","M","R","?","E","R","B",null,"M","$","$","M","?","R","M","M","T","E","?","M","M","M","R","B"],"character_chosen":"THE_SILENT","items_purchased":["Dagger Spray","Membership Card","Backstab+1","Well Laid Plans","Flash of Steel+1"],"campfire_rested":2,"item_purchase_floors":[5,19,19,20,20],"current_hp_per_floor":[63,63,63,63,63,63,61,61,61,48,48,48,48,31,31,1,53,34,34,34,10,10,31,16,16,16,7,7,12,4,3,24,0],"gold":50,"neow_bonus":"THREE_ENEMY_KILL","is_prod":false,"is_daily":false,"chose_seed":false,"campfire_upgraded":2,"win_rate":0,"timestamp":1551019417,"path_taken":["M","M","$","?","$","E","M","M","T","E","M","R","?","E","R","BOSS","M","?","$","M","?","R","?","M","T","E","?","?","M","M","R","BOSS"],"build_version":"2019-01-23","purchased_purges":1,"victory":false,"max_hp_per_floor":[70,70,70,70,70,70,70,70,70,70,70,70,70,70,70,70,70,70,70,70,70,70,70,70,70,70,70,70,70,70,70,70,70],"card_choices":[{"not_picked":["Underhanded Strike","Sucker Punch","Bane"],"picked":"SKIP","floor":1},{"not_picked":["Prepared","Eviscerate"],"picked":"Flying Knee","floor":2},{"not_picked":["Underhanded Strike","Reflex"],"picked":"Deflect","floor":6},{"not_picked":["Deadly Poison","Blade Dance"],"picked":"PiercingWail","floor":7},{"not_picked":["Accuracy","Concentrate"],"picked":"Heel Hook+1","floor":8},{"not_picked":["Concentrate","Outmaneuver"],"picked":"Venomology","floor":10},{"not_picked":["Masterful Stab+1","Riddle With Holes+1"],"picked":"Deflect","floor":11},{"not_picked":["Quick Slash+1","Outmaneuver"],"picked":"Bouncing Flask","floor":14},{"not_picked":["Doppelganger","After Image"],"picked":"Envenom","floor":16},{"not_picked":["Reflex","Concentrate"],"picked":"Deflect+1","floor":18},{"not_picked":["Eviscerate+1","Prepared"],"picked":"Dash+1","floor":21},{"not_picked":["Flying Knee+1","Doppelganger"],"picked":"Sucker Punch+1","floor":24},{"not_picked":["Sucker Punch+1","Outmaneuver+1"],"picked":"Reflex","floor":25},{"not_picked":["Sucker Punch+1","Dagger Spray+1"],"picked":"PiercingWail","floor":29},{"not_picked":["Flying Knee+1","Riddle With Holes+1"],"picked":"Cloak And Dagger+1","floor":30},{"not_picked":["Dodge and Roll+1","Dagger Throw+1"],"picked":"Backstab+1","floor":31}],"player_experience":357404,"relics_obtained":[{"floor":6,"key":"Molten Egg 2"},{"floor":9,"key":"Ancient Tea Set"},{"floor":10,"key":"Vajra"},{"floor":14,"key":"Boot"},{"floor":26,"key":"Paper Crane"}],"event_choices":[{"cards_removed":["Strike_G"],"damage_healed":0,"gold_gain":0,"player_choice":"Card Removal","damage_taken":0,"max_hp_gain":0,"max_hp_loss":0,"event_name":"The Cleric","floor":4,"gold_loss":50},{"damage_healed":0,"gold_gain":0,"player_choice":"Got Potions","damage_taken":0,"max_hp_gain":0,"max_hp_loss":0,"event_name":"Lab","floor":13,"gold_loss":0},{"damage_healed":0,"gold_gain":0,"player_choice":"Traded Relic","damage_taken":0,"relics_obtained":["Nloth\u0027s Gift"],"max_hp_gain":0,"max_hp_loss":0,"event_name":"N\u0027loth","floor":22,"relics_lost":["NeowsBlessing"],"gold_loss":0},{"damage_healed":0,"gold_gain":0,"player_choice":"Bet on Owner","damage_taken":0,"max_hp_gain":0,"max_hp_loss":0,"event_name":"The Joust","floor":28,"gold_loss":50}],"is_beta":false,"boss_relics":[{"not_picked":["Runic Dome","Sozu"],"picked":"Astrolabe"}],"items_purged_floors":[19],"is_endless":false,"potions_floor_spawned":[2,6,10,21,29,30],"killed_by":"Champ","ascension_level":10}