{"path_per_floor":["M","M","?","$","M","E","R","M","T","?","M","E","R","M","R","B",null,"M","?","M","M","$","R","E","R","T","M","M","?","E","M","R","B",null,"M","?","?","M","?","R","E","M","T","R","E","R","E","$","R","B"],"character_chosen":"IRONCLAD","items_purchased":["Body Slam","War Paint","Bottled Flame"],"gold_per_floor":[109,120,120,68,80,106,106,126,126,126,139,171,171,186,186,287,287,301,216,227,238,9,9,41,41,112,122,132,132,158,174,174,273,273,292,292,292,302,302,302,333,353,353,353,382,382,411,118,118,118],"floor_reached":51,"campfire_rested":0,"playtime":3086,"current_hp_per_floor":[80,80,80,80,76,58,58,58,58,58,67,58,58,68,68,32,79,67,67,68,58,58,58,62,62,62,72,82,82,88,98,98,73,104,114,114,114,118,118,118,118,122,122,122,112,120,122,122,126,128],"items_purged":["Strike_R","Bash"],"gold":118,"score":900,"play_id":"1035aaaf-04c3-4a66-b66f-ebeb75e00d28","is_prod":false,"is_daily":false,"is_ascension_mode":true,"campfire_upgraded":10,"path_taken":["M","M","?","$","M","E","R","M","T","?","M","E","R","M","R","BOSS","M","?","?","M","$","R","E","R","T","M","M","?","E","M","R","BOSS","M","?","?","?","?","R","E","M","T","R","E","R","E","$","R","BOSS"],"build_version":"2018-02-15-PROD1","purchased_purges":2,"victory":true,"master_deck":["Strike_R+1","Strike_R+1","Defend_R","Defend_R+1","Defend_R+1","Defend_R+1","Body Slam+1","Feed+1","Power Through+1","Shrug It Off+1","Barricade+1","Double Tap+1","Battle Trance+1","Shrug It Off+1","Writhe","Flame Barrier+1","Evolve+1","Immolate+1","Feel No Pain+1","Ghostly Armor+1","Burning Pact+1","Regret","Shockwave+1","True Grit+1"],"max_hp_per_floor":[80,80,80,80,80,80,80,83,83,83,86,86,86,90,90,94,94,98,98,98,98,98,98,102,102,102,106,110,110,110,114,114,114,114,118,118,118,118,118,118,118,122,122,122,126,126,126,126,126,130],"relics":["Burning Blood","Molten Egg 2","Letter Opener","Bag of Preparation","Cursed Key","Meat on the Bone","War Paint","Oddly Smooth Stone","Smiling Mask","Lantern","Ancient Tea Set","Eternal Feather","Whetstone","Calipers","Bronze Scales","Happy Flower","Bottled Flame"],"card_choices":[{"not_picked":["Corruption","Perfected Strike"],"picked":"Feed"},{"not_picked":["Twin Strike","Clash"],"picked":"Power Through"},{"not_picked":["Pummel","Wild Strike"],"picked":"Shrug It Off"},{"not_picked":["Thunderclap","Headbutt"],"picked":"Barricade"},{"not_picked":["Berserk","Feed"],"picked":"Double Tap"},{"not_picked":["Spot Weakness","Havoc"],"picked":"Battle Trance"},{"not_picked":["Dual Wield","Twin Strike"],"picked":"Shrug It Off"},{"not_picked":["Headbutt","Wild Strike"],"picked":"Flame Barrier"},{"not_picked":["Rage","Havoc"],"picked":"Evolve"},{"not_picked":["Exhume","Dark Embrace"],"picked":"Immolate"},{"not_picked":["Headbutt","Sentinel"],"picked":"Feel No Pain"},{"not_picked":["Intimidate","Pommel Strike"],"picked":"Ghostly Armor"},{"not_picked":["Seeing Red","Havoc"],"picked":"Burning Pact"},{"not_picked":["Sever Soul","Limit Break"],"picked":"Shockwave"},{"not_picked":["Flex","Heavy Blade"],"picked":"True Grit"}],"player_experience":181258,"potions_floor_usage":[6,11,12,12,14,24,24,28,45,50,50,50],"damage_taken":[{"damage":0,"enemies":"Small Slimes","floor":1,"turns":3},{"damage":6,"enemies":"Cultist","floor":2,"turns":4},{"damage":10,"enemies":"Jaw Worm","floor":5,"turns":5},{"damage":24,"enemies":"Gremlin Nob","floor":6,"turns":4},{"damage":9,"enemies":"Blue Slaver","floor":8,"turns":7},{"damage":0,"enemies":"Gremlin Gang","floor":11,"turns":2},{"damage":15,"enemies":"Lagavulin","floor":12,"turns":11},{"damage":0,"enemies":"Large Slime","floor":14,"turns":7},{"damage":46,"enemies":"Slime Boss","floor":16,"turns":20},{"damage":22,"enemies":"3 Byrds","floor":18,"turns":7},{"damage":5,"enemies":"Shell Parasite","floor":20,"turns":6},{"damage":28,"enemies":"Snecko","floor":21,"turns":7},{"damage":21,"enemies":"Slavers","floor":24,"turns":6},{"damage":0,"enemies":"Snake Plant","floor":27,"turns":3},{"damage":0,"enemies":"Centurion and Healer","floor":28,"turns":8},{"damage":0,"enemies":"Book of Stabbing","floor":30,"turns":6},{"damage":0,"enemies":"Sentry and Sphere","floor":31,"turns":5},{"damage":31,"enemies":"Collector","floor":33,"turns":10},{"damage":0,"enemies":"3 Shapes","floor":35,"turns":5},{"damage":0,"enemies":"Orb Walker","floor":38,"turns":4},{"damage":0,"enemies":"Nemesis","floor":41,"turns":5},{"damage":5,"enemies":"Sphere and 2 Shapes","floor":42,"turns":7},{"damage":20,"enemies":"2 Orb Walkers","floor":45,"turns":6},{"damage":4,"enemies":"Giant Head","floor":47,"turns":5},{"damage":8,"enemies":"Awakened One","floor":50,"turns":10}],"event_choices":[{"event_name":"Bonfire Elementals","player_choice":"BASIC","floor":3,"damage_taken":0},{"event_name":"Upgrade Shrine","player_choice":"Upgraded","floor":10,"damage_taken":0},{"event_name":"Addict","player_choice":"Obtained Relic","floor":19,"damage_taken":0},{"event_name":"The Mausoleum","player_choice":"Yes","floor":29,"damage_taken":0},{"event_name":"The Woman in Blue","player_choice":"Bought 0 Potions","floor":36,"damage_taken":0},{"event_name":"Tomb of Lord Red Mask","player_choice":"Ignored","floor":37,"damage_taken":0}],"boss_relics":[{"not_picked":["Snecko Eye","Black Blood"],"picked":"Cursed Key"},{"not_picked":["Philosopher\u0027s Stone","White Beast Statue"],"picked":"Eternal Feather"}],"potions_floor_spawned":[5,8,11,12,20,24,28,31,33,38,47],"seed_played":"-942985429728672295","ascension_level":5,"is_trial":false}