{"gold_per_floor":[112,112,131,131,144,172,172,191,215,230,561,579,579],"floor_reached":13,"playtime":644,"items_purged":[],"score":116,"play_id":"22f98682-b302-4eee-abd0-c969934f9cfa","local_time":"20190121144854","is_ascension_mode":true,"campfire_choices":[{"data":"Trip","floor":7,"key":"SMITH"}],"neow_cost":"NONE","seed_source_timestamp":336357972184618,"circlet_count":0,"master_deck":["Strike_R","Strike_R","Strike_R","Strike_R","Defend_R","Defend_R","Defend_R","Defend_R","Bash","Trip+1","Bloodletting","Ghostly Armor","Juggernaut","Shrug It Off"],"relics":["Burning Blood","Pen Nib","Dream Catcher","Vajra","Old Coin"],"potions_floor_usage":[6,12,12],"damage_taken":[{"damage":1,"enemies":"Cultist","floor":1,"turns":3},{"damage":2,"enemies":"2 Louse","floor":3,"turns":4},{"damage":2,"enemies":"Jaw Worm","floor":5,"turns":3},{"damage":42,"enemies":"Lagavulin","floor":6,"turns":9},{"damage":12,"enemies":"3 Louse","floor":8,"turns":4},{"damage":0,"enemies":"Large Slime","floor":10,"turns":5},{"damage":36,"enemies":"Gremlin Nob","floor":11,"turns":5},{"damage":16,"enemies":"Gremlin Gang","floor":12,"turns":5},{"damage":21,"enemies":"Exordium Thugs","floor":13,"turns":3}],"seed_played":"3002517263691044928","potions_obtained":[{"floor":3,"key":"EssenceOfSteel"},{"floor":6,"key":"Dexterity Potion"},{"floor":10,"key":"BloodPotion"},{"floor":12,"key":"Ancient Potion"}],"is_trial":false,"path_per_floor":["M","?","M","?","M","E","R","M","T","M","E","M","M"],"character_chosen":"IRONCLAD","items_purchased":[],"campfire_rested":0,"item_purchase_floors":[],"current_hp_per_floor":[80,80,80,80,80,44,44,38,38,44,14,12,0],"gold":579,"neow_bonus":"REMOVE_CARD","is_prod":false,"is_daily":false,"chose_seed":false,"campfire_upgraded":1,"win_rate":0,"timestamp":1548100134,"path_taken":["M","?","?","?","M","E","R","M","T","?","E","M","M"],"build_version":"2019-01-17v2","purchased_purges":0,"victory":false,"max_hp_per_floor":[80,80,80,80,80,80,80,80,80,80,80,80,80],"card_choices":[{"not_picked":["Heavy Blade","Pommel Strike","Anger"],"picked":"SKIP","floor":1},{"not_picked":["Sword Boomerang","Searing Blow"],"picked":"Dropkick","floor":3},{"not_picked":["Sentinel","Intimidate","Sword Boomerang"],"picked":"SKIP","floor":5},{"not_picked":["Disarm","Armaments","Thunderclap"],"picked":"SKIP","floor":6},{"not_picked":["Spot Weakness","Wild Strike"],"picked":"Bloodletting","floor":8},{"not_picked":["Intimidate","Entrench"],"picked":"Ghostly Armor","floor":10},{"not_picked":["Wild Strike","Feel No Pain"],"picked":"Juggernaut","floor":11},{"not_picked":["Pommel Strike","Inflame"],"picked":"Shrug It Off","floor":12}],"player_experience":210228,"relics_obtained":[{"floor":6,"key":"Dream Catcher"},{"floor":9,"key":"Vajra"},{"floor":11,"key":"Old Coin"}],"event_choices":[{"damage_healed":0,"gold_gain":0,"player_choice":"1 cards matched","damage_taken":0,"max_hp_gain":0,"max_hp_loss":0,"event_name":"Match and Keep!","floor":2,"gold_loss":0,"cards_obtained":["Trip"]},{"cards_removed":["Dropkick"],"damage_healed":0,"gold_gain":0,"player_choice":"Gave Card","damage_taken":0,"relics_obtained":["Pen Nib"],"max_hp_gain":0,"max_hp_loss":0,"event_name":"WeMeetAgain","floor":4,"gold_loss":0}],"is_beta":false,"boss_relics":[],"items_purged_floors":[],"is_endless":false,"potions_floor_spawned":[3,6,10,12],"killed_by":"Exordium Thugs","ascension_level":4}