{"gold_per_floor":[116,134,134,149,224,240,240,268,268,280,292,324,350,395,407,419],"floor_reached":16,"playtime":839,"items_purged":[],"score":154,"play_id":"26bc7322-6f6b-4015-8326-ee3ff784b54b","local_time":"20190118101716","is_ascension_mode":true,"campfire_choices":[{"data":"Infernal Blade","floor":11,"key":"SMITH"},{"data":"Demon Form","floor":15,"key":"SMITH"}],"neow_cost":"PERCENT_DAMAGE","seed_source_timestamp":60665374184710,"circlet_count":0,"master_deck":["Strike_R","Strike_R+1","Strike_R","Strike_R","Defend_R","Defend_R","Defend_R","Defend_R","Bash","Evolve","Feel No Pain+1","Infernal Blade+1","Seeing Red","Headbutt","Havoc","Demon Form+1","Fiend Fire"],"relics":["Burning Blood","Nunchaku","Strawberry","MawBank","Frozen Egg 2"],"potions_floor_usage":[8,8,13,14],"damage_taken":[{"damage":1,"enemies":"Cultist","floor":1,"turns":4},{"damage":2,"enemies":"2 Louse","floor":2,"turns":3},{"damage":4,"enemies":"Jaw Worm","floor":4,"turns":6},{"damage":7,"enemies":"3 Louse","floor":6,"turns":3},{"damage":18,"enemies":"Gremlin Nob","floor":8,"turns":3},{"damage":3,"enemies":"Exordium Wildlife","floor":12,"turns":3},{"damage":3,"enemies":"Lots of Slimes","floor":13,"turns":2},{"damage":17,"enemies":"3 Sentries","floor":14,"turns":6},{"damage":33,"enemies":"Hexaghost","floor":16,"turns":7}],"seed_played":"-2901075930288755220","potions_obtained":[{"floor":1,"key":"Swift Potion"},{"floor":4,"key":"Fire Potion"},{"floor":6,"key":"Poison Potion"},{"floor":12,"key":"LiquidBronze"},{"floor":13,"key":"SpeedPotion"}],"is_trial":false,"path_per_floor":["M","M","T","M","?","M","?","E","T","?","R","M","M","E","R","B"],"character_chosen":"IRONCLAD","items_purchased":[],"campfire_rested":0,"item_purchase_floors":[],"current_hp_per_floor":[77,81,81,83,72,71,64,59,59,38,38,41,44,33,33,0],"gold":419,"neow_bonus":"TWENTY_PERCENT_HP_BONUS","is_prod":false,"is_daily":false,"chose_seed":false,"campfire_upgraded":2,"win_rate":0,"timestamp":1547824636,"path_taken":["M","M","?","M","?","M","?","E","T","?","R","M","?","E","R","BOSS"],"build_version":"2019-01-17v2","purchased_purges":0,"victory":false,"max_hp_per_floor":[96,96,96,96,96,96,96,103,103,103,103,103,103,103,103,103],"card_choices":[{"not_picked":["Pommel Strike","Thunderclap"],"picked":"Evolve","floor":1},{"not_picked":["Evolve","Warcry"],"picked":"Feel No Pain","floor":2},{"not_picked":["Sword Boomerang","Havoc"],"picked":"Infernal Blade","floor":4},{"not_picked":["Rampage","Clash"],"picked":"Seeing Red","floor":6},{"not_picked":["Flame Barrier","Burning Pact"],"picked":"Headbutt","floor":8},{"not_picked":["Entrench","Uppercut"],"picked":"Havoc","floor":12},{"not_picked":["True Grit","Burning Pact"],"picked":"Demon Form","floor":13},{"not_picked":["Clothesline","Sentinel"],"picked":"Fiend Fire","floor":14}],"player_experience":148938,"relics_obtained":[{"floor":3,"key":"Nunchaku"},{"floor":8,"key":"Strawberry"},{"floor":9,"key":"MawBank"},{"floor":14,"key":"Frozen Egg 2"}],"event_choices":[{"damage_healed":0,"gold_gain":75,"player_choice":"Gather Gold","damage_taken":11,"max_hp_gain":0,"max_hp_loss":0,"event_name":"World of Goop","floor":5,"gold_loss":0},{"cards_removed":["Strike_R"],"damage_healed":0,"gold_gain":0,"player_choice":"Card Removal","damage_taken":7,"max_hp_gain":0,"max_hp_loss":0,"event_name":"Golden Wing","floor":7,"gold_loss":0},{"damage_healed":0,"gold_gain":0,"player_choice":"Entered Light","damage_taken":21,"max_hp_gain":0,"max_hp_loss":0,"event_name":"Shining Light","floor":10,"gold_loss":0,"cards_upgraded":["Feel No Pain","Strike_R"]}],"is_beta":false,"boss_relics":[],"items_purged_floors":[],"is_endless":false,"potions_floor_spawned":[1,4,6,12,13],"killed_by":"Hexaghost","ascension_level":3}