{"path_per_floor":["M","?","?","$","T","E","$","M","T","R","M","M","R","M","R","B",null,"M","?","$","?","M","R","M","E","T","M","M","M","?"],"character_chosen":"IRONCLAD","items_purchased":["True Grit"],"gold_per_floor":[119,194,194,119,119,148,2,14,14,14,30,41,41,57,57,160,160,177,177,52,52,72,72,91,123,147,157,170,180,180,180],"floor_reached":31,"campfire_rested":0,"playtime":5034,"current_hp_per_floor":[79,68,68,68,68,43,43,47,47,47,52,57,57,61,61,37,80,63,40,40,35,39,39,42,38,38,40,25,28,28,0],"items_purged":["Strike_R","Strike_R","Defend_R"],"gold":180,"score":282,"play_id":"0eced964-3603-4a7f-8dfd-54fe9323802d","local_time":"20180522215148","is_prod":false,"is_daily":false,"chose_seed":false,"is_ascension_mode":false,"campfire_upgraded":4,"timestamp":1527022308,"campfire_choices":[{"data":"True Grit","floor":10,"key":"SMITH"},{"data":"Cleave","floor":13,"key":"SMITH"},{"data":"Headbutt","floor":15,"key":"SMITH"},{"data":"Pommel Strike","floor":23,"key":"SMITH"}],"path_taken":["M","?","?","$","?","E","$","M","T","R","?","M","R","M","R","BOSS","M","?","$","?","M","R","M","E","T","M","?","M","?","E"],"build_version":"2018-05-17","seed_source_timestamp":127143850764557,"purchased_purges":3,"victory":false,"master_deck":["Strike_R","Strike_R","Defend_R","Defend_R","Defend_R","Bash","Cleave+1","True Grit+1","Flex","Battle Trance","Headbutt+1","Ghostly","Ghostly","Ghostly","Ghostly","Ghostly","Pommel Strike+1","Shrug It Off","Pommel Strike","Ghostly"],"max_hp_per_floor":[80,80,80,80,80,80,80,80,80,80,80,80,80,80,80,80,80,80,40,40,45,45,45,45,45,45,45,45,45,45,45],"relics":["Burning Blood","Bag of Marbles","Self Forming Clay","Frozen Egg 2","Shuriken","Black Star","Pantograph","Gremlin Horn","Vajra"],"card_choices":[{"not_picked":["Sword Boomerang","Body Slam"],"picked":"Cleave","floor":1},{"not_picked":["Dual Wield","Sword Boomerang","Exhume"],"picked":"SKIP","floor":6},{"not_picked":["Dual Wield","Perfected Strike","Anger"],"picked":"SKIP","floor":8},{"not_picked":["Shockwave","Dual Wield"],"picked":"Flex","floor":11},{"not_picked":["Clash","Body Slam"],"picked":"Battle Trance","floor":12},{"not_picked":["Clothesline","Twin Strike"],"picked":"Headbutt","floor":14},{"not_picked":["Spot Weakness","Uppercut","Evolve+1"],"picked":"SKIP","floor":18},{"not_picked":["Blood for Blood","Rupture+1"],"picked":"Pommel Strike","floor":22},{"not_picked":["Pummel+1","Battle Trance","Warcry"],"picked":"SKIP","floor":24},{"not_picked":["Headbutt","Cleave"],"picked":"Shrug It Off","floor":25},{"not_picked":["Anger","Perfected Strike","Body Slam+1"],"picked":"SKIP","floor":27},{"not_picked":["Wild Strike","Havoc","Pummel"],"picked":"SKIP","floor":28},{"not_picked":["Headbutt","Dark Embrace+1"],"picked":"Pommel Strike","floor":29}],"player_experience":114233,"potions_floor_usage":[22,22,25,28,29],"damage_taken":[{"damage":7,"enemies":"Small Slimes","floor":1,"turns":5},{"damage":31,"enemies":"Gremlin Nob","floor":6,"turns":5},{"damage":2,"enemies":"Jaw Worm","floor":8,"turns":5},{"damage":1,"enemies":"2 Louse","floor":11,"turns":3},{"damage":1,"enemies":"Looter","floor":12,"turns":4},{"damage":2,"enemies":"2 Fungi Beasts","floor":14,"turns":2},{"damage":30,"enemies":"The Guardian","floor":16,"turns":11},{"damage":23,"enemies":"2 Thieves","floor":18,"turns":4},{"damage":2,"enemies":"Spheric Guardian","floor":22,"turns":5},{"damage":3,"enemies":"Snake Plant","floor":24,"turns":6},{"damage":10,"enemies":"Gremlin Leader","floor":25,"turns":7},{"damage":4,"enemies":"Chosen and Byrds","floor":27,"turns":7},{"damage":25,"enemies":"Cultist and Chosen","floor":28,"turns":7},{"damage":3,"enemies":"Centurion and Healer","floor":29,"turns":7},{"damage":30,"enemies":"Book of Stabbing","floor":31,"turns":8}],"relics_obtained":[{"floor":5,"key":"Self Forming Clay"},{"floor":6,"key":"Frozen Egg 2"},{"floor":9,"key":"Shuriken"},{"floor":25,"key":"Pantograph"},{"floor":25,"key":"Gremlin Horn"},{"floor":26,"key":"Vajra"}],"event_choices":[{"event_name":"World of Goop","player_choice":"Gather Gold","floor":2,"damage_taken":0},{"event_name":"Living Wall","player_choice":"Forget","floor":3,"damage_taken":0},{"event_name":"Ghosts","player_choice":"Became a Ghost","floor":19,"damage_taken":0},{"event_name":"Forgotten Altar","player_choice":"Shed Blood","floor":21,"damage_taken":0},{"event_name":"Duplicator","player_choice":"One dupe","floor":30,"damage_taken":0}],"boss_relics":[{"not_picked":["Ectoplasm","Runic Pyramid"],"picked":"Black Star"}],"potions_floor_spawned":[8,14,16,24,25],"seed_played":"-5440425091914527971","killed_by":"Book of Stabbing","ascension_level":0,"potions_obtained":[{"floor":8,"key":"Strength Potion"},{"floor":14,"key":"SteroidPotion"},{"floor":16,"key":"LiquidBronze"},{"floor":24,"key":"BloodPotion"},{"floor":25,"key":"EssenceOfSteel"}],"is_trial":false}