{"gold_per_floor":[17,33,43,57,57,57,67,94,94,94,19,19,33,3,3,103,103,120,120,135,0,0,0],"floor_reached":23,"playtime":892,"items_purged":["Strike_R"],"score":296,"play_id":"637b1cd2-c7f3-4b87-83f2-21f941d57537","local_time":"20180708192330","is_ascension_mode":true,"campfire_choices":[{"data":"Body Slam","floor":6.0,"key":"SMITH"},{"floor":12,"key":"REST"},{"data":"True Grit","floor":15,"key":"SMITH"}],"neow_cost":"NO_GOLD","seed_source_timestamp":734127842517463,"circlet_count":0,"master_deck":["Strike_R","Strike_R","Defend_R","Defend_R","Defend_R","Defend_R","Bash","AscendersBane","Barricade","Body Slam+1","Shrug It Off","Iron Wave","Uppercut","True Grit+1","Entrench"],"special_seed":0,"relics":["Burning Blood","Dodecahedron","Cursed Key","Nloth\u0027s Gift"],"potions_floor_usage":[8,14,20],"damage_taken":[{"damage":10.0,"enemies":"Small Slimes","floor":1.0,"turns":3.0},{"damage":20.0,"enemies":"Cultist","floor":2.0,"turns":5.0},{"damage":8.0,"enemies":"Jaw Worm","floor":3.0,"turns":4.0},{"damage":14.0,"enemies":"Large Slime","floor":4.0,"turns":7.0},{"damage":27.0,"enemies":"Exordium Wildlife","floor":7.0,"turns":7.0},{"damage":12,"enemies":"Lagavulin","floor":8,"turns":5},{"damage":17,"enemies":"Exordium Thugs","floor":13,"turns":6},{"damage":3,"enemies":"Looter","floor":14,"turns":4},{"damage":7,"enemies":"Hexaghost","floor":16,"turns":11},{"damage":3,"enemies":"Chosen","floor":18,"turns":5},{"damage":20,"enemies":"3 Byrds","floor":20,"turns":7},{"damage":51,"enemies":"Book of Stabbing","floor":23,"turns":7}],"seed_played":"-8876744961596653902","potions_obtained":[{"floor":1.0,"key":"GamblersBrew"},{"floor":7.0,"key":"Fire Potion"},{"floor":13,"key":"SneckoOil"},{"floor":16,"key":"Fire Potion"}],"is_trial":false,"path_per_floor":["M","M","M","M","?","R","M","E","T","?","$","R","M","M","R","B",null,"M","?","M","?","?"],"character_chosen":"IRONCLAD","items_purchased":[],"campfire_rested":1,"item_purchase_floors":[],"current_hp_per_floor":[68,54,52,44,37,37,16,10,10,10,10,34,23,26,26,25,66,69,69,55,55,55,4],"gold":0,"neow_bonus":"THREE_RARE_CARDS","is_prod":false,"is_daily":false,"chose_seed":false,"campfire_upgraded":2,"win_rate":0,"timestamp":1531092210,"path_taken":["M","M","M","M","?","R","M","E","T","?","$","R","M","M","R","BOSS","M","?","?","?","?","E"],"build_version":"2018-07-05","purchased_purges":1,"victory":false,"max_hp_per_floor":[80,80,80,80,80,80,80,80,80,80,80,80,80,80,80,80,80,80,80,80,80,80,80],"card_choices":[{"not_picked":["Fiend Fire","Brutality"],"picked":"Barricade","floor":0.0},{"not_picked":["Pummel","Warcry","Havoc"],"picked":"SKIP","floor":1.0},{"not_picked":["Armaments","Shrug It Off"],"picked":"Body Slam","floor":2.0},{"not_picked":["Anger","Dual Wield"],"picked":"Shrug It Off","floor":3.0},{"not_picked":["Body Slam","Pommel Strike"],"picked":"Iron Wave","floor":4.0},{"not_picked":["Dark Embrace","Carnage"],"picked":"Uppercut","floor":7.0},{"not_picked":["Rupture","Hemokinesis"],"picked":"True Grit","floor":8},{"not_picked":["Power Through","Thunderclap","Intimidate"],"picked":"SKIP","floor":13},{"not_picked":["Clothesline","Anger","Rampage"],"picked":"SKIP","floor":14},{"not_picked":["Sentinel","Perfected Strike+1","Wild Strike"],"picked":"SKIP","floor":18},{"not_picked":["Searing Blow","Warcry+1"],"picked":"Entrench","floor":20}],"player_experience":413820,"relics_obtained":[{"floor":8,"key":"Dodecahedron"},{"floor":9,"key":"Orichalcum"}],"event_choices":[{"event_name":"Golden Wing","player_choice":"Card Removal","floor":5.0,"damage_taken":0.0},{"event_name":"Golden Idol","player_choice":"Ignored","floor":10,"damage_taken":0},{"event_name":"N\u0027loth","player_choice":"Traded a Orichalcum","floor":19,"damage_taken":0},{"event_name":"Masked Bandits","player_choice":"Paid Bandits 135 gold","floor":21,"damage_taken":0},{"event_name":"Back to Basics","player_choice":"Elegance","floor":22,"damage_taken":0}],"boss_relics":[{"not_picked":["White Beast Statue","Fusion Hammer"],"picked":"Cursed Key"}],"items_purged_floors":[11],"is_endless":false,"potions_floor_spawned":[1,7,13,16],"killed_by":"Book of Stabbing","ascension_level":11}