{"gold_per_floor":[116,134,151,164,181,216,216,233,257,275,275,275,303,8,8,79,79,59,71,71,86,104,104,137,82,82,82,82,95,105,125,125,125],"floor_reached":33,"playtime":1525,"items_purged":[],"score":495,"play_id":"b244e026-f7ce-434f-a645-14290cd3806b","local_time":"20181122175931","is_ascension_mode":true,"campfire_choices":[{"data":"Spot Weakness","floor":7,"key":"SMITH"},{"data":"Flame Barrier","floor":12,"key":"SMITH"},{"data":"True Grit","floor":15,"key":"SMITH"},{"data":"Corruption","floor":23,"key":"SMITH"},{"data":"Disarm","floor":27,"key":"SMITH"},{"floor":32,"key":"REST"}],"neow_cost":"NONE","seed_source_timestamp":158134897639839,"circlet_count":0,"master_deck":["AscendersBane","Strike_R","Defend_R","Defend_R","Defend_R","Defend_R","Bash","Shrug It Off+1","Clothesline","Iron Wave","Disarm+1","Spot Weakness+1","Iron Wave","Twin Strike","Flame Barrier+1","True Grit+1","Corruption+1","Berserk","Power Through+1","Anger+1","True Grit+1","Armaments+1","Inflame","Twin Strike","Battle Trance+1","Pommel Strike","Pain","Exhume"],"relics":["Burning Blood","Paper Frog","Strawberry","Dodecahedron","Mummified Hand","Astrolabe","Happy Flower","Tiny Chest","WarpedTongs"],"potions_floor_usage":[6,13,13,18,24,29,31],"damage_taken":[{"damage":12,"enemies":"Jaw Worm","floor":1,"turns":3},{"damage":2,"enemies":"2 Louse","floor":2,"turns":4},{"damage":4,"enemies":"Cultist","floor":3,"turns":3},{"damage":6,"enemies":"Exordium Wildlife","floor":4,"turns":5},{"damage":7,"enemies":"2 Fungi Beasts","floor":5,"turns":4},{"damage":43,"enemies":"Lagavulin","floor":6,"turns":6},{"damage":0,"enemies":"Gremlin Gang","floor":8,"turns":6},{"damage":1,"enemies":"3 Louse","floor":10,"turns":3},{"damage":7,"enemies":"Gremlin Nob","floor":13,"turns":4},{"damage":38,"enemies":"The Guardian","floor":16,"turns":13},{"damage":14,"enemies":"2 Thieves","floor":18,"turns":4},{"damage":1,"enemies":"Shell Parasite","floor":19,"turns":6},{"damage":11,"enemies":"Centurion and Healer","floor":21,"turns":6},{"damage":19,"enemies":"Chosen and Byrds","floor":22,"turns":7},{"damage":40,"enemies":"Gremlin Leader","floor":24,"turns":7},{"damage":36,"enemies":"Cultist and Chosen","floor":29,"turns":7},{"damage":8,"enemies":"Snake Plant","floor":30,"turns":4},{"damage":6,"enemies":"Sentry and Sphere","floor":31,"turns":6},{"damage":18,"enemies":"Automaton","floor":33,"turns":6}],"seed_played":"2660755319845429477","potions_obtained":[{"floor":1,"key":"Explosive Potion"},{"floor":2,"key":"Energy Potion"},{"floor":8,"key":"AttackPotion"},{"floor":13,"key":"Regen Potion"},{"floor":21,"key":"BloodPotion"},{"floor":22,"key":"GamblersBrew"},{"floor":24,"key":"EssenceOfSteel"}],"is_trial":false,"path_per_floor":["M","M","M","M","M","E","R","M","T","M","?","R","E","$","R","B",null,"M","M","?","M","M","R","E","?","T","R","?","M","M","M","R","B"],"character_chosen":"IRONCLAD","items_purchased":["Mummified Hand","Corruption"],"campfire_rested":1,"item_purchase_floors":[14,14],"current_hp_per_floor":[69,73,75,75,74,37,37,43,50,55,55,55,54,54,54,22,72,78,83,83,78,65,65,39,39,39,39,39,9,7,7,33,15],"gold":125,"neow_bonus":"TEN_PERCENT_HP_BONUS","is_prod":false,"is_daily":false,"chose_seed":false,"campfire_upgraded":5,"win_rate":0,"timestamp":1542927571,"path_taken":["M","M","M","M","M","E","R","M","T","M","?","R","E","$","R","BOSS","M","M","?","?","M","R","E","?","T","R","?","M","?","?","R","BOSS"],"build_version":"2018-11-15","purchased_purges":0,"victory":false,"max_hp_per_floor":[82,82,82,82,82,82,82,82,89,89,89,89,89,89,89,89,89,89,89,89,89,89,89,89,89,89,89,89,89,89,89,89,89],"card_choices":[{"not_picked":["Seeing Red","Sentinel"],"picked":"Shrug It Off","floor":1},{"not_picked":["Rage","Bloodletting"],"picked":"Clothesline","floor":2},{"not_picked":["Body Slam","Pommel Strike"],"picked":"Iron Wave","floor":3},{"not_picked":["Clash","Cleave"],"picked":"Disarm","floor":4},{"not_picked":["Barricade","Armaments"],"picked":"Spot Weakness","floor":5},{"not_picked":["Pommel Strike","Warcry"],"picked":"Iron Wave","floor":6},{"not_picked":["Carnage","Body Slam"],"picked":"Twin Strike","floor":8},{"not_picked":["Clash","Evolve"],"picked":"Flame Barrier","floor":10},{"not_picked":["Rampage","Pommel Strike"],"picked":"True Grit","floor":13},{"not_picked":["Bludgeon","Double Tap"],"picked":"Berserk","floor":16},{"not_picked":["Ghostly Armor","True Grit"],"picked":"Armaments+1","floor":18},{"not_picked":["Twin Strike","Anger+1"],"picked":"Inflame","floor":19},{"not_picked":["Corruption+1","Body Slam"],"picked":"Battle Trance+1","floor":21},{"not_picked":["Dual Wield","Evolve"],"picked":"Pommel Strike","floor":22},{"not_picked":["Corruption","Shockwave","Blood for Blood"],"picked":"SKIP","floor":24},{"not_picked":["Clash","Power Through","Sever Soul"],"picked":"SKIP","floor":29},{"not_picked":["Clothesline","True Grit"],"picked":"Exhume","floor":30},{"not_picked":["Anger","Clothesline","Shrug It Off"],"picked":"SKIP","floor":31}],"player_experience":935288,"relics_obtained":[{"floor":6,"key":"Paper Frog"},{"floor":9,"key":"Strawberry"},{"floor":13,"key":"Dodecahedron"},{"floor":24,"key":"Happy Flower"}],"event_choices":[{"damage_healed":0,"gold_gain":0,"player_choice":"Grow","damage_taken":0,"max_hp_gain":0,"max_hp_loss":0,"event_name":"Living Wall","floor":11,"gold_loss":0,"cards_upgraded":["Shrug It Off"]},{"damage_healed":0,"gold_gain":0,"cards_transformed":["Strike_R"],"player_choice":"Transformed","damage_taken":0,"max_hp_gain":0,"max_hp_loss":0,"event_name":"Transmorgrifier","floor":20,"gold_loss":0,"cards_obtained":["Twin Strike"]},{"damage_healed":0,"gold_gain":0,"player_choice":"Obtained Relic","damage_taken":0,"relics_obtained":["Tiny Chest"],"max_hp_gain":0,"max_hp_loss":0,"event_name":"Addict","floor":25,"gold_loss":85},{"damage_healed":0,"gold_gain":0,"player_choice":"Rummage","damage_taken":0,"relics_obtained":["WarpedTongs"],"max_hp_gain":0,"max_hp_loss":0,"event_name":"Accursed Blacksmith","floor":28,"gold_loss":0,"cards_obtained":["Pain"]}],"is_beta":false,"boss_relics":[{"not_picked":["Empty Cage","Eternal Feather"],"picked":"Astrolabe"}],"items_purged_floors":[],"is_endless":false,"potions_floor_spawned":[1,2,4,8,10,13,21,22,24],"killed_by":"Automaton","ascension_level":15}