{"gold_per_floor":[129,144,159,159,60,79,98,98,148,186,205,243,243,243,243,368,368,387,406,124,143,162,162,200,200,200,219,219,318,318,356,356,481,481,500,470,182,201,201,239,258,277,277,296,315,315,334,372,372,372],"floor_reached":51,"playtime":1232,"items_purged":[],"score":1186,"play_id":"2b2c8097-2891-4f9b-83be-f84853ab42bf","local_time":"20180821175749","daily_mods":["Allstar","Night Terrors","Hoarder"],"is_ascension_mode":false,"campfire_choices":[{"floor":8,"key":"REST"},{"data":"Mind Blast","floor":15,"key":"SMITH"},{"data":"Mind Blast","floor":23,"key":"SMITH"},{"data":"Zap","floor":25,"key":"SMITH"},{"data":"Apotheosis","floor":28,"key":"SMITH"},{"data":"Dualcast","floor":30,"key":"SMITH"},{"data":"Apotheosis","floor":32,"key":"SMITH"},{"floor":49,"key":"REST"}],"neow_cost":"","seed_source_timestamp":0,"circlet_count":0,"master_deck":["Strike_B","Strike_B","Strike_B","Strike_B","Defend_B","Defend_B","Defend_B","Defend_B","Zap+1","Dualcast+1","Transmutation","Transmutation","Transmutation","Apotheosis+1","Apotheosis+1","Apotheosis","Jack Of All Trades","Jack Of All Trades","Jack Of All Trades","Enlightenment","Enlightenment","Enlightenment","Blind","Blind","Blind","Aggregate","Aggregate","Aggregate","Scrape","Scrape","Scrape","Gash","Gash","Gash+1","Mind Blast+1","Mind Blast+1","Mind Blast+1","Hologram","Hologram","Hologram","Gash","Gash","Gash+1","Scrape+1","Scrape+1","Scrape+1","Rebound+1","Rebound+1","Rebound+1","Echo Form","Echo Form","Echo Form","Conserve Battery+1","Conserve Battery+1","Conserve Battery+1","Core Surge+1","Core Surge+1","Core Surge+1","White Noise","White Noise","White Noise","Beam Cell+1","Beam Cell+1","Beam Cell+1","Gash+1","Gash+1","Gash+1","Core Surge+1","Core Surge+1","Core Surge+1","Go for the Eyes+1","Go for the Eyes+1","Go for the Eyes+1","FTL+1","FTL+1","FTL+1","Madness","Madness","Madness","Madness","Madness","Madness","Hologram","Hologram","Hologram","Steam","Steam","Steam","Go for the Eyes+1","Go for the Eyes+1","Go for the Eyes+1","Go for the Eyes+1","Go for the Eyes+1","Go for the Eyes+1","Hologram+1","Hologram+1","Hologram+1","Double Energy+1","Double Energy+1","Double Energy+1","FTL+1","FTL+1","FTL+1","Gash+1","Gash+1","Gash+1"],"special_seed":17764,"relics":["Cracked Core","Golden Idol","Bag of Marbles","Molten Egg 2","Pear","Gambling Chip","Nuclear Battery","Runic Capacitor","Whetstone","Symbiotic Virus","Dream Catcher","Sozu","Cables","Incense Burner","Ornamental Fan","Emotion Chip","Oddly Smooth Stone"],"potions_floor_usage":[10,12,33,33,50],"damage_taken":[{"damage":0,"enemies":"Small Slimes","floor":1,"turns":3},{"damage":7,"enemies":"2 Louse","floor":2,"turns":2},{"damage":4,"enemies":"Cultist","floor":3,"turns":3},{"damage":5,"enemies":"3 Louse","floor":6,"turns":3},{"damage":0,"enemies":"Looter","floor":7,"turns":1},{"damage":0,"enemies":"Gremlin Nob","floor":10,"turns":2},{"damage":6,"enemies":"Exordium Thugs","floor":11,"turns":3},{"damage":0,"enemies":"Lagavulin","floor":12,"turns":1},{"damage":0,"enemies":"Slime Boss","floor":16,"turns":1},{"damage":0,"enemies":"3 Byrds","floor":18,"turns":1},{"damage":0,"enemies":"Spheric Guardian","floor":19,"turns":1},{"damage":0,"enemies":"Snake Plant","floor":21,"turns":1},{"damage":0,"enemies":"Centurion and Healer","floor":22,"turns":1},{"damage":0,"enemies":"Book of Stabbing","floor":24,"turns":1},{"damage":0,"enemies":"3 Cultists","floor":27,"turns":1},{"damage":0,"enemies":"Gremlin Leader","floor":31,"turns":1},{"damage":13,"enemies":"Automaton","floor":33,"turns":3},{"damage":3,"enemies":"3 Shapes","floor":35,"turns":1},{"damage":0,"enemies":"Flame Bruiser 1 Orb","floor":38,"turns":1},{"damage":13,"enemies":"Giant Head","floor":40,"turns":2},{"damage":0,"enemies":"3 Darklings","floor":41,"turns":1},{"damage":0,"enemies":"Sphere and 2 Shapes","floor":42,"turns":1},{"damage":0,"enemies":"Transient","floor":44,"turns":5},{"damage":0,"enemies":"Spire Growth","floor":45,"turns":1},{"damage":0,"floor":46,"turns":1},{"damage":0,"enemies":"3 Darklings","floor":47,"turns":1},{"damage":0,"enemies":"2 Orb Walkers","floor":48,"turns":1},{"damage":26,"enemies":"Donu and Deca","floor":50,"turns":4}],"seed_played":"-3893326877167468496","potions_obtained":[{"floor":2,"key":"Regen Potion"},{"floor":6,"key":"Ancient Potion"},{"floor":7,"key":"AttackPotion"},{"floor":12,"key":"Block Potion"},{"floor":22,"key":"Ancient Potion"}],"is_trial":false,"path_per_floor":["M","M","M","?","$","M","M","R","T","E","M","E","?","T","R","B",null,"M","M","$","M","M","R","E","R","T","M","R","?","R","E","R","B",null,"M","?","$","M","?","E","M","M","T","M","M","?","M","E","R","B"],"character_chosen":"DEFECT","items_purchased":["Mind Blast","Core Surge+1","Runic Capacitor","Cables","FTL+1"],"campfire_rested":2,"item_purchase_floors":[5,20,20,37,37],"current_hp_per_floor":[75,68,64,46,46,41,41,70,70,70,64,78,78,78,78,78,80,80,80,80,80,80,80,80,80,80,80,80,80,80,80,80,67,80,77,77,77,77,67,54,54,54,54,54,54,54,54,54,75,49],"gold":372,"neow_bonus":"","is_prod":false,"is_daily":true,"chose_seed":false,"campfire_upgraded":6,"win_rate":0,"timestamp":1534888669,"path_taken":["M","M","M","?","?","M","M","R","T","E","M","E","?","?","R","BOSS","M","?","$","M","M","R","E","R","T","M","R","?","R","E","R","BOSS","M","?","$","M","?","E","M","M","T","M","?","?","M","E","R","BOSS"],"build_version":"2018-08-16","purchased_purges":0,"victory":true,"max_hp_per_floor":[75,75,75,75,75,75,75,70,70,70,70,80,80,80,80,80,80,80,80,80,80,80,80,80,80,80,80,80,80,80,80,80,80,80,80,80,80,80,80,80,80,80,80,80,80,80,80,80,75,75],"card_choices":[{"not_picked":["Reprogram","BootSequence"],"picked":"Aggregate","floor":1},{"not_picked":["Cold Snap","Glacier"],"picked":"Scrape","floor":2},{"not_picked":["Streamline","Compile Driver"],"picked":"Gash","floor":3},{"not_picked":["Conserve Battery","Stack"],"picked":"Hologram","floor":6},{"not_picked":["Steam Power","Redo"],"picked":"Gash","floor":7},{"not_picked":["Doom and Gloom","Cold Snap"],"picked":"Scrape","floor":10},{"not_picked":["Steam Power","Glacier"],"picked":"Rebound+1","floor":11},{"not_picked":["Aggregate","Multi-Cast","Buffer"],"picked":"SKIP","floor":12},{"not_picked":["Buffer","Amplify"],"picked":"Echo Form","floor":16},{"not_picked":["Storm","Redo","Turbo"],"picked":"SKIP","floor":18},{"not_picked":["Skim","Hello World"],"picked":"Conserve Battery+1","floor":19},{"not_picked":["Cold Snap+1","Heatsinks"],"picked":"White Noise","floor":21},{"not_picked":["Cold Snap+1","Streamline+1","Barrage+1"],"picked":"SKIP","floor":22},{"not_picked":["BootSequence+1","Rip and Tear+1"],"picked":"Beam Cell+1","floor":24},{"not_picked":["Hologram","Barrage+1"],"picked":"Gash+1","floor":27},{"not_picked":["Conserve Battery","Cold Snap+1","Ball Lightning+1"],"picked":"SKIP","floor":31},{"not_picked":["Hyperbeam+1","Rainbow"],"picked":"Core Surge+1","floor":33},{"not_picked":["Redo","Blizzard+1"],"picked":"Go for the Eyes+1","floor":35},{"not_picked":["Redo+1","Ball Lightning+1","Tempest"],"picked":"SKIP","floor":38},{"not_picked":["Amplify","Coolheaded+1"],"picked":"Hologram","floor":40},{"not_picked":["Redo+1","Stack"],"picked":"Steam","floor":41},{"not_picked":["Glacier+1","Stack"],"picked":"Go for the Eyes+1","floor":42},{"not_picked":["Turbo","Tempest"],"picked":"Go for the Eyes+1","floor":44},{"not_picked":["Beam Cell+1","Gash+1"],"picked":"Hologram+1","floor":45},{"not_picked":["Streamline+1","Leap"],"picked":"Double Energy+1","floor":47},{"not_picked":["Hello World+1","Self Repair+1"],"picked":"FTL+1","floor":48},{"not_picked":["Barrage+1","Reinforced Body"],"picked":"Gash+1","floor":49}],"player_experience":591185,"relics_obtained":[{"floor":9,"key":"Bag of Marbles"},{"floor":10,"key":"Molten Egg 2"},{"floor":12,"key":"Pear"},{"floor":14,"key":"Gambling Chip"},{"floor":24,"key":"Whetstone"},{"floor":26,"key":"Symbiotic Virus"},{"floor":31,"key":"Dream Catcher"},{"floor":40,"key":"Incense Burner"},{"floor":43,"key":"Ornamental Fan"},{"floor":46,"key":"Emotion Chip"},{"floor":48,"key":"Oddly Smooth Stone"}],"event_choices":[{"event_name":"Golden Idol","player_choice":"Take Damage","floor":4,"damage_taken":0},{"event_name":"Living Wall","player_choice":"Grow","floor":13,"damage_taken":0},{"event_name":"Nest","player_choice":"Stole From Cult","floor":29,"damage_taken":0},{"event_name":"The Woman in Blue","player_choice":"Bought 2 Potions","floor":36,"damage_taken":0},{"event_name":"Winding Halls","player_choice":"Embrace Madness","floor":39,"damage_taken":0},{"event_name":"MindBloom","player_choice":"Fight","floor":46,"damage_taken":0}],"is_beta":false,"boss_relics":[{"not_picked":["Orrery","FrozenCore"],"picked":"Nuclear Battery"},{"not_picked":["Eternal Feather","White Beast Statue"],"picked":"Sozu"}],"items_purged_floors":[],"is_endless":false,"potions_floor_spawned":[2,6,7,12,22,27,38,40,42,47],"ascension_level":0}