{"gold_per_floor":[18,37,56,56,56,56,85,99,99,134,154,168,168,196,196,196],"floor_reached":16,"playtime":674,"items_purged":[],"score":214,"play_id":"bda7c96c-0a0f-4e7d-ac1f-044de8235d0c","local_time":"20181201150455","is_ascension_mode":true,"campfire_choices":[{"data":"Clothesline","floor":6,"key":"SMITH"},{"data":"Metallicize","floor":15,"key":"SMITH"}],"neow_cost":"NO_GOLD","seed_source_timestamp":926124563092260,"circlet_count":0,"master_deck":["AscendersBane","Strike_R","Strike_R","Strike_R","Strike_R","Strike_R","Defend_R","Defend_R+1","Defend_R+1","Defend_R","Bash","Flex","Clothesline+1","Pommel Strike","Metallicize+1","Headbutt","Fiend Fire"],"relics":["Burning Blood","Ginger","Toxic Egg 2","Sundial","Frozen Egg 2","War Paint"],"potions_floor_usage":[7,11,14],"damage_taken":[{"damage":2,"enemies":"Jaw Worm","floor":1,"turns":3},{"damage":2,"enemies":"2 Louse","floor":2,"turns":3},{"damage":0,"enemies":"Small Slimes","floor":3,"turns":3},{"damage":40,"enemies":"Gremlin Nob","floor":7,"turns":5},{"damage":7,"enemies":"Red Slaver","floor":8,"turns":3},{"damage":43,"enemies":"Lagavulin","floor":10,"turns":8},{"damage":7,"enemies":"Gremlin Gang","floor":11,"turns":6},{"damage":6,"enemies":"3 Louse","floor":12,"turns":3},{"damage":10,"enemies":"3 Sentries","floor":14,"turns":10},{"damage":3,"enemies":"Hexaghost","floor":16,"turns":9}],"seed_played":"-3215015054446791618","potions_obtained":[{"floor":3,"key":"AttackPotion"},{"floor":7,"key":"FairyPotion"},{"floor":10,"key":"GamblersBrew"},{"floor":12,"key":"Dexterity Potion"},{"floor":14,"key":"Energy Potion"}],"is_trial":false,"path_per_floor":["M","M","M","?","$","R","E","M","T","E","M","M","?","E","R","B"],"character_chosen":"IRONCLAD","items_purchased":[],"campfire_rested":0,"item_purchase_floors":[],"current_hp_per_floor":[72,75,75,80,80,80,46,45,45,8,7,7,7,14,14,11],"gold":196,"neow_bonus":"ONE_RARE_RELIC","is_prod":false,"is_daily":false,"chose_seed":false,"campfire_upgraded":2,"win_rate":0,"timestamp":1543694695,"path_taken":["M","M","M","?","$","R","E","M","T","E","M","M","?","E","R","BOSS"],"build_version":"2018-11-15","purchased_purges":0,"victory":false,"max_hp_per_floor":[75,75,75,80,80,80,80,80,80,80,80,80,80,80,80,80],"card_choices":[{"not_picked":["Intimidate","Power Through"],"picked":"Flex","floor":1},{"not_picked":["Cleave","Perfected Strike"],"picked":"Clothesline","floor":2},{"not_picked":["Blood for Blood","Sword Boomerang"],"picked":"Pommel Strike","floor":3},{"not_picked":["Bloodletting","Pommel Strike"],"picked":"Metallicize","floor":7},{"not_picked":["Combust","Impervious+1","Wild Strike"],"picked":"SKIP","floor":8},{"not_picked":["Thunderclap","Rage+1","Perfected Strike"],"picked":"SKIP","floor":10},{"not_picked":["Dropkick","Body Slam","Heavy Blade"],"picked":"SKIP","floor":11},{"not_picked":["Wild Strike","Clash"],"picked":"Headbutt","floor":12},{"not_picked":["Infernal Blade+1","Sword Boomerang"],"picked":"Fiend Fire","floor":14}],"player_experience":952638,"relics_obtained":[{"floor":7,"key":"Toxic Egg 2"},{"floor":9,"key":"Sundial"},{"floor":10,"key":"Frozen Egg 2"},{"floor":14,"key":"War Paint"}],"event_choices":[{"damage_healed":0,"gold_gain":0,"player_choice":"Donut","damage_taken":0,"max_hp_gain":5,"max_hp_loss":0,"event_name":"Big Fish","floor":4,"gold_loss":0},{"damage_healed":0,"gold_gain":0,"player_choice":"Searched \u00270\u0027 times","damage_taken":0,"max_hp_gain":0,"max_hp_loss":0,"event_name":"Dead Adventurer","floor":13,"gold_loss":0}],"is_beta":false,"boss_relics":[],"items_purged_floors":[],"is_endless":false,"potions_floor_spawned":[3,7,10,12,14],"killed_by":"Hexaghost","ascension_level":15}