{"gold_per_floor":[112,126,144,158,177,211,211,241,267,39,39,49,65,83,83,83],"floor_reached":16,"playtime":745,"items_purged":[],"score":174,"play_id":"71573945-6354-4548-b1f8-80480d5f0edd","local_time":"20190226171748","is_ascension_mode":true,"campfire_choices":[{"floor":7.0,"key":"REST"},{"data":"Footwork","floor":15,"key":"SMITH"}],"neow_cost":"NONE","seed_source_timestamp":1183892950910663,"circlet_count":0,"master_deck":["AscendersBane","Defend_G","Defend_G","Defend_G","Defend_G","Defend_G","Strike_G","Strike_G","Strike_G","Strike_G","Strike_G","Survivor","Neutralize","Forethought","Deadly Poison","Dagger Spray","Bane","Backflip","Sucker Punch","Adrenaline","Adrenaline","Footwork+1","Prepared","Cloak And Dagger","Bouncing Flask"],"special_seed":0,"relics":["Ring of the Snake","Potion Belt","Regal Pillow","Anchor","Snake Skull","FaceOfCleric"],"potions_floor_usage":[16,16],"damage_taken":[{"damage":0.0,"enemies":"Jaw Worm","floor":1.0,"turns":6.0},{"damage":1.0,"enemies":"Cultist","floor":2.0,"turns":4.0},{"damage":0.0,"enemies":"2 Louse","floor":3.0,"turns":3.0},{"damage":4.0,"enemies":"Gremlin Gang","floor":4.0,"turns":5.0},{"damage":6.0,"enemies":"Looter","floor":5.0,"turns":3.0},{"damage":20.0,"enemies":"Lagavulin","floor":6.0,"turns":6.0},{"damage":32.0,"enemies":"Gremlin Nob","floor":8.0,"turns":5.0},{"damage":0,"enemies":"2 Fungi Beasts","floor":12,"turns":3},{"damage":0,"enemies":"Large Slime","floor":13,"turns":4},{"damage":0,"enemies":"Looter","floor":14,"turns":3},{"damage":28,"enemies":"Hexaghost","floor":16,"turns":9}],"seed_played":"5053988822081861236","potions_obtained":[{"floor":1.0,"key":"Strength Potion"},{"floor":3.0,"key":"AttackPotion"},{"floor":8.0,"key":"Swift Potion"},{"floor":13,"key":"PowerPotion"}],"is_trial":false,"path_per_floor":["M","M","M","M","M","E","R","E","T","$","?","M","M","M","R","B"],"character_chosen":"THE_SILENT","items_purchased":["Snake Skull","Footwork"],"campfire_rested":1,"item_purchase_floors":[10,10],"current_hp_per_floor":[63,62,62,58,52,32,53,21,21,21,21,22,23,24,24,0],"gold":83,"neow_bonus":"RANDOM_COLORLESS","is_prod":false,"is_daily":false,"chose_seed":false,"campfire_upgraded":1,"win_rate":0,"timestamp":1551219468,"path_taken":["M","M","M","M","M","E","R","E","T","$","?","?","M","M","R","BOSS"],"build_version":"2019-01-23","purchased_purges":0,"victory":false,"max_hp_per_floor":[70,70,70,70,70,70,70,70,70,70,70,71,72,73,73,73],"card_choices":[{"not_picked":["Dagger Spray","Masterful Stab"],"picked":"Deadly Poison","floor":1.0},{"not_picked":["Slice","Escape Plan"],"picked":"Dagger Spray","floor":2.0},{"not_picked":["Dodge and Roll","Underhanded Strike"],"picked":"Bane","floor":3.0},{"not_picked":["Slice","Poisoned Stab"],"picked":"Backflip","floor":4.0},{"not_picked":["Prepared","Backflip"],"picked":"Sucker Punch","floor":5.0},{"not_picked":["Corpse Explosion","Dagger Throw"],"picked":"Adrenaline","floor":6.0},{"not_picked":["Backflip","Infinite Blades"],"picked":"Adrenaline","floor":8.0},{"not_picked":["Slice","Expertise"],"picked":"Prepared","floor":12},{"not_picked":["Skewer","Backflip"],"picked":"Cloak And Dagger","floor":13},{"not_picked":["Slice","Dagger Throw"],"picked":"Bouncing Flask","floor":14}],"player_experience":390881,"relics_obtained":[{"floor":6.0,"key":"Potion Belt"},{"floor":8.0,"key":"Regal Pillow"},{"floor":9.0,"key":"Anchor"}],"event_choices":[{"damage_healed":0,"gold_gain":0,"player_choice":"Trade","damage_taken":0,"relics_obtained":["FaceOfCleric"],"max_hp_gain":0,"max_hp_loss":0,"event_name":"FaceTrader","floor":11,"gold_loss":0}],"is_beta":false,"boss_relics":[],"items_purged_floors":[],"is_endless":false,"potions_floor_spawned":[1,3,8,13],"killed_by":"Hexaghost","ascension_level":10}