{"gold_per_floor":[115,115,265,278,278,278,310,310,310,330,355,355,366,386,386,462,462,473,379,379,379,329,329,340,374,374,389,389,399,399,412,412,412],"floor_reached":33,"playtime":2472,"items_purged":["Doubt"],"score":565,"play_id":"99578119-5c9b-40b0-b59a-47faf3321fb0","local_time":"20190508085900","is_ascension_mode":true,"campfire_choices":[{"data":"Neutralize","floor":6,"key":"SMITH"},{"floor":8,"key":"REST"},{"data":"Distraction","floor":12,"key":"SMITH"},{"data":"Footwork","floor":15,"key":"SMITH"},{"floor":23,"key":"REST"},{"data":"Footwork","floor":30,"key":"SMITH"},{"floor":32,"key":"REST"}],"neow_cost":"NONE","seed_source_timestamp":224185142952622,"circlet_count":0,"master_deck":["AscendersBane","Defend_G+1","Defend_G+1","Defend_G+1","Defend_G+1","Defend_G+1","Survivor+1","Neutralize+1","Dagger Spray+1","Leg Sweep","Well Laid Plans","Distraction+1","Infinite Blades","Footwork+1","Escape Plan+1","Venomology","Finisher","Footwork+1","Bite","Bite+1","Bite","Bite","Bite","Dagger Throw"],"relics":["Ring of the Snake","NeowsBlessing","Smiling Mask","Pen Nib","Ornamental Fan","Art of War","Black Star","Singing Bowl","War Paint","Molten Egg 2"],"potions_floor_usage":[11,16,24,25,25,25,27,27,31,33,33,33],"damage_taken":[{"damage":0,"enemies":"Small Slimes","floor":1,"turns":1},{"damage":0,"enemies":"2 Louse","floor":4,"turns":1},{"damage":0,"enemies":"Lagavulin","floor":7,"turns":1},{"damage":0,"enemies":"Cultist","floor":10,"turns":4},{"damage":6,"enemies":"3 Sentries","floor":11,"turns":3},{"damage":6,"enemies":"Large Slime","floor":13,"turns":7},{"damage":0,"enemies":"Exordium Wildlife","floor":14,"turns":1},{"damage":14,"enemies":"Hexaghost","floor":16,"turns":13},{"damage":30,"enemies":"3 Byrds","floor":18,"turns":8},{"damage":13,"enemies":"Shell Parasite","floor":24,"turns":11},{"damage":5,"enemies":"Book of Stabbing","floor":25,"turns":7},{"damage":49,"enemies":"Snecko","floor":27,"turns":11},{"damage":26,"enemies":"Shelled Parasite and Fungi","floor":29,"turns":20},{"damage":23,"enemies":"Snake Plant","floor":31,"turns":9},{"damage":109,"enemies":"Champ","floor":33,"turns":28}],"seed_played":"-7178054260865480638","potions_obtained":[{"floor":4,"key":"Strength Potion"},{"floor":7,"key":"Poison Potion"},{"floor":11,"key":"Ancient Potion"},{"floor":13,"key":"LiquidBronze"},{"floor":14,"key":"GhostInAJar"},{"floor":25,"key":"Dexterity Potion"},{"floor":29,"key":"SkillPotion"}],"is_trial":false,"path_per_floor":["M","?","?","M","?","R","E","R","T","M","E","R","M","M","R","B",null,"M","$","?","?","?","R","M","E","T","M","?","M","R","M","R","B"],"character_chosen":"THE_SILENT","items_purchased":["Footwork"],"campfire_rested":3,"item_purchase_floors":[19],"current_hp_per_floor":[59,39,39,39,28,28,28,47,47,47,41,41,35,35,35,21,55,25,25,7,7,7,21,37,46,46,20,20,44,44,41,57,0],"gold":412,"neow_bonus":"THREE_ENEMY_KILL","is_prod":false,"is_daily":false,"chose_seed":false,"campfire_upgraded":4,"win_rate":0,"timestamp":1557331140,"path_taken":["M","?","?","M","?","R","E","R","T","M","E","R","M","M","R","BOSS","M","$","?","?","?","R","M","E","T","?","?","M","R","M","R","BOSS"],"build_version":"2019-01-23","purchased_purges":1,"victory":false,"max_hp_per_floor":[66,66,66,66,66,66,66,66,66,66,66,66,66,66,66,66,66,66,66,71,49,49,49,49,51,51,53,53,55,55,57,57,57],"card_choices":[{"not_picked":["Outmaneuver","Bane"],"picked":"Dagger Spray","floor":1},{"not_picked":["Dagger Spray","Poisoned Stab"],"picked":"Leg Sweep","floor":4},{"not_picked":["Leg Sweep","Blade Dance"],"picked":"Well Laid Plans","floor":7},{"not_picked":["All Out Attack","Terror"],"picked":"Distraction","floor":10},{"not_picked":["PiercingWail","Prepared"],"picked":"Infinite Blades","floor":11},{"not_picked":["Acrobatics","Flying Knee"],"picked":"Footwork","floor":13},{"not_picked":["Deadly Poison","Crippling Poison"],"picked":"Escape Plan","floor":14},{"not_picked":["Grand Finale","Doppelganger"],"picked":"Venomology","floor":16},{"not_picked":["Dodge and Roll","Slice"],"picked":"Finisher","floor":18},{"not_picked":["Deadly Poison","Well Laid Plans+1"],"picked":"Dagger Throw","floor":24},{"not_picked":["Unload","Escape Plan","Cloak And Dagger"],"picked":"Singing Bowl","floor":25},{"not_picked":["Catalyst","Outmaneuver","Backflip"],"picked":"Singing Bowl","floor":27},{"not_picked":["Bane+1","Flying Knee+1","Cloak And Dagger"],"picked":"Singing Bowl","floor":29},{"not_picked":["Calculated Gamble","Terror","Outmaneuver"],"picked":"Singing Bowl","floor":31}],"player_experience":631825,"relics_obtained":[{"floor":7,"key":"Pen Nib"},{"floor":9,"key":"Ornamental Fan"},{"floor":11,"key":"Art of War"},{"floor":25,"key":"Singing Bowl"},{"floor":25,"key":"War Paint"},{"floor":26,"key":"Molten Egg 2"}],"event_choices":[{"damage_healed":0,"gold_gain":0,"player_choice":"Entered Light","damage_taken":20,"max_hp_gain":0,"max_hp_loss":0,"event_name":"Shining Light","floor":2,"gold_loss":0,"cards_upgraded":["Dagger Spray","Strike_G"]},{"damage_healed":0,"gold_gain":150,"player_choice":"AGREE","damage_taken":0,"max_hp_gain":0,"max_hp_loss":0,"event_name":"Liars Game","floor":3,"gold_loss":0,"cards_obtained":["Doubt"]},{"damage_healed":0,"gold_gain":0,"player_choice":"Success","damage_taken":11,"relics_obtained":["Smiling Mask"],"max_hp_gain":0,"max_hp_loss":0,"event_name":"Scrap Ooze","floor":5,"gold_loss":0},{"damage_healed":0,"gold_gain":0,"player_choice":"Shed Blood","damage_taken":23,"max_hp_gain":5,"max_hp_loss":0,"event_name":"Forgotten Altar","floor":20,"gold_loss":0},{"damage_healed":0,"gold_gain":0,"player_choice":"Became a vampire","damage_taken":0,"max_hp_gain":0,"max_hp_loss":22,"event_name":"Vampires","floor":21,"gold_loss":0,"cards_obtained":["Bite","Bite","Bite","Bite","Bite"]},{"damage_healed":0,"gold_gain":0,"player_choice":"Upgraded Two","damage_taken":0,"max_hp_gain":0,"max_hp_loss":0,"event_name":"Designer","floor":22,"gold_loss":50,"cards_upgraded":["Escape Plan","Bite"]},{"damage_healed":0,"gold_gain":0,"player_choice":"Simplicity","damage_taken":0,"max_hp_gain":0,"max_hp_loss":0,"event_name":"Back to Basics","floor":28,"gold_loss":0,"cards_upgraded":["Defend_G","Defend_G","Defend_G","Defend_G"]}],"is_beta":false,"boss_relics":[{"not_picked":["Cursed Key","Runic Dome"],"picked":"Black Star"}],"items_purged_floors":[19],"is_endless":false,"potions_floor_spawned":[4,7,11,13,14,24,25,29],"killed_by":"Champ","ascension_level":16}