{"gold_per_floor":[110,110,35,51,64,64,98,98,98,98,98,113,113,129,129,205,205,221,240,268,95,95],"floor_reached":22,"playtime":771,"items_purged":["Strike_B"],"score":350,"play_id":"a6814d1a-4e88-494b-948e-65e44369d47e","local_time":"20181011222211","is_ascension_mode":true,"campfire_choices":[{"data":"Consume","floor":6,"key":"SMITH"},{"data":"Conserve Battery","floor":8,"key":"SMITH"},{"data":"Cold Snap","floor":13,"key":"SMITH"},{"floor":15,"key":"REST"}],"neow_cost":"NONE","seed_source_timestamp":180065956828873,"circlet_count":0,"master_deck":["Strike_B","Strike_B","Strike_B","Defend_B","Defend_B","Defend_B","Defend_B","Zap","Dualcast","AscendersBane","Streamline+1","Cold Snap+1","Conserve Battery+1","Consume+1","Hyperbeam+1","Coolheaded","Go for the Eyes+1","Creative AI","Beam Cell+1","White Noise","FTL+1","Gash+1"],"relics":["FrozenCore","Molten Egg 2","Sundial","Red Mask"],"potions_floor_usage":[7,16,18],"damage_taken":[{"damage":0,"enemies":"Small Slimes","floor":1,"turns":3},{"damage":1,"enemies":"2 Louse","floor":4,"turns":2},{"damage":2,"enemies":"Jaw Worm","floor":5,"turns":4},{"damage":26,"enemies":"Gremlin Nob","floor":7,"turns":4},{"damage":8,"enemies":"Lots of Slimes","floor":12,"turns":2},{"damage":2,"enemies":"2 Fungi Beasts","floor":14,"turns":2},{"damage":20,"enemies":"Slime Boss","floor":16,"turns":7},{"damage":13,"enemies":"3 Byrds","floor":18,"turns":3},{"damage":14,"enemies":"2 Thieves","floor":19,"turns":4},{"damage":12,"enemies":"Masked Bandits","floor":20,"turns":4},{"damage":31,"enemies":"Shelled Parasite and Fungi","floor":22,"turns":2}],"seed_played":"-5564468869388601349","potions_obtained":[{"floor":4,"key":"Poison Potion"},{"floor":7,"key":"LiquidBronze"},{"floor":12,"key":"Swift Potion"}],"is_trial":false,"path_per_floor":["M","?","$","M","M","R","E","R","T","?","?","M","R","M","R","B",null,"M","M","?","$"],"character_chosen":"DEFECT","items_purchased":["EssenceOfSteel","Explosive Potion","Gash+1"],"campfire_rested":1,"item_purchase_floors":[21,21,21],"current_hp_per_floor":[64,64,64,63,61,61,35,35,35,35,35,27,27,25,46,26,60,47,33,21,21,0],"gold":95,"neow_bonus":"THREE_CARDS","is_prod":false,"is_daily":false,"chose_seed":false,"campfire_upgraded":3,"win_rate":0,"timestamp":1539310931,"path_taken":["M","?","$","M","M","R","E","R","T","?","?","M","R","M","R","BOSS","M","M","?","$","M"],"build_version":"2018-10-11","purchased_purges":1,"victory":false,"max_hp_per_floor":[71,71,71,71,71,71,71,71,71,71,71,71,71,71,71,71,71,71,71,71,71,71],"card_choices":[{"not_picked":["Rip and Tear","Storm"],"picked":"Streamline","floor":0},{"not_picked":["Hologram","Turbo"],"picked":"Cold Snap","floor":1},{"not_picked":["Streamline","Stack"],"picked":"Conserve Battery","floor":4},{"not_picked":["Compile Driver","Chaos"],"picked":"Consume","floor":5},{"not_picked":["Cold Snap","Blizzard"],"picked":"Hyperbeam","floor":7},{"not_picked":["Static Discharge","Ball Lightning+1"],"picked":"Coolheaded","floor":12},{"not_picked":["Reprogram","Self Repair"],"picked":"Go for the Eyes+1","floor":14},{"not_picked":["Buffer","All For One+1"],"picked":"Creative AI","floor":16},{"not_picked":["Reinforced Body","Loop"],"picked":"Beam Cell+1","floor":18},{"not_picked":["Streamline+1","Genetic Algorithm+1"],"picked":"White Noise","floor":19},{"not_picked":["Double Energy+1","Darkness"],"picked":"FTL+1","floor":20}],"player_experience":754329,"relics_obtained":[{"floor":7,"key":"Molten Egg 2"},{"floor":9,"key":"Sundial"},{"floor":20,"key":"Red Mask"}],"event_choices":[{"event_name":"Living Wall","player_choice":"Grow","floor":2,"damage_taken":0},{"event_name":"Scrap Ooze","player_choice":"unsuccessful","floor":10,"damage_taken":0},{"event_name":"Dead Adventurer","player_choice":"Searched \u00270\u0027 times","floor":11,"damage_taken":0},{"event_name":"Masked Bandits","player_choice":"Fought Bandits","floor":20,"damage_taken":0}],"is_beta":false,"boss_relics":[{"not_picked":["Philosopher\u0027s Stone","Busted Crown"],"picked":"FrozenCore"}],"items_purged_floors":[3],"is_endless":false,"potions_floor_spawned":[4,7,12,14],"killed_by":"Shelled Parasite and Fungi","ascension_level":18}