{"gold_per_floor":[212,13,13,30,46,72,72,106,129,129,147,164,193,193,193,266,266,279,279,279,294,10,10,35,48,74,74,87,104,119,154,154,154],"floor_reached":33,"playtime":1615,"items_purged":["Strike_B"],"score":572,"play_id":"557c6c8b-6cf3-4dd5-9ac9-26eb4fac4777","local_time":"20190223232618","is_ascension_mode":true,"campfire_choices":[{"data":"Zap","floor":7,"key":"SMITH"},{"floor":10,"key":"REST"},{"data":"Defragment","floor":15,"key":"SMITH"},{"data":"Dualcast","floor":23,"key":"SMITH"},{"data":"Metamorphosis","floor":27,"key":"SMITH"},{"data":"Buffer","floor":32,"key":"SMITH"}],"neow_cost":"NONE","seed_source_timestamp":945944927865268,"circlet_count":0,"master_deck":["AscendersBane","Strike_B+1","Strike_B+1","Strike_B+1","Defend_B+1","Defend_B+1","Defend_B+1","Defend_B+1","Zap+1","Dualcast+1","Hologram","Sunder","Cold Snap","Go for the Eyes","Leap","Steam","Self Repair","Defragment+1","Ball Lightning","Steam","Glacier","Electrodynamics","Ghostly","Ghostly","Ghostly","Ghostly","Ghostly","Rainbow","Metamorphosis+1","Self Repair","Turbo","Force Field","Steam","Reinforced Body","Buffer+1","Compile Driver+1"],"relics":["Cracked Core","Dream Catcher","Anchor","Bag of Marbles","Lantern","Juzu Bracelet","Inserter","Happy Flower","Smiling Mask","PreservedInsect"],"potions_floor_usage":[6,8,13,29,31,33],"damage_taken":[{"damage":2,"enemies":"Jaw Worm","floor":1,"turns":3},{"damage":2,"enemies":"2 Louse","floor":4,"turns":2},{"damage":0,"enemies":"Small Slimes","floor":5,"turns":3},{"damage":4,"enemies":"3 Sentries","floor":6,"turns":7},{"damage":27,"enemies":"Gremlin Nob","floor":8,"turns":6},{"damage":8,"enemies":"3 Louse","floor":11,"turns":4},{"damage":1,"enemies":"Blue Slaver","floor":12,"turns":4},{"damage":20,"enemies":"Lagavulin","floor":13,"turns":8},{"damage":14,"enemies":"The Guardian","floor":16,"turns":12},{"damage":9,"enemies":"Chosen","floor":18,"turns":6},{"damage":1,"enemies":"Shell Parasite","floor":21,"turns":10},{"damage":21,"enemies":"Gremlin Leader","floor":24,"turns":6},{"damage":0,"enemies":"Shelled Parasite and Fungi","floor":25,"turns":9},{"damage":2,"enemies":"3 Cultists","floor":28,"turns":5},{"damage":0,"enemies":"Centurion and Healer","floor":29,"turns":8},{"damage":0,"enemies":"Snake Plant","floor":30,"turns":5},{"damage":21,"enemies":"Slavers","floor":31,"turns":4},{"damage":31,"enemies":"Automaton","floor":33,"turns":8}],"seed_played":"8333723746435542161","potions_obtained":[{"floor":1,"key":"Poison Potion"},{"floor":4,"key":"Strength Potion"},{"floor":11,"key":"LiquidBronze"},{"floor":21,"key":"SteroidPotion"},{"floor":24,"key":"Strength Potion"},{"floor":28,"key":"SkillPotion"},{"floor":30,"key":"PowerPotion"}],"is_trial":false,"path_per_floor":["M","$","?","M","M","E","R","E","T","R","M","M","E","?","R","B",null,"M","?","?","M","$","R","E","M","T","R","M","M","M","E","R","B"],"character_chosen":"DEFECT","items_purchased":["Sunder","Cold Snap","Metamorphosis","Self Repair","Turbo"],"campfire_rested":1,"item_purchase_floors":[2,2,22,22,22],"current_hp_per_floor":[62,62,62,60,60,56,56,29,29,50,49,55,42,42,42,35,62,60,35,35,35,35,35,28,35,35,35,35,35,35,28,28,0],"gold":154,"neow_bonus":"HUNDRED_GOLD","is_prod":false,"is_daily":false,"chose_seed":false,"campfire_upgraded":5,"win_rate":0,"timestamp":1550982378,"path_taken":["M","$","?","M","M","E","R","E","T","R","M","M","E","?","R","BOSS","M","?","?","M","$","R","E","M","T","R","M","M","M","E","R","BOSS"],"build_version":"2019-01-23","purchased_purges":1,"victory":false,"max_hp_per_floor":[71,71,71,71,71,71,71,71,71,71,71,71,71,71,71,71,71,71,35,35,35,35,35,35,35,35,35,35,35,35,35,35,35],"card_choices":[{"not_picked":["Heatsinks","Static Discharge"],"picked":"Hologram","floor":1},{"not_picked":["Hello World","Leap"],"picked":"Go for the Eyes","floor":4},{"not_picked":["Redo","Multi-Cast"],"picked":"Leap","floor":5},{"not_picked":["Melter","Sunder"],"picked":"Steam","floor":6},{"not_picked":["Redo","Recycle"],"picked":"Self Repair","floor":8},{"not_picked":["Cold Snap","Steam"],"picked":"Defragment","floor":10},{"not_picked":["Rebound","Turbo"],"picked":"Ball Lightning","floor":11},{"not_picked":["Undo","Static Discharge"],"picked":"Steam","floor":12},{"not_picked":["Beam Cell","Double Energy"],"picked":"Glacier","floor":13},{"not_picked":["Hyperbeam","Machine Learning"],"picked":"Electrodynamics","floor":16},{"not_picked":["Rebound","Tempest","Streamline"],"picked":"SKIP","floor":18},{"not_picked":["Redo","Ball Lightning+1"],"picked":"Rainbow","floor":21},{"not_picked":["Double Energy+1","Steam"],"picked":"Force Field","floor":24},{"not_picked":["Chaos","Beam Cell"],"picked":"Steam","floor":25},{"not_picked":["Rip and Tear","Coolheaded"],"picked":"Reinforced Body","floor":28},{"not_picked":["Coolheaded","Recycle","Steam Power"],"picked":"SKIP","floor":29},{"not_picked":["Rebound+1","Hologram+1"],"picked":"Buffer","floor":30},{"not_picked":["Self Repair","Gash"],"picked":"Compile Driver+1","floor":31}],"player_experience":354662,"relics_obtained":[{"floor":6,"key":"Dream Catcher"},{"floor":8,"key":"Anchor"},{"floor":9,"key":"Bag of Marbles"},{"floor":13,"key":"Lantern"},{"floor":24,"key":"Happy Flower"},{"floor":26,"key":"Smiling Mask"},{"floor":31,"key":"PreservedInsect"}],"event_choices":[{"damage_healed":0,"gold_gain":0,"player_choice":"Ignored","damage_taken":0,"max_hp_gain":0,"max_hp_loss":0,"event_name":"Liars Game","floor":3,"gold_loss":0},{"damage_healed":0,"gold_gain":0,"player_choice":"Searched \u00271\u0027 times","damage_taken":0,"relics_obtained":["Juzu Bracelet"],"max_hp_gain":0,"max_hp_loss":0,"event_name":"Dead Adventurer","floor":14,"gold_loss":0},{"damage_healed":0,"gold_gain":0,"player_choice":"Became a Ghost","damage_taken":0,"max_hp_gain":0,"max_hp_loss":36,"event_name":"Ghosts","floor":19,"gold_loss":0,"cards_obtained":["Ghostly","Ghostly","Ghostly","Ghostly","Ghostly"]},{"damage_healed":0,"gold_gain":0,"player_choice":"Simplicity","damage_taken":0,"max_hp_gain":0,"max_hp_loss":0,"event_name":"Back to Basics","floor":20,"gold_loss":0,"cards_upgraded":["Strike_B","Strike_B","Strike_B","Defend_B","Defend_B","Defend_B","Defend_B"]}],"is_beta":false,"boss_relics":[{"not_picked":["Astrolabe","Nuclear Battery"],"picked":"Inserter"}],"items_purged_floors":[2],"is_endless":false,"potions_floor_spawned":[1,4,5,11,21,24,28,30],"killed_by":"Automaton","ascension_level":14}