{"gold_per_floor":[111,111,11,11,24,24,53,64,64,75,109,109,121,135,135,206,206,217,227,241,265,63,63,79,93,118,132,142,153,153,153,153,153],"floor_reached":33,"playtime":1614,"items_purged":[],"score":464,"play_id":"4ad670ff-9a89-4dd4-b4d4-a0b47a4cd0aa","local_time":"20180824170607","is_ascension_mode":true,"campfire_choices":[{"data":"Bash","floor":6,"key":"SMITH"},{"data":"Anger","floor":12,"key":"SMITH"},{"data":"Battle Trance","floor":15,"key":"SMITH"},{"data":"Whirlwind","floor":23,"key":"SMITH"},{"data":"Rage","floor":32,"key":"SMITH"}],"neow_cost":"PERCENT_DAMAGE","seed_source_timestamp":320140521281,"circlet_count":0,"master_deck":["Strike_R","Strike_R","Strike_R","Defend_R","Defend_R","Defend_R","Bash+1","AscendersBane","Flex","Cleave","Shrug It Off","Battle Trance+1","Flex","Iron Wave","Anger+1","Whirlwind+1","Shrug It Off","Feed","Iron Wave","Sword Boomerang","Armaments","True Grit","Rage+1"],"relics":["Burning Blood","Bottled Lightning","Meat on the Bone","Regal Pillow","Runic Dome","Omamori","ClockworkSouvenir","Blood Vial"],"potions_floor_usage":[11,11,16,25,28,31,33],"damage_taken":[{"damage":9,"enemies":"Jaw Worm","floor":1,"turns":6},{"damage":0,"enemies":"Cultist","floor":5,"turns":3},{"damage":42,"enemies":"3 Sentries","floor":7,"turns":9},{"damage":0,"enemies":"Small Slimes","floor":8,"turns":2},{"damage":3,"enemies":"Blue Slaver","floor":10,"turns":3},{"damage":20,"enemies":"Lagavulin","floor":11,"turns":4},{"damage":13,"enemies":"Gremlin Gang","floor":13,"turns":3},{"damage":5,"enemies":"Red Slaver","floor":14,"turns":3},{"damage":49,"enemies":"The Guardian","floor":16,"turns":9},{"damage":28,"enemies":"Shell Parasite","floor":18,"turns":6},{"damage":4,"enemies":"Chosen","floor":19,"turns":3},{"damage":17,"enemies":"Snake Plant","floor":20,"turns":4},{"damage":21,"enemies":"Snecko","floor":24,"turns":5},{"damage":26,"enemies":"Cultist and Chosen","floor":25,"turns":5},{"damage":39,"enemies":"Centurion and Healer","floor":27,"turns":8},{"damage":18,"enemies":"Snake Plant","floor":28,"turns":4},{"damage":24,"enemies":"Sentry and Sphere","floor":29,"turns":5},{"damage":0,"enemies":"Cultist and Chosen","floor":31,"turns":1},{"damage":45,"enemies":"Champ","floor":33,"turns":5}],"seed_played":"8367640274738078449","potions_obtained":[{"floor":1,"key":"Weak Potion"},{"floor":7,"key":"Poison Potion"},{"floor":13,"key":"EssenceOfSteel"},{"floor":18,"key":"PowerPotion"},{"floor":27,"key":"FearPotion"},{"floor":28,"key":"SteroidPotion"},{"floor":30,"key":"SmokeBomb"}],"is_trial":false,"path_per_floor":["M","?","$","?","M","R","E","M","T","M","E","R","M","M","R","B",null,"M","M","M","T","$","R","M","M","T","M","M","M","?","M","R"],"character_chosen":"IRONCLAD","items_purchased":["Cleave","Shrug It Off","ClockworkSouvenir"],"campfire_rested":0,"item_purchase_floors":[3,3,22],"current_hp_per_floor":[47,47,47,47,53,53,17,23,23,38,36,36,41,54,54,23,62,55,60,49,49,49,49,49,41,41,22,24,20,20,40,40,0],"gold":153,"neow_bonus":"REMOVE_TWO","is_prod":false,"is_daily":false,"chose_seed":false,"campfire_upgraded":5,"win_rate":0,"timestamp":1535144767,"path_taken":["M","?","$","?","M","R","E","M","T","M","E","R","M","M","R","BOSS","M","?","M","?","$","R","M","M","T","?","M","M","?","M","R","BOSS"],"build_version":"2018-08-23v2","purchased_purges":0,"victory":false,"max_hp_per_floor":[75,75,75,75,75,75,75,75,75,75,75,75,75,75,75,75,75,78,81,81,81,81,81,84,84,84,84,84,84,84,84,84,84],"card_choices":[{"not_picked":["Hemokinesis","Warcry"],"picked":"Flex","floor":1},{"not_picked":["Pummel","Reckless Charge"],"picked":"Battle Trance","floor":5},{"not_picked":["Clash","Searing Blow","Warcry"],"picked":"SKIP","floor":7},{"not_picked":["Clash","Searing Blow","Warcry"],"picked":"SKIP","floor":7},{"not_picked":["Clothesline","Shockwave"],"picked":"Flex","floor":8},{"not_picked":["Wild Strike","Bloodletting"],"picked":"Iron Wave","floor":10},{"not_picked":["Reckless Charge","Combust"],"picked":"Anger","floor":11},{"not_picked":["Uppercut","Entrench"],"picked":"Whirlwind","floor":13},{"not_picked":["Wild Strike","Uppercut"],"picked":"Shrug It Off","floor":14},{"not_picked":["Bludgeon","Juggernaut"],"picked":"Feed","floor":16},{"not_picked":["Clothesline","Blood for Blood"],"picked":"Iron Wave","floor":18},{"not_picked":["Iron Wave","Rampage","Disarm"],"picked":"SKIP","floor":19},{"not_picked":["Entrench","Clash"],"picked":"Sword Boomerang","floor":20},{"not_picked":["Anger","Wild Strike","Second Wind"],"picked":"SKIP","floor":24},{"not_picked":["Clash","Havoc"],"picked":"Armaments","floor":25},{"not_picked":["Clash+1","Iron Wave"],"picked":"True Grit","floor":27},{"not_picked":["Sever Soul","Reckless Charge","Havoc"],"picked":"SKIP","floor":28},{"not_picked":["Wild Strike","Whirlwind"],"picked":"Rage","floor":29}],"player_experience":602498,"relics_obtained":[{"floor":7,"key":"Bottled Lightning"},{"floor":9,"key":"Meat on the Bone"},{"floor":11,"key":"Regal Pillow"},{"floor":21,"key":"Omamori"},{"floor":26,"key":"Blood Vial"}],"event_choices":[{"event_name":"Bonfire Elementals","player_choice":"BASIC","floor":2,"damage_taken":0},{"event_name":"Liars Game","player_choice":"disagreed","floor":4,"damage_taken":0},{"event_name":"The Lab","player_choice":"Got Potions","floor":30,"damage_taken":0}],"is_beta":false,"boss_relics":[{"not_picked":["Runic Pyramid","Calling Bell"],"picked":"Runic Dome"}],"items_purged_floors":[],"is_endless":false,"potions_floor_spawned":[1,7,10,13,18,27,28,31],"killed_by":"Champ","ascension_level":15}