{"gold_per_floor":[109,109,127,26,43,70,90,121,121,121,121,141,141,174,174,299,299,269,269,283,108,108,147,22,22,49,63,63,79,79],"floor_reached":30,"playtime":1094,"items_purged":["Pain","Strike_R","Strike_R"],"score":429,"play_id":"ca60bd02-58e0-4de3-bd56-308f95f7bbf4","local_time":"20190219170201","is_ascension_mode":true,"campfire_choices":[{"data":"Carnage","floor":10,"key":"SMITH"},{"data":"Whirlwind","floor":15,"key":"SMITH"},{"floor":25,"key":"REST"}],"neow_cost":"NONE","seed_source_timestamp":577806270736939,"circlet_count":0,"master_deck":["Strike_R+1","Strike_R","Defend_R+1","Defend_R+1","Defend_R","Defend_R","Bash","Headbutt","Ghostly Armor+1","Clash","Carnage+1","True Grit","Clash","Whirlwind+1","Power Through","Fiend Fire+1","Cleave","Inflame+1","Power Through","Rupture","Second Wind"],"relics":["Burning Blood","NeowsBlessing","WarpedTongs","Omamori","Dodecahedron","Golden Idol","Self Forming Clay","Black Star","Nloth\u0027s Gift","Boot","Dead Branch","Potion Belt"],"potions_floor_usage":[7,14,14,16,30],"damage_taken":[{"damage":0,"enemies":"Small Slimes","floor":1,"turns":1},{"damage":0,"enemies":"Cultist","floor":3,"turns":1},{"damage":0,"enemies":"2 Louse","floor":5,"turns":1},{"damage":42,"enemies":"Lagavulin","floor":6,"turns":6},{"damage":0,"enemies":"Lots of Slimes","floor":7,"turns":1},{"damage":22,"enemies":"3 Sentries","floor":8,"turns":9},{"damage":0,"enemies":"Red Slaver","floor":12,"turns":3},{"damage":0,"enemies":"Lagavulin","floor":14,"turns":5},{"damage":0,"enemies":"Hexaghost","floor":16,"turns":11},{"damage":11,"enemies":"2 Thieves","floor":18,"turns":5},{"damage":14,"enemies":"Shell Parasite","floor":20,"turns":7},{"damage":35,"enemies":"Slavers","floor":23,"turns":6},{"damage":22,"enemies":"3 Cultists","floor":27,"turns":5},{"damage":14,"enemies":"Snake Plant","floor":29,"turns":4},{"damage":26,"enemies":"Book of Stabbing","floor":30,"turns":4}],"seed_played":"-6511095301352398394","potions_obtained":[{"floor":6,"key":"Explosive Potion"},{"floor":7,"key":"Weak Potion"},{"floor":12,"key":"Dexterity Potion"},{"floor":14,"key":"PowerPotion"},{"floor":18,"key":"Explosive Potion"},{"floor":29,"key":"Strength Potion"}],"is_trial":false,"path_per_floor":["M","?","M","$","M","E","M","E","T","R","?","M","?","E","R","B",null,"M","?","M","$","?","E","$","R","T","M","?","M","E"],"character_chosen":"IRONCLAD","items_purchased":["Clash","Power Through"],"campfire_rested":1,"item_purchase_floors":[4,21],"current_hp_per_floor":[80,80,80,80,80,44,50,34,34,34,18,24,24,30,30,36,65,60,60,52,52,52,23,23,45,45,29,29,21,0],"gold":79,"neow_bonus":"THREE_ENEMY_KILL","is_prod":false,"is_daily":false,"chose_seed":false,"campfire_upgraded":2,"win_rate":0,"timestamp":1550613721,"path_taken":["M","?","M","$","?","E","M","E","T","R","?","M","?","E","R","BOSS","M","?","?","$","?","E","?","R","T","M","?","M","E"],"build_version":"2019-01-23","purchased_purges":3,"victory":false,"max_hp_per_floor":[80,80,80,80,80,80,80,80,80,80,80,80,74,74,74,74,74,74,74,74,74,74,74,74,74,74,74,74,74,74],"card_choices":[{"not_picked":["Sentinel","Flex"],"picked":"Headbutt","floor":1},{"not_picked":["Anger","Pummel"],"picked":"Ghostly Armor","floor":3},{"not_picked":["Armaments","Havoc"],"picked":"Carnage","floor":5},{"not_picked":["Wild Strike","Flex"],"picked":"True Grit","floor":6},{"not_picked":["Wild Strike","Heavy Blade"],"picked":"Clash","floor":7},{"not_picked":["Fire Breathing","Perfected Strike","Twin Strike"],"picked":"SKIP","floor":8},{"not_picked":["Berserk","Clash"],"picked":"Whirlwind","floor":12},{"not_picked":["Thunderclap","Havoc"],"picked":"Power Through","floor":14},{"not_picked":["Bludgeon","Immolate"],"picked":"Fiend Fire","floor":16},{"not_picked":["Body Slam","Flex"],"picked":"Cleave","floor":18},{"not_picked":["Wild Strike","Warcry"],"picked":"Inflame+1","floor":20},{"not_picked":["Clothesline","Dark Embrace"],"picked":"Second Wind","floor":23},{"not_picked":["Clash","Sword Boomerang","Armaments"],"picked":"SKIP","floor":27},{"not_picked":["Pummel","Havoc","Cleave"],"picked":"SKIP","floor":29}],"player_experience":318905,"relics_obtained":[{"floor":6,"key":"War Paint"},{"floor":8,"key":"Omamori"},{"floor":9,"key":"Dodecahedron"},{"floor":14,"key":"Self Forming Clay"},{"floor":23,"key":"Boot"},{"floor":23,"key":"Dead Branch"},{"floor":26,"key":"Potion Belt"}],"event_choices":[{"damage_healed":0,"gold_gain":0,"player_choice":"Rummage","damage_taken":0,"relics_obtained":["WarpedTongs"],"max_hp_gain":0,"max_hp_loss":0,"event_name":"Accursed Blacksmith","floor":2,"gold_loss":0,"cards_obtained":["Pain"]},{"damage_healed":0,"gold_gain":0,"player_choice":"Entered Light","damage_taken":16,"max_hp_gain":0,"max_hp_loss":0,"event_name":"Shining Light","floor":11,"gold_loss":0,"cards_upgraded":["Strike_R","Defend_R"]},{"damage_healed":0,"gold_gain":0,"player_choice":"Lose Max HP","damage_taken":0,"relics_obtained":["Golden Idol"],"max_hp_gain":0,"max_hp_loss":6,"event_name":"Golden Idol","floor":13,"gold_loss":0},{"damage_healed":0,"gold_gain":0,"player_choice":"Traded Relic","damage_taken":0,"relics_obtained":["Nloth\u0027s Gift"],"max_hp_gain":0,"max_hp_loss":0,"event_name":"N\u0027loth","floor":19,"relics_lost":["War Paint"],"gold_loss":0},{"damage_healed":0,"gold_gain":0,"cards_transformed":["Strike_R"],"player_choice":"Transformed","damage_taken":0,"max_hp_gain":0,"max_hp_loss":0,"event_name":"Transmorgrifier","floor":22,"gold_loss":0,"cards_obtained":["Rupture"]},{"damage_healed":0,"gold_gain":0,"player_choice":"Upgraded","damage_taken":0,"max_hp_gain":0,"max_hp_loss":0,"event_name":"Upgrade Shrine","floor":28,"gold_loss":0,"cards_upgraded":["Fiend Fire"]}],"is_beta":false,"boss_relics":[{"not_picked":["Black Blood","Eternal Feather"],"picked":"Black Star"}],"items_purged_floors":[4,21,24],"is_endless":false,"potions_floor_spawned":[6,7,12,14,18,29],"killed_by":"Book of Stabbing","ascension_level":5}