{"gold_per_floor":[111,122,141,63,78,78,107,107,107,182,18,44,44,64,64,64],"floor_reached":16,"playtime":716,"items_purged":["Strike_G"],"score":220,"play_id":"04c183f0-720c-49bd-a370-1af7368f57a3","local_time":"20181026164347","is_ascension_mode":true,"campfire_choices":[{"data":"Flechettes","floor":6.0,"key":"SMITH"},{"floor":8,"key":"REST"},{"floor":13,"key":"REST"},{"data":"Venomology","floor":15,"key":"SMITH"}],"neow_cost":"PERCENT_DAMAGE","seed_source_timestamp":1455703078233935,"circlet_count":0,"master_deck":["Defend_G","Defend_G","Defend_G","Defend_G","Defend_G","Strike_G","Strike_G","Strike_G","Strike_G","Survivor","Neutralize","AscendersBane","Venomology+1","Sucker Punch","Flechettes+1","Flying Knee","Crippling Poison","Acrobatics","Cloak And Dagger","Slice","Well Laid Plans","All Out Attack","Backflip"],"special_seed":0,"relics":["Ring of the Snake","Dream Catcher","Pear","Torii"],"potions_floor_usage":[7,7,12,12,14,16,16],"damage_taken":[{"damage":0.0,"enemies":"Cultist","floor":1.0,"turns":5.0},{"damage":0.0,"enemies":"Jaw Worm","floor":2.0,"turns":3.0},{"damage":0.0,"enemies":"2 Louse","floor":3.0,"turns":3.0},{"damage":8.0,"enemies":"2 Fungi Beasts","floor":5.0,"turns":3.0},{"damage":24,"enemies":"3 Sentries","floor":7,"turns":8},{"damage":23,"enemies":"Lagavulin","floor":12,"turns":6},{"damage":2,"enemies":"Looter","floor":14,"turns":3},{"damage":14,"enemies":"Hexaghost","floor":16,"turns":14}],"seed_played":"7953683161514343954","potions_obtained":[{"floor":1.0,"key":"FearPotion"},{"floor":12,"key":"GamblersBrew"},{"floor":14,"key":"SpeedPotion"}],"is_trial":false,"path_per_floor":["M","M","M","$","M","R","E","R","T","?","$","E","R","M","R"],"character_chosen":"THE_SILENT","items_purchased":["Crippling Poison","Well Laid Plans"],"campfire_rested":2,"item_purchase_floors":[4,11],"current_hp_per_floor":[44,44,44,44,36,36,12,31,41,30,30,7,29,27,27,13],"gold":64,"neow_bonus":"THREE_RARE_CARDS","is_prod":false,"is_daily":false,"chose_seed":false,"campfire_upgraded":2,"win_rate":0,"timestamp":1540586627,"path_taken":["M","?","M","$","M","R","E","R","T","?","$","E","R","M","R","BOSS"],"build_version":"2018-10-25v2","purchased_purges":1,"victory":false,"max_hp_per_floor":[66,66,66,66,66,66,66,66,76,76,76,76,76,76,76,76],"card_choices":[{"not_picked":["Envenom","Phantasmal Killer"],"picked":"Venomology","floor":0.0},{"not_picked":["Acrobatics","Endless Agony"],"picked":"Sucker Punch","floor":1.0},{"not_picked":["Eviscerate","Dodge and Roll"],"picked":"Flechettes","floor":2.0},{"not_picked":["Poisoned Stab","Blade Dance"],"picked":"Flying Knee","floor":3.0},{"not_picked":["Outmaneuver","Slice"],"picked":"Acrobatics","floor":5.0},{"not_picked":["Concentrate","Envenom"],"picked":"Cloak And Dagger","floor":7},{"not_picked":["Outmaneuver","Riddle With Holes"],"picked":"Slice","floor":8},{"not_picked":["Underhanded Strike","Flying Knee","Dagger Throw"],"picked":"SKIP","floor":12},{"not_picked":["Bane","Sucker Punch"],"picked":"All Out Attack","floor":13},{"not_picked":["Concentrate","Underhanded Strike"],"picked":"Backflip","floor":14}],"player_experience":836029,"relics_obtained":[{"floor":7,"key":"Dream Catcher"},{"floor":9,"key":"Pear"},{"floor":12,"key":"Torii"}],"event_choices":[{"damage_healed":0,"gold_gain":75,"player_choice":"Gather Gold","damage_taken":11,"max_hp_gain":0,"max_hp_loss":0,"event_name":"World of Goop","floor":10,"gold_loss":0}],"is_beta":false,"boss_relics":[],"items_purged_floors":[11],"is_endless":false,"potions_floor_spawned":[1,12,14],"killed_by":"Hexaghost","ascension_level":20}