{"gold_per_floor":[114,114,114,129,144,144,144,174,174,204,54,81,108,150,162,274,286,313,340,352],"floor_reached":20,"playtime":964,"items_purged":[],"score":244,"play_id":"9bc8ed3d-7ecc-46e9-aff4-de482ffc3065","local_time":"20180726182542","daily_mods":["Brewmaster","Cursed Run","Binary"],"is_ascension_mode":false,"campfire_choices":[{"data":"Defragment","floor":6,"key":"SMITH"},{"data":"Hologram","floor":15,"key":"SMITH"}],"neow_cost":"","seed_source_timestamp":0,"circlet_count":0,"master_deck":["Strike_B","Strike_B","Strike_B","Strike_B","Defend_B","Defend_B","Defend_B","Defend_B","Zap+1","Dualcast","Venomology","Venomology","Venomology","Venomology+1","Defragment+1","Hologram+1","Capacitor","Regret","Chill","Streamline","Compile Driver","Normality","Fission","Cold Snap"],"special_seed":17738,"relics":["Cursed Key","Darkstone Periapt","Du-Vu Doll","White Beast Statue","Kunai","Bag of Marbles","Gremlin Horn","MawBank","Bronze Scales","Philosopher\u0027s Stone"],"potions_floor_usage":[1,1,4,4,4,5,5,5,8,8,8,8,8,8,10,10,10,10,10,12,12,12,13,13,13,14,14,14,14,14,16,16,16,16,16,16,18,19,19,19,19,19,20],"damage_taken":[{"damage":0,"enemies":"2 Louse","floor":1,"turns":2},{"damage":0,"enemies":"Jaw Worm","floor":4,"turns":3},{"damage":0,"enemies":"Cultist","floor":5,"turns":2},{"damage":21,"enemies":"Gremlin Nob","floor":8,"turns":5},{"damage":18,"enemies":"3 Sentries","floor":10,"turns":5},{"damage":9,"enemies":"2 Fungi Beasts","floor":12,"turns":5},{"damage":1,"enemies":"Exordium Thugs","floor":13,"turns":4},{"damage":22,"enemies":"Gremlin Nob","floor":14,"turns":3},{"damage":29,"enemies":"Slime Boss","floor":16,"turns":9},{"damage":58,"enemies":"Chosen","floor":18,"turns":7},{"damage":11,"enemies":"Spheric Guardian","floor":19,"turns":3},{"damage":18,"enemies":"3 Cultists","floor":20,"turns":3}],"seed_played":"5881488433517778230","potions_obtained":[{"floor":1,"key":"PowerPotion"},{"floor":4,"key":"Weak Potion"},{"floor":5,"key":"PowerPotion"},{"floor":8,"key":"Poison Potion"},{"floor":10,"key":"Regen Potion"},{"floor":14,"key":"Explosive Potion"},{"floor":16,"key":"SteroidPotion"},{"floor":18,"key":"Energy Potion"},{"floor":19,"key":"Ancient Potion"}],"is_trial":false,"path_per_floor":["M","?","?","M","M","R","?","E","T","E","$","M","M","E","R","B",null,"M","M"],"character_chosen":"DEFECT","items_purchased":["MawBank"],"campfire_rested":0,"item_purchase_floors":[11],"current_hp_per_floor":[75,60,53,53,53,53,85,64,70,52,52,57,56,34,34,11,97,39,28,10],"gold":352,"neow_bonus":"","is_prod":false,"is_daily":true,"chose_seed":false,"campfire_upgraded":2,"win_rate":0,"timestamp":1532643942,"path_taken":["M","?","?","M","?","R","?","E","T","E","$","?","?","E","R","BOSS","M","M","M"],"build_version":"2018-07-19v2","purchased_purges":0,"victory":false,"max_hp_per_floor":[75,75,75,75,75,75,85,85,91,91,91,91,91,91,91,97,97,97,97,97],"card_choices":[{"not_picked":["Steam"],"picked":"Defragment","floor":1},{"not_picked":["Turbo"],"picked":"Hologram","floor":4},{"not_picked":["Ball Lightning"],"picked":"Capacitor","floor":5},{"not_picked":["Gash","Scrape"],"picked":"SKIP","floor":8},{"not_picked":["Sunder","Hologram"],"picked":"SKIP","floor":10},{"not_picked":["BootSequence"],"picked":"Chill","floor":12},{"not_picked":["Turbo"],"picked":"Streamline","floor":13},{"not_picked":["Meteor Strike"],"picked":"Compile Driver","floor":14},{"not_picked":["Amplify"],"picked":"Fission","floor":16},{"not_picked":["Compile Driver","Rebound"],"picked":"SKIP","floor":18},{"not_picked":["Conserve Battery"],"picked":"Cold Snap","floor":19}],"player_experience":526800,"relics_obtained":[{"floor":8,"key":"Kunai"},{"floor":9,"key":"Bag of Marbles"},{"floor":10,"key":"Gremlin Horn"},{"floor":14,"key":"Bronze Scales"}],"event_choices":[{"event_name":"Shining Light","player_choice":"Entered Light","floor":2,"damage_taken":0},{"event_name":"Wheel of Change","player_choice":"Damage","floor":3,"damage_taken":0},{"event_name":"Bonfire Elementals","player_choice":"RARE","floor":7,"damage_taken":0}],"is_beta":false,"boss_relics":[{"not_picked":["Sozu","Inserter"],"picked":"Philosopher\u0027s Stone"}],"items_purged_floors":[],"is_endless":false,"potions_floor_spawned":[1,4,5,8,10,12,13,14,16,18,19],"killed_by":"3 Cultists","ascension_level":0}