{"gold_per_floor":[114,114,129,129,129,129,160,170,195,270,420,420,18,37,37,108,108,123,143,158,73,85,85,96,106,106,106,133,33,33,33,33,110,110,120,135,135,150,150,150,185,185,235,60,78,103,23,23,23,23],"floor_reached":51,"playtime":2430,"items_purged":["Doubt","Strike_G","Normality"],"score":1428,"play_id":"3ef8d364-24db-4540-82fc-e9f1a32191ef","local_time":"20180722153652","is_ascension_mode":true,"campfire_choices":[{"data":"Footwork","floor":6,"key":"SMITH"},{"floor":12,"key":"REST"},{"floor":15,"key":"REST"},{"data":"After Image","floor":23,"key":"SMITH"},{"data":"Cloak And Dagger","floor":27,"key":"SMITH"},{"data":"Footwork","floor":30,"key":"SMITH"},{"data":"Cloak And Dagger","floor":32,"key":"SMITH"},{"data":"After Image","floor":40,"key":"SMITH"},{"data":"Well Laid Plans","floor":42,"key":"SMITH"},{"floor":49,"key":"REST"}],"neow_cost":"NONE","seed_source_timestamp":719272268560847,"circlet_count":0,"master_deck":["Defend_G+1","Defend_G","Defend_G+1","Defend_G","Strike_G","Strike_G","Strike_G","Survivor","Neutralize+1","AscendersBane","Cloak And Dagger+1","Footwork+1","Blade Dance+1","Sucker Punch","Well Laid Plans+1","Footwork+1","After Image+1","Acrobatics","Deflect+1","Infinite Blades","PiercingWail","Cloak And Dagger+1","Quick Slash","Backflip","After Image+1","Escape Plan","Caltrops+1","All Out Attack+1","Corpse Explosion","Backstab","Blade Dance+1","Accuracy","Writhe"],"relics":["Ring of the Snake","Vajra","Pen Nib","Strawberry","Ninja Scroll","Cursed Key","Mummified Hand","Dream Catcher","WristBlade","Gambling Chip","War Paint","Calipers"],"potions_floor_usage":[7,14,16,20,25,33,35,50,50],"damage_taken":[{"damage":10,"enemies":"Small Slimes","floor":1,"turns":4},{"damage":1,"enemies":"Cultist","floor":3,"turns":4},{"damage":33,"enemies":"Gremlin Nob","floor":7,"turns":5},{"damage":0,"enemies":"2 Louse","floor":8,"turns":3},{"damage":4,"enemies":"Lots of Slimes","floor":14,"turns":4},{"damage":28,"enemies":"Slime Boss","floor":16,"turns":10},{"damage":0,"enemies":"Shell Parasite","floor":18,"turns":4},{"damage":0,"enemies":"Spheric Guardian","floor":19,"turns":4},{"damage":12,"enemies":"3 Cultists","floor":20,"turns":7},{"damage":7,"enemies":"Chosen and Byrds","floor":22,"turns":7},{"damage":8,"enemies":"Slaver and Parasite","floor":24,"turns":7},{"damage":0,"enemies":"Snecko","floor":25,"turns":5},{"damage":1,"enemies":"Book of Stabbing","floor":28,"turns":6},{"damage":18,"enemies":"Collector","floor":33,"turns":12},{"damage":0,"enemies":"3 Shapes","floor":35,"turns":3},{"damage":0,"enemies":"Flame Bruiser 1 Orb","floor":36,"turns":5},{"damage":17,"enemies":"4 Shapes","floor":38,"turns":6},{"damage":15,"enemies":"Giant Head","floor":41,"turns":9},{"damage":0,"enemies":"Maw","floor":45,"turns":7},{"damage":0,"enemies":"2 Orb Walkers","floor":46,"turns":4},{"damage":0,"enemies":"Donu and Deca","floor":50,"turns":5}],"seed_played":"7787236338305144336","potions_obtained":[{"floor":1,"key":"EssenceOfSteel"},{"floor":7,"key":"Energy Potion"},{"floor":8,"key":"Fruit Juice"},{"floor":16,"key":"Ancient Potion"},{"floor":18,"key":"Block Potion"},{"floor":22,"key":"GamblersBrew"},{"floor":28,"key":"SteroidPotion"},{"floor":33,"key":"Fruit Juice"},{"floor":36,"key":"SmokeBomb"},{"floor":38,"key":"Energy Potion"},{"floor":46,"key":"PowerPotion"}],"is_trial":false,"path_per_floor":["M","?","M","?","?","R","E","M","T","?","?","R","$","M","R","B",null,"M","M","M","?","M","R","M","M","T","R","E","$","R","$","R","B",null,"M","M","?","M","?","R","E","R","T","$","M","E","$","?","R","B"],"character_chosen":"THE_SILENT","items_purchased":["Ninja Scroll","Well Laid Plans","SteroidPotion","Accuracy"],"campfire_rested":3,"item_purchase_floors":[13,13,44,47],"current_hp_per_floor":[49,49,48,48,48,48,15,15,22,11,11,32,32,33,56,28,66,66,66,54,54,47,47,39,39,39,39,38,38,38,38,38,20,64,69,69,69,52,52,52,37,37,37,37,37,37,37,54,78,78],"gold":23,"neow_bonus":"RANDOM_COMMON_RELIC","is_prod":false,"is_daily":false,"chose_seed":false,"campfire_upgraded":7,"win_rate":0,"timestamp":1532288212,"path_taken":["M","?","M","?","?","R","E","M","T","?","?","R","$","?","R","BOSS","M","?","M","?","?","R","M","?","T","R","E","$","R","?","R","BOSS","M","M","?","M","?","R","E","R","T","$","?","E","?","?","R","BOSS"],"build_version":"2018-07-19v2","purchased_purges":3,"victory":true,"max_hp_per_floor":[66,66,66,66,66,66,66,66,73,73,73,73,73,78,78,78,78,78,78,78,78,78,78,78,78,78,78,78,78,78,78,78,78,78,83,83,83,83,83,83,83,83,83,83,83,83,83,83,83,83],"card_choices":[{"not_picked":["Slice","Masterful Stab"],"picked":"Cloak And Dagger","floor":1},{"not_picked":["Backflip","Quick Slash"],"picked":"Footwork","floor":3},{"not_picked":["Cloak And Dagger","Concentrate"],"picked":"Sucker Punch","floor":7},{"not_picked":["Reflex","Poisoned Stab","Choke"],"picked":"SKIP","floor":8},{"not_picked":["Storm of Steel","Deadly Poison"],"picked":"Footwork","floor":14},{"not_picked":["Bullet Time","Adrenaline"],"picked":"After Image","floor":16},{"not_picked":["Setup","Endless Agony"],"picked":"Acrobatics","floor":18},{"not_picked":["Endless Agony","Poisoned Stab"],"picked":"Deflect+1","floor":19},{"not_picked":["Dodge and Roll","Poisoned Stab"],"picked":"Infinite Blades","floor":20},{"not_picked":["Dodge and Roll","Slice"],"picked":"PiercingWail","floor":22},{"not_picked":["Dodge and Roll","Flechettes"],"picked":"Cloak And Dagger","floor":24},{"not_picked":["Deflect","Bane"],"picked":"Quick Slash","floor":25},{"not_picked":["Quick Slash+1","Prepared"],"picked":"Backflip","floor":28},{"not_picked":["Glass Knife","Burst"],"picked":"After Image","floor":33},{"not_picked":["Poisoned Stab","Masterful Stab+1"],"picked":"Escape Plan","floor":35},{"not_picked":["Catalyst","Quick Slash"],"picked":"Caltrops+1","floor":36},{"not_picked":["Dagger Throw","Dagger Spray+1"],"picked":"All Out Attack+1","floor":38},{"not_picked":["Reflex","Bouncing Flask"],"picked":"Corpse Explosion","floor":41},{"not_picked":["PiercingWail","Expertise"],"picked":"Backstab","floor":45},{"not_picked":["Cloak And Dagger","Bane"],"picked":"Blade Dance+1","floor":46}],"player_experience":517526,"relics_obtained":[{"floor":7,"key":"Pen Nib"},{"floor":9,"key":"Strawberry"},{"floor":28,"key":"Dream Catcher"},{"floor":41,"key":"Gambling Chip"},{"floor":43,"key":"War Paint"},{"floor":46,"key":"Calipers"}],"event_choices":[{"event_name":"Accursed Blacksmith","player_choice":"Forge","floor":2,"damage_taken":0},{"event_name":"Transmorgrifier","player_choice":"Transform","floor":4,"damage_taken":0},{"event_name":"Living Wall","player_choice":"Grow","floor":5,"damage_taken":0},{"event_name":"World of Goop","player_choice":"Gather Gold","floor":10,"damage_taken":0},{"event_name":"Liars Game","player_choice":"agreed","floor":11,"damage_taken":0},{"event_name":"Addict","player_choice":"Obtained Relic","floor":21,"damage_taken":0},{"event_name":"Tomb of Lord Red Mask","player_choice":"Ignored","floor":37,"damage_taken":0},{"event_name":"Falling","player_choice":"Removed Attack","floor":39,"damage_taken":0},{"event_name":"Winding Halls","player_choice":"Writhe","floor":48,"damage_taken":0}],"is_beta":false,"boss_relics":[{"not_picked":["Philosopher\u0027s Stone","Fusion Hammer"],"picked":"Cursed Key"},{"not_picked":["Empty Cage","Pandora\u0027s Box"],"picked":"WristBlade"}],"items_purged_floors":[13,29,44],"is_endless":false,"potions_floor_spawned":[1,7,8,16,18,22,28,33,36,38,45,46],"ascension_level":15}