{"path_per_floor":["M","?","?","M","M","E","R","$","T","?","M","R","M","M","R","B",null,"M","M","?","?","M","R","M"],"character_chosen":"IRONCLAD","items_purchased":[],"gold_per_floor":[17,17,0,16,35,78,78,3,3,3,23,23,44,67,67,188,188,209,227,227,227,252,252,277],"floor_reached":25,"campfire_rested":0,"playtime":1004,"current_hp_per_floor":[69,49,49,55,60,41,41,41,41,41,45,45,42,46,46,21,65,60,59,59,56,40,40,18],"items_purged":["Defend_R"],"gold":277,"score":313,"play_id":"f1f79137-534b-46d4-881c-9974bf61347a","is_prod":false,"is_daily":false,"is_ascension_mode":true,"campfire_upgraded":1,"path_taken":["M","?","?","?","M","E","R","?","T","?","?","R","?","M","R","BOSS","M","M","?","?","M","R","M","M"],"build_version":"2018-02-15-PROD1","purchased_purges":1,"victory":false,"master_deck":["Defend_R","Defend_R","Defend_R","Bash","Inflame+1","Warcry","Cleave","Heavy Blade+1","Iron Wave","Double Tap","True Grit","Whirlwind","Shrug It Off","Bite","Bite","Bite","Bite","Bite","Inflame","Ghostly Armor"],"max_hp_per_floor":[80,80,80,80,80,80,80,80,80,80,80,80,80,80,80,80,80,80,80,80,56,56,56,56],"relics":["Burning Blood","Golden Idol","Torii","Girya","Orrery"],"card_choices":[{"not_picked":["Iron Wave","Pummel"],"picked":"Cleave"},{"not_picked":["Rage","Havoc"],"picked":"Heavy Blade"},{"not_picked":["Infernal Blade","Rage"],"picked":"Iron Wave"},{"not_picked":["Feed","Limit Break"],"picked":"Double Tap"},{"not_picked":["Wild Strike","Thunderclap"],"picked":"True Grit"},{"not_picked":["Iron Wave","Armaments"],"picked":"Whirlwind"},{"not_picked":["Perfected Strike","Fiend Fire"],"picked":"Shrug It Off"},{"not_picked":["Whirlwind","Corruption"],"picked":"Inflame"},{"not_picked":["Sword Boomerang","Sever Soul"],"picked":"Ghostly Armor"}],"player_experience":223488,"potions_floor_usage":[16,16,16,24,24],"damage_taken":[{"damage":9,"enemies":"Jaw Worm","floor":1,"turns":6},{"damage":0,"enemies":"Small Slimes","floor":4,"turns":3},{"damage":1,"enemies":"Cultist","floor":5,"turns":3},{"damage":25,"enemies":"Lagavulin","floor":6,"turns":6},{"damage":2,"enemies":"Red Slaver","floor":11,"turns":3},{"damage":9,"enemies":"2 Fungi Beasts","floor":13,"turns":3},{"damage":2,"enemies":"Exordium Thugs","floor":14,"turns":4},{"damage":31,"enemies":"Slime Boss","floor":16,"turns":8},{"damage":11,"enemies":"Spheric Guardian","floor":18,"turns":3},{"damage":7,"enemies":"3 Byrds","floor":19,"turns":4},{"damage":23,"enemies":"Sentry and Sphere","floor":22,"turns":4},{"damage":56,"enemies":"Centurion and Healer","floor":24,"turns":7},{"damage":29,"enemies":"Snecko","floor":25,"turns":3}],"event_choices":[{"event_name":"Golden Idol","player_choice":"Take Damage","floor":2,"damage_taken":0},{"event_name":"World of Goop","player_choice":"Left","floor":3,"damage_taken":0},{"event_name":"Upgrade Shrine","player_choice":"Upgraded","floor":10,"damage_taken":0},{"event_name":"Bonfire Elementals","player_choice":"BASIC","floor":20,"damage_taken":0},{"event_name":"Vampires","player_choice":"Became a vampire","floor":21,"damage_taken":0}],"boss_relics":[{"not_picked":["Runic Cube","Calling Bell"],"picked":"Orrery"}],"potions_floor_spawned":[5,6,14,18,19,22],"seed_played":"4489953463449338079","killed_by":"Snecko","ascension_level":8,"is_trial":false}