{"gold_per_floor":[113,113,131,150,161,193,193,193],"floor_reached":8,"playtime":594,"items_purged":[],"score":104,"play_id":"eba33e8a-fd51-44e2-b7ee-fb78430f3a76","local_time":"20190508130119","is_ascension_mode":true,"campfire_choices":[{"floor":7,"key":"REST"}],"neow_cost":"PERCENT_DAMAGE","seed_source_timestamp":240603386060429,"circlet_count":0,"master_deck":["AscendersBane","Defend_G","Defend_G","Defend_G","Defend_G","Defend_G","Strike_G","Strike_G","Strike_G","Strike_G","Strike_G","Survivor","Neutralize","Finesse","Flash of Steel","Blur","Well Laid Plans","After Image","Concentrate"],"relics":["Ring of the Snake","Gremlin Horn"],"potions_floor_usage":[5],"damage_taken":[{"damage":1,"enemies":"Jaw Worm","floor":1,"turns":7},{"damage":2,"enemies":"Cultist","floor":3,"turns":4},{"damage":0,"enemies":"Small Slimes","floor":4,"turns":5},{"damage":6,"enemies":"Exordium Thugs","floor":5,"turns":7},{"damage":16,"enemies":"3 Sentries","floor":6,"turns":17},{"damage":47,"enemies":"Gremlin Nob","floor":8,"turns":5}],"seed_played":"1675556917817154538","potions_obtained":[{"floor":4,"key":"Fire Potion"}],"is_trial":false,"path_per_floor":["M","?","M","M","M","E","R","E"],"character_chosen":"THE_SILENT","items_purchased":[],"campfire_rested":1,"item_purchase_floors":[],"current_hp_per_floor":[43,48,46,46,40,24,43,0],"gold":193,"neow_bonus":"RANDOM_COLORLESS_2","is_prod":false,"is_daily":false,"chose_seed":false,"campfire_upgraded":0,"win_rate":0,"timestamp":1557345679,"path_taken":["M","?","M","M","?","E","R","E"],"build_version":"2019-01-23","purchased_purges":0,"victory":false,"max_hp_per_floor":[66,66,66,66,66,66,66,66],"card_choices":[{"not_picked":["PiercingWail","Bane"],"picked":"Slice","floor":1},{"not_picked":["Blade Dance","Deadly Poison"],"picked":"Blur","floor":3},{"not_picked":["Flying Knee","Catalyst"],"picked":"Well Laid Plans","floor":4},{"not_picked":["Heel Hook","Setup"],"picked":"After Image","floor":5},{"not_picked":["Setup","Riddle With Holes"],"picked":"Concentrate","floor":6}],"player_experience":644658,"relics_obtained":[{"floor":6,"key":"Gremlin Horn"}],"event_choices":[{"cards_removed":["Slice"],"damage_healed":5,"gold_gain":0,"player_choice":"Offered Common","damage_taken":0,"max_hp_gain":0,"max_hp_loss":0,"event_name":"Bonfire Elementals","floor":2,"gold_loss":0},{"cards_removed":["Slice"],"damage_healed":5,"gold_gain":0,"player_choice":"Offered Special","damage_taken":0,"max_hp_gain":0,"max_hp_loss":0,"event_name":"Bonfire Elementals","floor":2,"gold_loss":0}],"is_beta":false,"boss_relics":[],"items_purged_floors":[],"is_endless":false,"potions_floor_spawned":[4],"killed_by":"Gremlin Nob","ascension_level":16}