{"path_per_floor":["M","?","?","M","M","E","M","R","T","E","$","M","?","$","R","B",null,"M","?","?","$","M","R","M","?","T","R","$","?","R","E","R","B",null,"M","$","$","?","?","R","E","$","T","M","R","M","M","T","R","B"],"character_chosen":"IRONCLAD","items_purchased":["Apotheosis","Double Tap","Feel No Pain","Seeing Red"],"gold_per_floor":[112,112,112,123,140,170,187,187,187,222,41,52,2,2,2,107,107,123,123,123,50,67,67,79,79,109,109,34,34,34,64,64,159,159,171,18,18,18,18,18,43,43,118,138,138,155,175,175,175,175],"floor_reached":51,"campfire_rested":6,"playtime":2783,"current_hp_per_floor":[76,69,53,59,55,49,45,45,45,38,38,38,38,38,38,26,80,45,45,45,45,16,40,35,35,35,35,35,35,59,32,56,42,80,35,35,35,25,25,49,31,31,31,26,65,59,69,69,80,39],"items_purged":["Strike_R"],"gold":175,"score":653,"play_id":"00e9af72-d692-4631-a1b1-61bcd2a34579","is_prod":false,"is_daily":false,"is_ascension_mode":true,"campfire_upgraded":3,"path_taken":["M","?","?","?","?","E","M","R","T","E","$","M","?","?","R","BOSS","M","?","?","$","?","R","M","?","T","R","$","?","R","E","R","BOSS","M","?","$","?","?","R","E","?","T","M","R","M","M","?","R","BOSS"],"build_version":"2018-02-08-PROD1","purchased_purges":1,"victory":true,"master_deck":["Strike_R","Defend_R+1","Defend_R","Defend_R","Defend_R","Bash+1","Dropkick+1","Metallicize","Corruption","Apotheosis+1","Dark Embrace","Metallicize","Burning Pact","Double Tap","Thunderclap+1","Dual Wield+1","Feel No Pain","Seeing Red","Madness","Madness"],"max_hp_per_floor":[80,80,80,80,80,80,80,80,80,80,80,80,80,80,80,80,80,80,80,80,80,80,80,80,80,80,80,80,80,80,80,80,80,80,80,80,80,80,80,80,80,80,80,80,80,80,80,80,80,80],"relics":["Burning Blood","Oddly Smooth Stone","Red Skull","Bottled Flame","Orrery","Magic Flower","Tiny Chest","Blood Vial","Philosopher\u0027s Stone","Regal Pillow","Ornamental Fan","Gambling Chip"],"card_choices":[{"not_picked":["Reckless Charge","Wild Strike"],"picked":"Metallicize"},{"not_picked":["Pommel Strike","Heavy Blade"],"picked":"Corruption"},{"not_picked":["Barricade","Reaper"],"picked":"Dark Embrace"},{"not_picked":["Havoc","Armaments"],"picked":"Metallicize"},{"not_picked":["Fire Breathing","Entrench"],"picked":"Burning Pact"},{"not_picked":["Iron Wave","Evolve"],"picked":"Thunderclap"}],"player_experience":143152,"potions_floor_usage":[10,10,31,46,47],"damage_taken":[{"damage":10,"enemies":"2 Louse","floor":1,"turns":3},{"damage":0,"enemies":"Small Slimes","floor":4,"turns":4},{"damage":10,"enemies":"Blue Slaver","floor":5,"turns":4},{"damage":12,"enemies":"Lagavulin","floor":6,"turns":7},{"damage":10,"enemies":"Looter","floor":7,"turns":4},{"damage":13,"enemies":"Gremlin Nob","floor":10,"turns":3},{"damage":6,"enemies":"3 Louse","floor":12,"turns":5},{"damage":18,"enemies":"Hexaghost","floor":16,"turns":7},{"damage":41,"enemies":"Spheric Guardian","floor":18,"turns":8},{"damage":38,"enemies":"Chosen","floor":22,"turns":8},{"damage":14,"enemies":"Snecko","floor":24,"turns":5},{"damage":36,"enemies":"Gremlin Leader","floor":31,"turns":4},{"damage":26,"enemies":"Collector","floor":33,"turns":4},{"damage":54,"enemies":"3 Darklings","floor":35,"turns":5},{"damage":30,"enemies":"Nemesis","floor":41,"turns":4},{"damage":17,"enemies":"3 Shapes","floor":44,"turns":3},{"damage":18,"enemies":"3 Darklings","floor":46,"turns":3},{"damage":2,"enemies":"4 Shapes","floor":47,"turns":6},{"damage":50,"enemies":"Donu and Deca","floor":50,"turns":6}],"event_choices":[{"event_name":"Golden Wing","player_choice":"Card Removal","floor":2,"damage_taken":0},{"event_name":"Shining Light","player_choice":"Entered Light","floor":3,"damage_taken":0},{"event_name":"The Cleric","player_choice":"Card Removal","floor":13,"damage_taken":0},{"event_name":"Addict","player_choice":"Ignored","floor":19,"damage_taken":0},{"event_name":"The Mausoleum","player_choice":"Yes","floor":20,"damage_taken":0},{"event_name":"The Library","player_choice":"Read","floor":25,"damage_taken":0},{"event_name":"Drug Dealer","player_choice":"Ignored","floor":29,"damage_taken":0},{"event_name":"Winding Halls","player_choice":"Embrace Madness","floor":38,"damage_taken":0},{"event_name":"Fountain of Cleansing","player_choice":"Removed Curse","floor":39,"damage_taken":0}],"boss_relics":[{"not_picked":["Velvet Choker","Pandora\u0027s Box"],"picked":"Orrery"},{"not_picked":["Lizard Tail","White Beast Statue"],"picked":"Philosopher\u0027s Stone"}],"potions_floor_spawned":[1,7,22,44,46],"seed_played":"3524500384512851739","ascension_level":3,"is_trial":false}