{"gold_per_floor":[119,129,148,168,168,196,196,221,248,276,276,286,286,303,303,401,401,411,336,61,74,93,125,145,172,199,214,228,239,255,0,0,101,101,111,111,111,131,6,6,38,38,92,104,120,69,69,0,0,0],"floor_reached":51,"playtime":2629,"items_purged":["Strike_R","Strike_R","True Grit"],"score":1162,"play_id":"43d9adc8-c02e-4c78-87e5-86e0d0e04071","local_time":"20180706195812","is_ascension_mode":true,"campfire_choices":[{"data":"Inflame","floor":7,"key":"SMITH"},{"data":"Armaments","floor":13,"key":"SMITH"},{"data":"Heavy Blade","floor":15,"key":"SMITH"},{"floor":32,"key":"REST"},{"data":"Barricade","floor":40,"key":"SMITH"},{"data":"Flame Barrier","floor":42,"key":"SMITH"},{"data":"Body Slam","floor":47,"key":"SMITH"},{"floor":49,"key":"REST"}],"neow_cost":"","seed_source_timestamp":561729374389627,"circlet_count":0,"master_deck":["Defend_R","Defend_R","Defend_R","Bash","AscendersBane","Shrug It Off","Iron Wave+1","Clothesline+1","Inflame+1","Iron Wave","Armaments+1","Spot Weakness","Heavy Blade+1","Barricade+1","Flame Barrier+1","Entrench+1","Cleave+1","Shrug It Off+1","Whirlwind+1","Metallicize+1","Body Slam+1","Limit Break"],"relics":["Burning Blood","Matryoshka","Bag of Preparation","Letter Opener","Whetstone","Ice Cream","Snecko Eye","Medical Kit","Lantern","Dream Catcher","Oddly Smooth Stone","Bag of Marbles","Juzu Bracelet","Astrolabe","Torii","Anchor","Red Mask"],"potions_floor_usage":[6,8,8,10,16,16,23,23,30,30,50,50],"damage_taken":[{"damage":0,"enemies":"2 Louse","floor":1,"turns":3},{"damage":8,"enemies":"Cultist","floor":2,"turns":4},{"damage":2,"enemies":"Jaw Worm","floor":3,"turns":5},{"damage":0,"enemies":"Large Slime","floor":4,"turns":6},{"damage":48,"enemies":"Lagavulin","floor":6,"turns":7},{"damage":19,"enemies":"3 Sentries","floor":8,"turns":7},{"damage":19,"enemies":"Gremlin Nob","floor":10,"turns":4},{"damage":1,"enemies":"3 Louse","floor":12,"turns":4},{"damage":0,"enemies":"2 Fungi Beasts","floor":14,"turns":4},{"damage":68,"enemies":"Slime Boss","floor":16,"turns":10},{"damage":25,"enemies":"2 Thieves","floor":18,"turns":4},{"damage":1,"enemies":"Spheric Guardian","floor":21,"turns":3},{"damage":0,"enemies":"Centurion and Healer","floor":22,"turns":6},{"damage":4,"enemies":"Slavers","floor":23,"turns":5},{"damage":0,"enemies":"Snecko","floor":24,"turns":3},{"damage":35,"enemies":"Book of Stabbing","floor":25,"turns":6},{"damage":21,"enemies":"Snake Plant","floor":27,"turns":4},{"damage":2,"enemies":"Centurion and Healer","floor":28,"turns":3},{"damage":0,"enemies":"Snecko","floor":29,"turns":4},{"damage":0,"enemies":"Cultist and Chosen","floor":30,"turns":6},{"damage":16,"enemies":"Collector","floor":33,"turns":9},{"damage":0,"enemies":"Orb Walker","floor":35,"turns":3},{"damage":0,"enemies":"3 Darklings","floor":38,"turns":3},{"damage":0,"enemies":"Giant Head","floor":41,"turns":10},{"damage":20,"enemies":"Maw","floor":44,"turns":13},{"damage":11,"enemies":"Sphere and 2 Shapes","floor":45,"turns":3},{"damage":28,"enemies":"Time Eater","floor":50,"turns":14}],"seed_played":"-8179547632958269858","potions_obtained":[{"floor":1,"key":"LiquidBronze"},{"floor":3,"key":"BloodPotion"},{"floor":5,"key":"Fruit Juice"},{"floor":8,"key":"FearPotion"},{"floor":12,"key":"Regen Potion"},{"floor":14,"key":"LiquidBronze"},{"floor":18,"key":"Poison Potion"},{"floor":21,"key":"Energy Potion"},{"floor":22,"key":"PowerPotion"},{"floor":28,"key":"AttackPotion"},{"floor":41,"key":"FairyPotion"},{"floor":45,"key":"Weak Potion"}],"is_trial":false,"path_per_floor":["M","M","M","M","?","E","R","E","T","E","?","M","R","M","R","B",null,"M","?","$","M","M","E","M","E","T","M","M","M","M","$","R","B",null,"M","?","$","M","$","R","E","R","T","M","M","$","R","?","R","B"],"character_chosen":"IRONCLAD","items_purchased":["Medical Kit","Juzu Bracelet","Strength Potion"],"campfire_rested":2,"item_purchase_floors":[20,31,46],"current_hp_per_floor":[78,76,80,80,80,43,43,38,38,25,53,58,58,64,64,17,68,49,49,49,54,60,62,68,39,39,24,28,34,40,40,65,55,78,84,84,84,85,85,85,85,85,85,71,66,66,66,66,85,63],"gold":0,"neow_bonus":"","is_prod":false,"is_daily":false,"chose_seed":false,"campfire_upgraded":6,"win_rate":0,"timestamp":1530921492,"path_taken":["M","M","M","M","?","E","R","E","T","E","?","M","R","M","R","BOSS","M","?","$","M","M","E","M","E","T","M","M","?","?","$","R","BOSS","M","?","$","M","?","R","E","R","T","M","M","$","R","?","R","BOSS"],"build_version":"2018-07-05","purchased_purges":3,"victory":true,"max_hp_per_floor":[80,80,80,80,80,85,85,85,85,85,85,85,85,85,85,85,85,85,85,85,85,85,85,85,85,85,85,85,85,85,85,85,85,85,85,85,85,85,85,85,85,85,85,85,85,85,85,85,85,85],"card_choices":[{"not_picked":["Twin Strike","Hemokinesis"],"picked":"Shrug It Off","floor":1},{"not_picked":["Body Slam","Evolve"],"picked":"Iron Wave","floor":2},{"not_picked":["Wild Strike","Clash"],"picked":"Clothesline","floor":3},{"not_picked":["Sword Boomerang","Cleave"],"picked":"Inflame","floor":4},{"not_picked":["Intimidate","Blood for Blood"],"picked":"Iron Wave","floor":6},{"not_picked":["Bloodletting","Rupture"],"picked":"Armaments","floor":8},{"not_picked":["Second Wind","Intimidate"],"picked":"Spot Weakness","floor":10},{"not_picked":["Inflame","Fire Breathing","Thunderclap"],"picked":"SKIP","floor":12},{"not_picked":["Thunderclap","Intimidate"],"picked":"Heavy Blade","floor":14},{"not_picked":["Demon Form","Immolate"],"picked":"Barricade","floor":16},{"not_picked":["Anger+1","Perfected Strike","Shrug It Off"],"picked":"SKIP","floor":18},{"not_picked":["Hemokinesis+1","Double Tap"],"picked":"Flame Barrier","floor":21},{"not_picked":["Spot Weakness","Anger"],"picked":"Entrench+1","floor":22},{"not_picked":["Perfected Strike","Rage","Sentinel+1"],"picked":"SKIP","floor":23},{"not_picked":["Warcry","Inflame","Perfected Strike"],"picked":"SKIP","floor":24},{"not_picked":["Inflame","Burning Pact","Dual Wield"],"picked":"SKIP","floor":25},{"not_picked":["Fire Breathing","Dropkick"],"picked":"Cleave+1","floor":27},{"not_picked":["Perfected Strike","Rampage","Intimidate"],"picked":"SKIP","floor":28},{"not_picked":["Warcry","Flex"],"picked":"True Grit","floor":29},{"not_picked":["Pommel Strike","Burning Pact","Heavy Blade"],"picked":"SKIP","floor":30},{"not_picked":["Ghostly Armor","Perfected Strike"],"picked":"Evolve+1","floor":32},{"not_picked":["Clash","Perfected Strike+1","Sword Boomerang"],"picked":"SKIP","floor":35},{"not_picked":["Iron Wave+1","Sentinel","Heavy Blade"],"picked":"SKIP","floor":38},{"not_picked":["Spot Weakness","Feel No Pain+1","Headbutt+1"],"picked":"SKIP","floor":41},{"not_picked":["Anger+1","Sword Boomerang+1","Perfected Strike+1"],"picked":"SKIP","floor":44},{"not_picked":["Pommel Strike","Sentinel+1"],"picked":"Body Slam","floor":45},{"not_picked":["Sword Boomerang","Armaments"],"picked":"Limit Break","floor":49}],"player_experience":390195,"relics_obtained":[{"floor":6,"key":"Matryoshka"},{"floor":8,"key":"Bag of Preparation"},{"floor":9,"key":"Letter Opener"},{"floor":9,"key":"Whetstone"},{"floor":10,"key":"Ice Cream"},{"floor":23,"key":"Lantern"},{"floor":25,"key":"Dream Catcher"},{"floor":26,"key":"Oddly Smooth Stone"},{"floor":26,"key":"Bag of Marbles"},{"floor":41,"key":"Torii"},{"floor":43,"key":"Anchor"}],"event_choices":[{"event_name":"The Lab","player_choice":"Got Potions","floor":5,"damage_taken":0},{"event_name":"Big Fish","player_choice":"Banana","floor":11,"damage_taken":0},{"event_name":"Beggar","player_choice":"Gave Gold","floor":19,"damage_taken":0},{"event_name":"Falling","player_choice":"Removed Power","floor":36,"damage_taken":0},{"event_name":"Tomb of Lord Red Mask","player_choice":"Paid","floor":48,"damage_taken":0}],"boss_relics":[{"not_picked":["Runic Pyramid","White Beast Statue"],"picked":"Snecko Eye"},{"not_picked":["Lizard Tail","Tiny House"],"picked":"Astrolabe"}],"items_purged_floors":[20,31,39],"is_endless":false,"potions_floor_spawned":[1,3,8,12,14,18,21,22,28,41,45],"ascension_level":10}