{"gold_per_floor":[117,117,192,192,246,278,278,291,291,318,334,334,12,45,45,148,148,160,173,201,201,47,81,81,93,93,173,173,173,185,197,197,197],"floor_reached":33,"playtime":1242,"items_purged":[],"score":453,"play_id":"d5d6a261-484a-48b9-a5ae-0a8e9fc91d9c","local_time":"20190326213242","is_ascension_mode":true,"campfire_choices":[{"data":"Havoc","floor":7.0,"key":"SMITH"},{"data":"Seeing Red","floor":12.0,"key":"SMITH"},{"data":"Evolve","floor":15.0,"key":"SMITH"},{"data":"Immolate","floor":24.0,"key":"SMITH"},{"data":"Shame","floor":32,"key":"PURGE"}],"neow_cost":"NONE","seed_source_timestamp":0,"circlet_count":0,"master_deck":["Defend_R+1","Defend_R+1","Defend_R","Defend_R+1","Bash","Clothesline+1","Reckless Charge","Havoc+1","Evolve+1","Seeing Red+1","Metallicize","Immolate+1","Flame Barrier","Offering","Cleave+1","Clumsy","Writhe","Bite+1","Bite+1","Bite+1","Bite+1","Bite+1","Hemokinesis+1"],"special_seed":0,"relics":["Burning Blood","NeowsBlessing","Bag of Preparation","Potion Belt","Bag of Marbles","Mercury Hourglass","War Paint","Cursed Key","Red Mask","Whetstone","Molten Egg 2","Peace Pipe","Paper Frog","Kunai"],"potions_floor_usage":[33,33],"damage_taken":[{"damage":0.0,"enemies":"Jaw Worm","floor":1.0,"turns":1.0},{"damage":0.0,"enemies":"Lagavulin","floor":6.0,"turns":1.0},{"damage":0.0,"enemies":"Small Slimes","floor":8.0,"turns":1.0},{"damage":24.0,"enemies":"Gremlin Nob","floor":10.0,"turns":4.0},{"damage":1.0,"enemies":"2 Louse","floor":11.0,"turns":2.0},{"damage":9.0,"enemies":"3 Sentries","floor":14.0,"turns":6.0},{"damage":15.0,"enemies":"Slime Boss","floor":16.0,"turns":9.0},{"damage":12.0,"enemies":"3 Byrds","floor":18.0,"turns":4.0},{"damage":11.0,"enemies":"2 Thieves","floor":19.0,"turns":4.0},{"damage":0.0,"enemies":"Masked Bandits","floor":20.0,"turns":2.0},{"damage":7.0,"enemies":"Colosseum Slavers","floor":21.0,"turns":3.0},{"damage":5.0,"enemies":"Book of Stabbing","floor":23.0,"turns":5.0},{"damage":19.0,"enemies":"Snecko","floor":25.0,"turns":4.0},{"damage":6.0,"enemies":"Centurion and Healer","floor":30.0,"turns":3.0},{"damage":13,"enemies":"Chosen and Byrds","floor":31,"turns":6},{"damage":64,"enemies":"Collector","floor":33,"turns":7}],"seed_played":"-1183483561136010408","potions_obtained":[{"floor":10.0,"key":"Poison Potion"},{"floor":16.0,"key":"EssenceOfSteel"},{"floor":19.0,"key":"SkillPotion"},{"floor":25.0,"key":"PowerPotion"},{"floor":30,"key":"Strength Potion"}],"is_trial":false,"path_per_floor":["M","?","?","?","?","E","R","M","T","E","M","R","$","E","R","B",null,"M","M","?","?","$","E","R","M","T","T","?","?","M","M","R","B"],"character_chosen":"IRONCLAD","items_purchased":["Mercury Hourglass","Metallicize","Whetstone"],"campfire_rested":0,"item_purchase_floors":[13,13,22],"current_hp_per_floor":[78,78,67,51,51,57,57,63,63,45,50,50,50,47,47,38,70,64,59,65,64,64,65,65,52,52,52,52,52,56,56,56,0],"gold":197,"neow_bonus":"THREE_ENEMY_KILL","is_prod":false,"is_daily":false,"chose_seed":false,"campfire_upgraded":4,"win_rate":0,"timestamp":1553650362,"path_taken":["M","?","?","?","?","E","R","M","T","E","M","R","?","E","R","BOSS","M","M","?","?","$","E","R","M","T","?","?","?","M","M","R","BOSS"],"build_version":"2019-01-23","purchased_purges":0,"victory":false,"max_hp_per_floor":[80,80,80,80,80,80,80,80,80,80,80,80,80,80,80,80,80,80,80,80,80,80,80,80,80,80,80,80,56,56,56,56,56],"card_choices":[{"not_picked":["Pommel Strike","Thunderclap"],"picked":"Clothesline","floor":1.0},{"not_picked":["Pommel Strike","True Grit"],"picked":"Havoc","floor":6.0},{"not_picked":["Disarm","Anger"],"picked":"Evolve","floor":8.0},{"not_picked":["Combust","Twin Strike","Hemokinesis"],"picked":"SKIP","floor":10.0},{"not_picked":["Dual Wield","Iron Wave"],"picked":"Seeing Red","floor":11.0},{"not_picked":["Armaments","Carnage","Evolve"],"picked":"SKIP","floor":14.0},{"not_picked":["Limit Break","Impervious"],"picked":"Immolate","floor":16.0},{"not_picked":["Shockwave","Iron Wave","Sword Boomerang"],"picked":"SKIP","floor":18.0},{"not_picked":["Perfected Strike","Searing Blow","Warcry"],"picked":"SKIP","floor":19.0},{"not_picked":["Headbutt","Shrug It Off"],"picked":"Flame Barrier","floor":20.0},{"not_picked":["Burning Pact","Shrug It Off"],"picked":"Offering","floor":23.0},{"not_picked":["Dropkick+1","Warcry+1"],"picked":"Cleave+1","floor":25.0},{"not_picked":["Thunderclap+1","Juggernaut"],"picked":"Hemokinesis+1","floor":30},{"not_picked":["Warcry","Iron Wave+1","Heavy Blade+1"],"picked":"SKIP","floor":31}],"player_experience":473843,"relics_obtained":[{"floor":6.0,"key":"Bag of Preparation"},{"floor":9.0,"key":"Potion Belt"},{"floor":10.0,"key":"Bag of Marbles"},{"floor":14.0,"key":"War Paint"},{"floor":20.0,"key":"Red Mask"},{"floor":23.0,"key":"Molten Egg 2"},{"floor":26.0,"key":"Peace Pipe"},{"floor":27.0,"key":"Paper Frog"}],"event_choices":[{"damage_healed":0.0,"max_hp_gain":0.0,"max_hp_loss":0.0,"gold_gain":0.0,"cards_transformed":["Strike_R"],"event_name":"Living Wall","player_choice":"Change","floor":2.0,"gold_loss":0.0,"damage_taken":0.0,"cards_obtained":["Reckless Charge"]},{"damage_healed":0.0,"max_hp_gain":0.0,"max_hp_loss":0.0,"gold_gain":75.0,"event_name":"World of Goop","player_choice":"Gather Gold","floor":3.0,"gold_loss":0.0,"damage_taken":11.0},{"damage_healed":0.0,"max_hp_gain":0.0,"max_hp_loss":0.0,"gold_gain":0.0,"event_name":"Shining Light","player_choice":"Entered Light","floor":4.0,"gold_loss":0.0,"damage_taken":16.0,"cards_upgraded":["Clothesline","Defend_R"]},{"damage_healed":0.0,"max_hp_gain":0.0,"max_hp_loss":0.0,"gold_gain":54.0,"event_name":"Golden Wing","player_choice":"Gained Gold","floor":5.0,"gold_loss":0.0,"damage_taken":0.0},{"damage_healed":0.0,"max_hp_gain":0.0,"max_hp_loss":0.0,"gold_gain":0.0,"event_name":"Masked Bandits","player_choice":"Fought Bandits","floor":20.0,"gold_loss":0.0,"damage_taken":0.0},{"damage_healed":0.0,"max_hp_gain":0.0,"max_hp_loss":0.0,"gold_gain":0.0,"event_name":"Colosseum","player_choice":"Fight","floor":21.0,"gold_loss":0.0,"damage_taken":0.0},{"damage_healed":0.0,"max_hp_gain":0.0,"max_hp_loss":0.0,"gold_gain":0.0,"event_name":"Colosseum","player_choice":"Fled From Nobs","floor":21.0,"gold_loss":0.0,"damage_taken":0.0},{"damage_healed":0.0,"max_hp_gain":0.0,"max_hp_loss":0.0,"gold_gain":0.0,"event_name":"The Mausoleum","player_choice":"Opened","floor":28.0,"gold_loss":0.0,"damage_taken":0.0,"relics_obtained":["Kunai"],"cards_obtained":["Writhe"]},{"damage_healed":0.0,"max_hp_gain":0.0,"max_hp_loss":24.0,"gold_gain":0.0,"event_name":"Vampires","player_choice":"Became a vampire","floor":29.0,"gold_loss":0.0,"damage_taken":0.0,"cards_obtained":["Bite","Bite","Bite","Bite","Bite"]}],"is_beta":false,"boss_relics":[{"not_picked":["Astrolabe","Pandora\u0027s Box"],"picked":"Cursed Key"}],"items_purged_floors":[],"is_endless":false,"potions_floor_spawned":[10,16,19,21,25,30],"killed_by":"Collector","ascension_level":8}