{"gold_per_floor":[109,109,124,33,33,62,62,86,86,86,119,134,147,159,159,234,234,254,268,268,285,297,297,311,341,341,341],"floor_reached":27,"playtime":1528,"items_purged":[],"score":453,"play_id":"75b67a0e-63aa-4b2b-bfa2-22df99e979d3","local_time":"20180922132401","is_ascension_mode":true,"campfire_choices":[{"floor":7,"key":"REST"},{"data":"Sunder","floor":10,"key":"SMITH"},{"data":"Creative AI","floor":15,"key":"SMITH"},{"floor":23,"key":"REST"}],"neow_cost":"CURSE","seed_source_timestamp":594804809770481,"circlet_count":0,"master_deck":["Strike_B","Strike_B","Strike_B","Defend_B","Defend_B","Zap","Dualcast","AscendersBane","Creative AI+1","Conserve Battery","Recycle","Beam Cell","Sunder+1","Buffer","Heatsinks","Coolheaded","Conserve Battery","Conserve Battery+1","Glacier","Go for the Eyes","Chill+1"],"relics":["Cracked Core","Cables","Centennial Puzzle","PreservedInsect","Omamori","Cursed Key","MutagenicStrength","Mercury Hourglass","StoneCalendar"],"potions_floor_usage":[11,16,19,24,25],"damage_taken":[{"damage":7,"enemies":"Small Slimes","floor":1,"turns":3},{"damage":0,"enemies":"2 Louse","floor":3,"turns":2},{"damage":38,"enemies":"3 Sentries","floor":6,"turns":7},{"damage":15,"enemies":"Lagavulin","floor":11,"turns":5},{"damage":0,"enemies":"Cultist","floor":12,"turns":3},{"damage":2,"enemies":"Exordium Wildlife","floor":13,"turns":3},{"damage":0,"enemies":"Blue Slaver","floor":14,"turns":1},{"damage":1,"enemies":"The Guardian","floor":16,"turns":11},{"damage":25,"enemies":"Shell Parasite","floor":18,"turns":4},{"damage":14,"enemies":"3 Byrds","floor":19,"turns":4},{"damage":2,"enemies":"Centurion and Healer","floor":21,"turns":8},{"damage":13,"enemies":"Shelled Parasite and Fungi","floor":22,"turns":8},{"damage":2,"enemies":"Snake Plant","floor":24,"turns":6},{"damage":21,"enemies":"Gremlin Leader","floor":25,"turns":6},{"damage":0,"enemies":"Centurion and Healer","floor":27,"turns":2}],"seed_played":"-8295142836350661896","potions_obtained":[{"floor":6,"key":"Weak Potion"},{"floor":13,"key":"FocusPotion"},{"floor":16,"key":"Ancient Potion"},{"floor":18,"key":"FearPotion"},{"floor":22,"key":"FocusPotion"},{"floor":25,"key":"Strength Potion"}],"is_trial":false,"path_per_floor":["M","?","M","$","?","E","R","T","T","R","E","M","M","M","R","B",null,"M","M","?","M","M","R","M","E","T"],"character_chosen":"DEFECT","items_purchased":["Sunder"],"campfire_rested":2,"item_purchase_floors":[4],"current_hp_per_floor":[57,57,57,57,57,19,40,40,40,40,25,25,23,23,23,22,59,34,20,20,18,5,26,24,3,3,3],"gold":341,"neow_bonus":"TRANSFORM_TWO_CARDS","is_prod":false,"is_daily":false,"chose_seed":false,"campfire_upgraded":2,"win_rate":0,"timestamp":1537637041,"path_taken":["M","?","M","$","?","E","R","?","T","R","E","M","?","M","R","BOSS","M","M","?","M","M","R","M","E","T","M"],"build_version":"2018-09-20","purchased_purges":0,"victory":false,"max_hp_per_floor":[71,71,71,71,71,71,71,71,71,71,71,71,71,71,71,71,71,71,71,71,71,71,71,71,71,71,71],"card_choices":[{"not_picked":["Barrage","Melter"],"picked":"Recycle","floor":1},{"not_picked":["Scrape","Stack"],"picked":"Beam Cell","floor":3},{"not_picked":["Turbo","Tempest"],"picked":"Buffer","floor":6},{"not_picked":["Stack","Beam Cell"],"picked":"Heatsinks","floor":11},{"not_picked":["Redo","Compile Driver"],"picked":"Coolheaded","floor":12},{"not_picked":["Reprogram","Cold Snap","Sunder"],"picked":"SKIP","floor":13},{"not_picked":["Stack","Streamline"],"picked":"Conserve Battery","floor":14},{"not_picked":["Barrage","Genetic Algorithm","Gash"],"picked":"SKIP","floor":18},{"not_picked":["Gash","Lockon"],"picked":"Conserve Battery+1","floor":19},{"not_picked":["Cold Snap","Undo","Static Discharge"],"picked":"SKIP","floor":21},{"not_picked":["Lockon","Compile Driver"],"picked":"Glacier","floor":22},{"not_picked":["Cold Snap","Undo"],"picked":"Go for the Eyes","floor":24},{"not_picked":["Sunder+1","Stack"],"picked":"Chill+1","floor":25}],"player_experience":686015,"relics_obtained":[{"floor":6,"key":"Cables"},{"floor":8,"key":"Centennial Puzzle"},{"floor":9,"key":"PreservedInsect"},{"floor":11,"key":"Omamori"},{"floor":25,"key":"Mercury Hourglass"},{"floor":26,"key":"StoneCalendar"}],"event_choices":[{"event_name":"Living Wall","player_choice":"Forget","floor":2,"damage_taken":0},{"event_name":"Purifier","player_choice":"One Purge","floor":5,"damage_taken":0},{"event_name":"Drug Dealer","player_choice":"Inject Mutagens","floor":20,"damage_taken":0}],"is_beta":false,"boss_relics":[{"not_picked":["Tiny House","Fusion Hammer"],"picked":"Cursed Key"}],"items_purged_floors":[],"is_endless":false,"potions_floor_spawned":[6,13,16,18,22,25],"killed_by":"Centurion and Healer","ascension_level":17}