{"gold_per_floor":[118,118,137,147,160,185,185,210,210,210,210,485,485],"floor_reached":13,"playtime":415,"items_purged":[],"score":181,"play_id":"282b1525-d7f2-41ae-b3dc-6f82065c45d5","local_time":"20190320213800","is_ascension_mode":true,"campfire_choices":[{"data":"Zap","floor":7,"key":"SMITH"}],"neow_cost":"TEN_PERCENT_HP_LOSS","seed_source_timestamp":0,"circlet_count":0,"master_deck":["AscendersBane","Strike_B","Strike_B","Strike_B","Defend_B","Defend_B","Defend_B","Defend_B","Zap+1","Dualcast","Go for the Eyes","Beam Cell","Lockon","Ball Lightning","Darkness","White Noise","Regret"],"special_seed":0,"relics":["Cracked Core","Nunchaku","Prayer Wheel","Bronze Scales","Bottled Lightning"],"potions_floor_usage":[6],"damage_taken":[{"damage":6.0,"enemies":"Small Slimes","floor":1.0,"turns":3.0},{"damage":0.0,"enemies":"2 Louse","floor":3.0,"turns":3.0},{"damage":1.0,"enemies":"Cultist","floor":4.0,"turns":3.0},{"damage":7.0,"enemies":"3 Louse","floor":5.0,"turns":4.0},{"damage":8,"enemies":"Gremlin Nob","floor":6,"turns":3},{"damage":35,"enemies":"3 Sentries","floor":8,"turns":6},{"damage":8,"enemies":"Lots of Slimes","floor":13,"turns":1}],"seed_played":"1892439782215632943","potions_obtained":[{"floor":3.0,"key":"PowerPotion"},{"floor":6,"key":"Ancient Potion"},{"floor":8,"key":"Strength Potion"}],"is_trial":false,"path_per_floor":["M","?","M","M","M","E","R","E","T","?","?","?","M"],"character_chosen":"DEFECT","items_purchased":[],"campfire_rested":0,"item_purchase_floors":[],"current_hp_per_floor":[58,63,63,62,55,47,47,12,12,5,5,5,0],"gold":485,"neow_bonus":"ONE_RARE_RELIC","is_prod":false,"is_daily":false,"chose_seed":false,"campfire_upgraded":1,"win_rate":0,"timestamp":1553132280,"path_taken":["M","?","M","M","M","E","R","E","T","?","?","?","M"],"build_version":"2019-01-23","purchased_purges":0,"victory":false,"max_hp_per_floor":[64,69,69,69,69,69,69,69,69,69,69,69,69],"card_choices":[{"not_picked":["Fusion","Hologram"],"picked":"Go for the Eyes","floor":1.0},{"not_picked":["Reprogram","Auto Shields"],"picked":"Beam Cell","floor":3.0},{"not_picked":["Streamline","Force Field"],"picked":"Lockon","floor":4.0},{"not_picked":["Sunder","Reprogram"],"picked":"Ball Lightning","floor":5.0},{"not_picked":["Gash","Tempest"],"picked":"Darkness","floor":6},{"not_picked":["Redo","Turbo"],"picked":"White Noise","floor":8}],"player_experience":458880,"relics_obtained":[{"floor":6,"key":"Prayer Wheel"},{"floor":8,"key":"Bronze Scales"},{"floor":9,"key":"Bottled Lightning"}],"event_choices":[{"damage_healed":0.0,"max_hp_gain":5.0,"max_hp_loss":0.0,"gold_gain":0.0,"event_name":"Big Fish","player_choice":"Donut","floor":2.0,"gold_loss":0.0,"damage_taken":0.0},{"cards_removed":["Strike_B"],"damage_healed":0,"gold_gain":0,"player_choice":"Card Removal","damage_taken":7,"max_hp_gain":0,"max_hp_loss":0,"event_name":"Golden Wing","floor":10,"gold_loss":0},{"damage_healed":0,"gold_gain":0,"player_choice":"Ignored","damage_taken":0,"max_hp_gain":0,"max_hp_loss":0,"event_name":"Shining Light","floor":11,"gold_loss":0},{"damage_healed":0,"gold_gain":275,"player_choice":"Desecrate","damage_taken":0,"max_hp_gain":0,"max_hp_loss":0,"event_name":"Golden Shrine","floor":12,"gold_loss":0,"cards_obtained":["Regret"]}],"is_beta":false,"boss_relics":[],"items_purged_floors":[],"is_endless":false,"potions_floor_spawned":[3,6,8],"killed_by":"Lots of Slimes","ascension_level":19}