{"gold_per_floor":[113,125,142,156,156,189,264,289,371,371,390,416,416,429,429,503,503,522,194,213,229,229,257,257,288,314,339,358,358,372,372,372,449,449,460,480,480,480,480,508,508,533,558,571,571,200,225,225,225,225],"floor_reached":51,"playtime":3577,"items_purged":["Strike_R","Normality"],"score":2078,"play_id":"796957f0-4436-4ea5-a58c-50cf27d070a2","local_time":"20180906201943","is_ascension_mode":true,"campfire_choices":[{"data":"True Grit","floor":10.0,"key":"SMITH"},{"data":"Demon Form","floor":15.0,"key":"SMITH"},{"data":"Corruption","floor":24.0,"key":"SMITH"},{"data":"Sentinel","floor":29.0,"key":"SMITH"},{"data":"Pummel","floor":32.0,"key":"SMITH"},{"data":"Feel No Pain","floor":41,"key":"SMITH"},{"data":"Panache","floor":49,"key":"SMITH"}],"neow_cost":"NONE","seed_source_timestamp":0,"circlet_count":0,"master_deck":["Strike_R","Strike_R","Strike_R","Strike_R","Defend_R","Defend_R","Defend_R","Defend_R","Bash","AscendersBane","Pummel+1","Disarm+1","Iron Wave","Demon Form+1","Iron Wave","True Grit+1","Sword Boomerang","Sentinel+1","Pummel","Offering","Ghostly Armor","Corruption+1","Warcry+1","Ghostly Armor+1","Offering","Writhe","Shrug It Off+1","Shrug It Off+1","Intimidate+1","Seeing Red+1","Pommel Strike+1","Ghostly+1","Ghostly+1","Ghostly+1","Ghostly+1","Ghostly+1","Dark Embrace","Body Slam+1","Feel No Pain+1","True Grit+1","Infernal Blade+1","Writhe","Sentinel+1","Master of Strategy+1","Panache+1","Trip+1","Master of Strategy+1"],"special_seed":0,"relics":["Burning Blood","Red Skull","Thread and Needle","Dead Branch","Kunai","Orichalcum","Cursed Key","Membership Card","Toxic Egg 2","Turnip","Self Forming Clay","War Paint","Blue Candle","Coffee Dripper","Calipers","Ice Cream","Anchor","Potion Belt","ClockworkSouvenir","Vajra","Regal Pillow","Art of War"],"potions_floor_usage":[50,50,50,50],"damage_taken":[{"damage":9.0,"enemies":"2 Louse","floor":1.0,"turns":4.0},{"damage":11.0,"enemies":"Small Slimes","floor":2.0,"turns":5.0},{"damage":8.0,"enemies":"Jaw Worm","floor":3.0,"turns":5.0},{"damage":10.0,"enemies":"Large Slime","floor":4.0,"turns":9.0},{"damage":16.0,"enemies":"Lagavulin","floor":6.0,"turns":7.0},{"damage":11.0,"enemies":"3 Sentries","floor":8.0,"turns":10.0},{"damage":6.0,"enemies":"Exordium Wildlife","floor":11.0,"turns":6.0},{"damage":21.0,"enemies":"Gremlin Nob","floor":12.0,"turns":4.0},{"damage":6.0,"enemies":"2 Fungi Beasts","floor":14.0,"turns":3.0},{"damage":0.0,"enemies":"Slime Boss","floor":16.0,"turns":3.0},{"damage":6.0,"enemies":"Spheric Guardian","floor":18.0,"turns":3.0},{"damage":5.0,"enemies":"2 Thieves","floor":20.0,"turns":4.0},{"damage":12.0,"enemies":"Chosen and Byrds","floor":21.0,"turns":4.0},{"damage":12.0,"enemies":"Gremlin Leader","floor":23.0,"turns":6.0},{"damage":31.0,"enemies":"Slavers","floor":25.0,"turns":4.0},{"damage":17.0,"enemies":"Gremlin Leader","floor":27.0,"turns":6.0},{"damage":20.0,"enemies":"Centurion and Healer","floor":28.0,"turns":5.0},{"damage":8.0,"enemies":"Snake Plant","floor":30.0,"turns":4.0},{"damage":18.0,"enemies":"Collector","floor":33.0,"turns":4.0},{"damage":6.0,"enemies":"3 Darklings","floor":35.0,"turns":2.0},{"damage":0.0,"enemies":"Orb Walker","floor":36.0,"turns":2.0},{"damage":2.0,"enemies":"Mind Bloom Boss Battle","floor":38.0,"turns":5.0},{"damage":1,"enemies":"2 Orb Walkers","floor":40,"turns":2},{"damage":9,"enemies":"Giant Head","floor":42,"turns":4},{"damage":8,"enemies":"Transient","floor":44,"turns":5},{"damage":3,"enemies":"2 Orb Walkers","floor":47,"turns":2},{"damage":8,"enemies":"Time Eater","floor":50,"turns":4}],"seed_played":"1539916151353021359","potions_obtained":[{"floor":3.0,"key":"Strength Potion"},{"floor":6.0,"key":"AttackPotion"},{"floor":12.0,"key":"Swift Potion"},{"floor":14.0,"key":"SteroidPotion"},{"floor":25.0,"key":"Energy Potion"},{"floor":27.0,"key":"Block Potion"},{"floor":33.0,"key":"LiquidBronze"},{"floor":44,"key":"SkillPotion"}],"is_trial":false,"path_per_floor":["M","M","M","M","?","E","?","E","T","R","M","E","?","M","R","B",null,"M","$","M","M","?","E","R","E","T","E","M","R","M","?","R","B",null,"M","M","?","M","?","E","R","E","T","M","?","$","E","?","R","B"],"character_chosen":"IRONCLAD","items_purchased":["Membership Card","Corruption","Warcry","ClockworkSouvenir","Vajra","Strength Potion","Regal Pillow"],"campfire_rested":0,"item_purchase_floors":[19,19,19,46,46,46,46],"current_hp_per_floor":[65,60,58,54,75,65,54,49,49,49,49,34,34,34,34,40,66,66,66,67,66,66,60,60,75,75,64,50,50,48,37,37,25,34,34,37,37,37,35,35,35,32,32,35,25,25,35,35,35,36],"gold":225,"neow_bonus":"RANDOM_COMMON_RELIC","is_prod":false,"is_daily":false,"chose_seed":false,"campfire_upgraded":7,"win_rate":0,"timestamp":1536279583,"path_taken":["M","M","M","M","?","E","?","E","T","R","?","E","?","M","R","BOSS","M","$","M","M","?","E","R","E","T","E","M","R","M","?","R","BOSS","M","M","?","?","?","E","R","E","T","?","?","$","E","?","R","BOSS"],"build_version":"2018-09-06","purchased_purges":2,"victory":true,"max_hp_per_floor":[75,75,75,75,75,75,75,75,75,75,75,75,75,75,75,75,75,75,75,75,75,75,75,75,75,75,75,75,75,75,37,37,37,37,37,37,37,37,35,35,35,35,35,35,35,35,35,35,35,38],"card_choices":[{"not_picked":["Cleave","Havoc"],"picked":"Pummel","floor":1.0},{"not_picked":["Havoc","Twin Strike"],"picked":"Disarm","floor":2.0},{"not_picked":["Wild Strike","Rupture"],"picked":"Iron Wave","floor":3.0},{"not_picked":["Evolve","Entrench"],"picked":"Demon Form","floor":4.0},{"not_picked":["Inflame","Carnage"],"picked":"Iron Wave","floor":6.0},{"not_picked":["Pummel","Iron Wave"],"picked":"True Grit","floor":8.0},{"not_picked":["Anger","Headbutt"],"picked":"Sword Boomerang","floor":11.0},{"not_picked":["Inflame","Uppercut"],"picked":"Sentinel","floor":12.0},{"not_picked":["Evolve","Wild Strike"],"picked":"Pummel","floor":14.0},{"not_picked":["Brutality","Barricade"],"picked":"Offering","floor":16.0},{"not_picked":["Anger+1","Pommel Strike"],"picked":"Ghostly Armor","floor":18.0},{"not_picked":["Anger","Body Slam"],"picked":"Ghostly Armor","floor":20.0},{"not_picked":["Rage","Armaments"],"picked":"Offering","floor":21.0},{"not_picked":["Burning Pact+1","Dual Wield+1"],"picked":"Shrug It Off+1","floor":23.0},{"not_picked":["Twin Strike","Second Wind+1"],"picked":"Shrug It Off+1","floor":25.0},{"not_picked":["Twin Strike","Whirlwind"],"picked":"Intimidate+1","floor":27.0},{"not_picked":["Reckless Charge+1","Heavy Blade"],"picked":"Seeing Red+1","floor":28.0},{"not_picked":["Anger","Wild Strike"],"picked":"Pommel Strike+1","floor":30.0},{"not_picked":["Brutality","Exhume+1"],"picked":"Dark Embrace","floor":33.0},{"not_picked":["Flex+1","Clothesline","Evolve"],"picked":"SKIP","floor":35.0},{"not_picked":["Rampage","Blood for Blood"],"picked":"Body Slam+1","floor":36.0},{"not_picked":["Havoc+1","Flex+1"],"picked":"Feel No Pain","floor":38},{"not_picked":["Disarm+1","Body Slam"],"picked":"True Grit+1","floor":40},{"not_picked":["Ghostly Armor+1","Pommel Strike"],"picked":"Infernal Blade+1","floor":42},{"not_picked":["Armaments+1","Havoc+1"],"picked":"Sentinel+1","floor":44},{"not_picked":["Bandage Up+1","Good Instincts+1"],"picked":"Master of Strategy+1","floor":45},{"not_picked":["Madness+1","Trip+1"],"picked":"Panache","floor":45},{"not_picked":["The Bomb+1","Blind+1"],"picked":"Trip+1","floor":45},{"not_picked":["Dropkick","Armaments+1","Fire Breathing"],"picked":"SKIP","floor":47}],"player_experience":639833,"relics_obtained":[{"floor":6.0,"key":"Thread and Needle"},{"floor":8.0,"key":"Dead Branch"},{"floor":9.0,"key":"Kunai"},{"floor":12.0,"key":"Orichalcum"},{"floor":23.0,"key":"Turnip"},{"floor":25.0,"key":"Self Forming Clay"},{"floor":26.0,"key":"War Paint"},{"floor":27.0,"key":"Blue Candle"},{"floor":38,"key":"Calipers"},{"floor":40,"key":"Ice Cream"},{"floor":42,"key":"Anchor"},{"floor":43,"key":"Potion Belt"},{"floor":47,"key":"Art of War"}],"event_choices":[{"event_name":"Big Fish","player_choice":"Banana","floor":5.0,"damage_taken":0.0},{"event_name":"World of Goop","player_choice":"Gather Gold","floor":7.0,"damage_taken":0.0},{"event_name":"Living Wall","player_choice":"Grow","floor":13.0,"damage_taken":0.0},{"event_name":"The Mausoleum","player_choice":"Yes","floor":22.0,"damage_taken":0.0},{"event_name":"Ghosts","player_choice":"Became a Ghost","floor":31.0,"damage_taken":0.0},{"event_name":"Tomb of Lord Red Mask","player_choice":"Ignored","floor":37.0,"damage_taken":0.0},{"event_name":"MindBloom","player_choice":"Fight","floor":38.0,"damage_taken":0.0},{"event_name":"Winding Halls","player_choice":"Max HP","floor":39,"damage_taken":0},{"event_name":"SensoryStone","player_choice":"Memory 3","floor":45,"damage_taken":0},{"event_name":"Duplicator","player_choice":"One dupe","floor":48,"damage_taken":0}],"is_beta":false,"boss_relics":[{"not_picked":["Runic Cube","Black Star"],"picked":"Cursed Key"},{"not_picked":["Sozu","Velvet Choker"],"picked":"Coffee Dripper"}],"items_purged_floors":[19,46],"is_endless":false,"potions_floor_spawned":[3,6,12,14,16,18,25,27,33,36,44],"ascension_level":16}