{"gold_per_floor":[113,131,147,147,164,191,266,293,345,345,362,382,382,412,412,508,508,520,539,429,429,429,429,459,459,484,484,497,530,530,562,562,664,664,684,684,700,712,712,740,751,781,808,819,829,829,839,338,338,338,338,338,99,124,124],"floor_reached":56,"playtime":2485,"items_purged":["Strike_R","Strike_R"],"score":1640,"play_id":"ae6a5a2d-cb8d-4ee6-aeca-34c9e03623a2","local_time":"20190302105928","is_ascension_mode":true,"campfire_choices":[{"data":"Anger","floor":13,"key":"SMITH"},{"data":"Limit Break","floor":15,"key":"SMITH"},{"data":"Feed","floor":23,"key":"SMITH"},{"data":"Corruption","floor":25,"key":"SMITH"},{"data":"Flame Barrier","floor":27,"key":"SMITH"},{"data":"Demon Form","floor":30,"key":"SMITH"},{"data":"Pummel","floor":32,"key":"SMITH"},{"floor":46,"key":"RECALL"},{"floor":49,"key":"REST"},{"floor":52,"key":"REST"}],"neow_cost":"NONE","seed_source_timestamp":101773251240571,"circlet_count":0,"master_deck":["Strike_R","Strike_R","Defend_R","Defend_R","Defend_R","Defend_R","Bash","Twin Strike","Clothesline","Spot Weakness","Anger+1","Flame Barrier+1","Disarm","Pummel+1","Limit Break+1","Feed+1","Uppercut","Anger+1","Corruption+1","Power Through","Demon Form+1","Sentinel+1","Reaper","Armaments+1","Blind","Sentinel+1","Warcry+1","Pummel+1","Bloodletting+1","Heavy Blade+1","Ghostly Armor+1","Shrug It Off","Rage+1","Shrug It Off+1","Swift Strike","Sword Boomerang","Heavy Blade","Inflame","Dramatic Entrance","Pummel","Cleave","Intimidate"],"relics":["Burning Blood","Anchor","Dodecahedron","Shuriken","Red Skull","Bag of Marbles","Oddly Smooth Stone","Sozu","Paper Frog","Sundial","Ancient Tea Set","Pantograph","Gremlin Horn","Fusion Hammer","Unceasing Top","Self Forming Clay","Bottled Tornado","Pear"],"potions_floor_usage":[8,8,12,37],"damage_taken":[{"damage":1,"enemies":"Cultist","floor":1,"turns":4},{"damage":1,"enemies":"2 Louse","floor":2,"turns":4},{"damage":0,"enemies":"Small Slimes","floor":3,"turns":3},{"damage":6,"enemies":"Looter","floor":5,"turns":3},{"damage":30,"enemies":"3 Sentries","floor":6,"turns":9},{"damage":11,"enemies":"Lagavulin","floor":8,"turns":7},{"damage":0,"enemies":"Large Slime","floor":11,"turns":3},{"damage":0,"enemies":"Gremlin Gang","floor":12,"turns":2},{"damage":0,"enemies":"3 Sentries","floor":14,"turns":5},{"damage":19,"enemies":"The Guardian","floor":16,"turns":7},{"damage":8,"enemies":"Shell Parasite","floor":18,"turns":5},{"damage":0,"enemies":"Chosen","floor":19,"turns":3},{"damage":9,"enemies":"Book of Stabbing","floor":24,"turns":3},{"damage":12,"enemies":"Snake Plant","floor":28,"turns":4},{"damage":8,"enemies":"Slavers","floor":29,"turns":5},{"damage":24,"enemies":"Gremlin Leader","floor":31,"turns":4},{"damage":57,"enemies":"Collector","floor":33,"turns":8},{"damage":2,"enemies":"Orb Walker","floor":35,"turns":3},{"damage":29,"enemies":"3 Shapes","floor":37,"turns":6},{"damage":35,"enemies":"3 Darklings","floor":38,"turns":6},{"damage":48,"enemies":"Giant Head","floor":40,"turns":7},{"damage":56,"enemies":"Sphere and 2 Shapes","floor":41,"turns":6},{"damage":28,"enemies":"Nemesis","floor":42,"turns":5},{"damage":0,"enemies":"Jaw Worm Horde","floor":44,"turns":2},{"damage":0,"enemies":"Writhing Mass","floor":45,"turns":4},{"damage":3,"enemies":"3 Darklings","floor":47,"turns":2},{"damage":77,"enemies":"Donu and Deca","floor":50,"turns":10},{"damage":27,"enemies":"Shield and Spear","floor":54,"turns":6},{"damage":100,"enemies":"The Heart","floor":55,"turns":6}],"seed_played":"2751598376717069210","potions_obtained":[{"floor":1,"key":"EssenceOfSteel"},{"floor":6,"key":"AttackPotion"},{"floor":11,"key":"Explosive Potion"},{"floor":14,"key":"EssenceOfSteel"}],"is_trial":false,"path_per_floor":["M","M","M","?","M","E","?","E","T","?","M","M","R","E","R","B",null,"M","M","$","T","?","R","E","R","T","R","M","E","R","E","R","B",null,"M","?","M","M","?","E","M","E","T","M","M","R","M","$","R","B",null,"R","$","E","B",null],"character_chosen":"IRONCLAD","items_purchased":["Corruption","Bottled Tornado","Swift Strike","Sword Boomerang","Heavy Blade","Inflame","Dramatic Entrance","Pummel","Cleave"],"campfire_rested":2,"item_purchase_floors":[20,48,48,48,48,53,53,53,53],"current_hp_per_floor":[80,80,80,68,68,44,33,28,28,28,34,40,40,46,46,33,68,66,72,72,72,72,72,69,69,69,69,63,65,65,47,47,25,72,76,76,57,61,61,67,39,17,17,27,33,33,36,36,64,65,91,100,100,103,16],"gold":124,"neow_bonus":"RANDOM_COMMON_RELIC","is_prod":false,"is_daily":false,"chose_seed":false,"campfire_upgraded":7,"win_rate":0,"timestamp":1551542368,"path_taken":["M","M","?","?","M","E","?","E","T","?","?","M","R","E","R","BOSS","M","M","$","?","?","R","E","R","T","R","M","E","R","E","R","BOSS","M","?","M","M","?","E","M","E","T","M","M","R","M","$","R","BOSS","R","$","E","BOSS"],"build_version":"2019-01-23","purchased_purges":2,"victory":true,"max_hp_per_floor":[80,80,80,80,80,80,80,80,80,80,80,80,80,80,80,80,80,80,80,80,80,80,80,80,80,80,80,80,84,84,84,84,88,88,88,88,92,92,92,92,92,92,92,96,96,96,96,96,96,100,100,100,100,110,110],"card_choices":[{"not_picked":["Feel No Pain","Heavy Blade"],"picked":"Twin Strike","floor":1},{"not_picked":["Sword Boomerang","Warcry"],"picked":"Clothesline","floor":2},{"not_picked":["Corruption","True Grit"],"picked":"Spot Weakness","floor":3},{"not_picked":["Dropkick","Armaments"],"picked":"Anger","floor":5},{"not_picked":["Barricade","Pommel Strike"],"picked":"Flame Barrier","floor":6},{"not_picked":["Clash","Sword Boomerang","Sentinel"],"picked":"SKIP","floor":8},{"not_picked":["Havoc","Rupture"],"picked":"Disarm","floor":11},{"not_picked":["Twin Strike","Iron Wave"],"picked":"Pummel","floor":12},{"not_picked":["Clothesline","Armaments"],"picked":"Limit Break","floor":14},{"not_picked":["Bludgeon","Offering"],"picked":"Feed","floor":16},{"not_picked":["Pummel","Clash+1"],"picked":"Uppercut","floor":18},{"not_picked":["Warcry","Pummel"],"picked":"Anger+1","floor":19},{"not_picked":["Armaments","True Grit","Dropkick"],"picked":"SKIP","floor":24},{"not_picked":["Disarm+1","Clash"],"picked":"Power Through","floor":28},{"not_picked":["Dropkick","Clash"],"picked":"Demon Form","floor":29},{"not_picked":["Clash","Wild Strike"],"picked":"Sentinel+1","floor":31},{"not_picked":["Juggernaut","Dark Embrace"],"picked":"Reaper","floor":33},{"not_picked":["Iron Wave","True Grit+1"],"picked":"Armaments+1","floor":35},{"not_picked":["PanicButton","Good Instincts"],"picked":"Blind","floor":36},{"not_picked":["Sword Boomerang+1","Ghostly Armor+1"],"picked":"Sentinel+1","floor":37},{"not_picked":["Cleave","Anger+1"],"picked":"Warcry+1","floor":38},{"not_picked":["Shockwave","Anger"],"picked":"Bloodletting+1","floor":40},{"not_picked":["Thunderclap","Flex"],"picked":"Heavy Blade+1","floor":41},{"not_picked":["Body Slam+1","Reaper"],"picked":"Ghostly Armor+1","floor":42},{"not_picked":["Havoc+1","Clothesline+1"],"picked":"Shrug It Off","floor":44},{"not_picked":["Havoc","Shockwave+1"],"picked":"Rage+1","floor":45},{"not_picked":["Sword Boomerang+1","Searing Blow"],"picked":"Shrug It Off+1","floor":47},{"not_picked":["Searing Blow","Flex"],"picked":"Intimidate","floor":54}],"player_experience":412589,"relics_obtained":[{"floor":6,"key":"Shuriken"},{"floor":8,"key":"Red Skull"},{"floor":9,"key":"Bag of Marbles"},{"floor":14,"key":"Oddly Smooth Stone"},{"floor":21,"key":"Paper Frog"},{"floor":24,"key":"Sundial"},{"floor":26,"key":"Ancient Tea Set"},{"floor":29,"key":"Pantograph"},{"floor":31,"key":"Gremlin Horn"},{"floor":40,"key":"Unceasing Top"},{"floor":42,"key":"Self Forming Clay"},{"floor":54,"key":"Pear"}],"event_choices":[{"damage_healed":0,"gold_gain":0,"player_choice":"Success","damage_taken":12,"relics_obtained":["Dodecahedron"],"max_hp_gain":0,"max_hp_loss":0,"event_name":"Scrap Ooze","floor":4,"gold_loss":0},{"damage_healed":0,"gold_gain":75,"player_choice":"Gather Gold","damage_taken":11,"max_hp_gain":0,"max_hp_loss":0,"event_name":"World of Goop","floor":7,"gold_loss":0},{"cards_removed":["Strike_R"],"damage_healed":0,"gold_gain":0,"player_choice":"Purged","damage_taken":0,"max_hp_gain":0,"max_hp_loss":0,"event_name":"Purifier","floor":10,"gold_loss":0},{"damage_healed":0,"gold_gain":0,"player_choice":"Ignored","damage_taken":0,"max_hp_gain":0,"max_hp_loss":0,"event_name":"Vampires","floor":22,"gold_loss":0},{"damage_healed":0,"gold_gain":0,"player_choice":"Memory 1","damage_taken":0,"max_hp_gain":0,"max_hp_loss":0,"event_name":"SensoryStone","floor":36,"gold_loss":0},{"damage_healed":0,"gold_gain":0,"player_choice":"Copied","damage_taken":0,"max_hp_gain":0,"max_hp_loss":0,"event_name":"Duplicator","floor":39,"gold_loss":0,"cards_obtained":["Pummel"]}],"is_beta":false,"boss_relics":[{"not_picked":["Astrolabe","Calling Bell"],"picked":"Sozu"},{"not_picked":["Runic Dome","Empty Cage"],"picked":"Fusion Hammer"}],"items_purged_floors":[20,48],"is_endless":false,"potions_floor_spawned":[1,6,11,14,18,19,33,35,40,41,44,45,47],"ascension_level":5}