{"gold_per_floor":[116,116,81,81,27,53,53,72,72,72,72,82,107,120,120,224,224,204,222,74,74,74,74,74,74,121,121],"floor_reached":27,"playtime":1000,"items_purged":[],"score":326,"play_id":"ed8309e9-f14a-411a-b332-aadcaa0a8dc0","local_time":"20190225221114","is_ascension_mode":true,"campfire_choices":[{"floor":7,"key":"REST"},{"floor":10,"key":"REST"},{"floor":15,"key":"REST"},{"floor":23,"key":"REST"}],"neow_cost":"NONE","seed_source_timestamp":1114857912001103,"circlet_count":0,"master_deck":["AscendersBane","Defend_G","Defend_G+1","Defend_G","Defend_G","Defend_G+1","Strike_G","Strike_G","Survivor","Neutralize","Poisoned Stab","Wraith Form v2","Cloak And Dagger","Noxious Fumes","Dagger Throw","Prepared","Dagger Spray+1","Corpse Explosion","Cloak And Dagger+1","Backstab+1","Necronomicurse","Writhe"],"relics":["Ring of the Snake","War Paint","StoneCalendar","Molten Egg 2","Letter Opener","Empty Cage","Snake Skull","Necronomicon","Potion Belt","Smiling Mask"],"potions_floor_usage":[6,6,19],"damage_taken":[{"damage":6,"enemies":"Jaw Worm","floor":1,"turns":7},{"damage":50,"enemies":"Gremlin Nob","floor":6,"turns":7},{"damage":4,"enemies":"Small Slimes","floor":8,"turns":4},{"damage":2,"enemies":"2 Louse","floor":12,"turns":3},{"damage":21,"enemies":"Lagavulin","floor":13,"turns":7},{"damage":3,"enemies":"Looter","floor":14,"turns":4},{"damage":28,"enemies":"The Guardian","floor":16,"turns":11},{"damage":2,"enemies":"2 Thieves","floor":18,"turns":4},{"damage":23,"enemies":"Shell Parasite","floor":19,"turns":7},{"damage":26,"enemies":"Colosseum Slavers","floor":24,"turns":4},{"damage":44,"enemies":"Book of Stabbing","floor":27,"turns":4}],"seed_played":"-8804180816335671740","potions_obtained":[{"floor":0,"key":"SpeedPotion"},{"floor":0,"key":"FairyPotion"},{"floor":0,"key":"Regen Potion"},{"floor":6,"key":"SpeedPotion"},{"floor":14,"key":"SteroidPotion"},{"floor":18,"key":"PowerPotion"},{"floor":19,"key":"FearPotion"}],"is_trial":false,"path_per_floor":["M","?","?","?","$","E","R","M","T","R","$","M","E","M","R","B",null,"M","M","$","?","?","R","?","?","T","E"],"character_chosen":"THE_SILENT","items_purchased":["Cloak And Dagger","Snake Skull"],"campfire_rested":4,"item_purchase_floors":[5,20],"current_hp_per_floor":[57,24,41,41,41,6,27,23,23,44,44,42,21,18,39,11,55,53,30,30,14,14,35,9,32,32,0],"gold":121,"neow_bonus":"THREE_SMALL_POTIONS","is_prod":false,"is_daily":false,"chose_seed":false,"campfire_upgraded":0,"win_rate":0,"timestamp":1551150674,"path_taken":["M","?","?","?","$","E","R","M","T","R","$","M","E","M","R","BOSS","M","M","$","?","?","R","?","?","T","E"],"build_version":"2019-01-23","purchased_purges":0,"victory":false,"max_hp_per_floor":[70,70,70,70,70,70,70,70,70,70,70,70,70,70,70,70,70,70,70,70,70,70,70,70,70,70,70],"card_choices":[{"not_picked":["Infinite Blades","Dagger Spray"],"picked":"Poisoned Stab","floor":1},{"not_picked":["Escape Plan","Well Laid Plans"],"picked":"Noxious Fumes","floor":6},{"not_picked":["Blade Dance","Deflect"],"picked":"Dagger Throw","floor":8},{"not_picked":["Tactician","Slice+1"],"picked":"Prepared","floor":12},{"not_picked":["Backstab+1","Acrobatics"],"picked":"Dagger Spray+1","floor":13},{"not_picked":["Underhanded Strike+1","Dodge and Roll","Outmaneuver"],"picked":"SKIP","floor":14},{"not_picked":["Die Die Die+1","Wraith Form v2"],"picked":"Corpse Explosion","floor":16},{"not_picked":["Dagger Throw+1","Slice+1"],"picked":"Cloak And Dagger+1","floor":18},{"not_picked":["Flying Knee+1","Distraction"],"picked":"Backstab+1","floor":19}],"player_experience":380079,"relics_obtained":[{"floor":6,"key":"StoneCalendar"},{"floor":9,"key":"Molten Egg 2"},{"floor":13,"key":"Letter Opener"},{"floor":21,"key":"Necronomicon"},{"floor":26,"key":"Smiling Mask"}],"event_choices":[{"damage_healed":0,"gold_gain":0,"player_choice":"Success","damage_taken":33,"relics_obtained":["War Paint"],"max_hp_gain":0,"max_hp_loss":0,"event_name":"Scrap Ooze","floor":2,"gold_loss":0},{"damage_healed":17,"gold_gain":0,"player_choice":"Healed","damage_taken":0,"max_hp_gain":0,"max_hp_loss":0,"event_name":"The Cleric","floor":3,"gold_loss":35},{"damage_healed":0,"gold_gain":0,"cards_transformed":["Strike_G"],"player_choice":"Change","damage_taken":0,"max_hp_gain":0,"max_hp_loss":0,"event_name":"Living Wall","floor":4,"gold_loss":0,"cards_obtained":["Wraith Form v2"]},{"damage_healed":0,"gold_gain":0,"player_choice":"Obtained Book","damage_taken":16,"max_hp_gain":0,"max_hp_loss":0,"event_name":"Cursed Tome","floor":21,"gold_loss":0},{"damage_healed":0,"gold_gain":0,"player_choice":"Opened","damage_taken":0,"relics_obtained":["Potion Belt"],"max_hp_gain":0,"max_hp_loss":0,"event_name":"The Mausoleum","floor":22,"gold_loss":0,"cards_obtained":["Writhe"]},{"damage_healed":0,"gold_gain":0,"player_choice":"Fight","damage_taken":0,"max_hp_gain":0,"max_hp_loss":0,"event_name":"Colosseum","floor":24,"gold_loss":0},{"damage_healed":0,"gold_gain":0,"player_choice":"Fled From Nobs","damage_taken":0,"max_hp_gain":0,"max_hp_loss":0,"event_name":"Colosseum","floor":24,"gold_loss":0},{"damage_healed":23,"gold_gain":0,"player_choice":"Heal","damage_taken":0,"max_hp_gain":0,"max_hp_loss":0,"event_name":"The Library","floor":25,"gold_loss":0}],"is_beta":false,"boss_relics":[{"not_picked":["WristBlade","Snecko Eye"],"picked":"Empty Cage"}],"items_purged_floors":[],"is_endless":false,"potions_floor_spawned":[6,14,18,19,24],"killed_by":"Book of Stabbing","ascension_level":10}