{"gold_per_floor":[119,137,156,156,174,208,208,224,224,259,70,70,70],"floor_reached":13,"playtime":518,"items_purged":["Defend_G"],"score":171,"play_id":"b3535418-6e40-4da6-adde-6052800d5f66","local_time":"20180909213408","is_ascension_mode":true,"campfire_choices":[{"floor":7,"key":"REST"}],"neow_cost":"","seed_source_timestamp":526486859750394,"circlet_count":0,"master_deck":["Defend_G","Defend_G","Defend_G","Defend_G","Strike_G","Strike_G","Strike_G","Strike_G","Survivor","Neutralize","AscendersBane","Flying Knee","Dagger Spray","PiercingWail","Poisoned Stab","Caltrops","Quick Slash"],"relics":["Ring of the Snake","Mummified Hand","Bag of Marbles","Juzu Bracelet"],"potions_floor_usage":[6,10,10],"damage_taken":[{"damage":8,"enemies":"Cultist","floor":1,"turns":4},{"damage":4,"enemies":"Small Slimes","floor":2,"turns":5},{"damage":4,"enemies":"Jaw Worm","floor":3,"turns":4},{"damage":4,"enemies":"2 Fungi Beasts","floor":5,"turns":3},{"damage":50,"enemies":"Lagavulin","floor":6,"turns":7},{"damage":0,"enemies":"3 Louse","floor":8,"turns":4},{"damage":20,"enemies":"3 Sentries","floor":10,"turns":6},{"damage":8,"enemies":"Exordium Wildlife","floor":13,"turns":2}],"seed_played":"3912949233441510167","potions_obtained":[{"floor":3,"key":"Regen Potion"},{"floor":5,"key":"Explosive Potion"},{"floor":8,"key":"AttackPotion"}],"is_trial":false,"path_per_floor":["M","M","M","?","M","E","R","M","T","E","$","?"],"character_chosen":"THE_SILENT","items_purchased":["Dexterity Potion","Dexterity Potion"],"campfire_rested":1,"item_purchase_floors":[11,11],"current_hp_per_floor":[51,47,43,43,39,4,23,23,23,3,3,3,0],"gold":70,"neow_bonus":"","is_prod":false,"is_daily":false,"chose_seed":false,"campfire_upgraded":0,"win_rate":0,"timestamp":1536543248,"path_taken":["M","M","M","?","M","E","R","M","T","E","$","?","M"],"build_version":"2018-09-06","purchased_purges":1,"victory":false,"max_hp_per_floor":[66,66,66,66,66,66,66,66,66,66,66,66,66],"card_choices":[{"not_picked":["Blade Dance","Dodge and Roll"],"picked":"Flying Knee","floor":1},{"not_picked":["Sucker Punch","Footwork"],"picked":"Dagger Spray","floor":2},{"not_picked":["Flechettes","Bane"],"picked":"PiercingWail","floor":3},{"not_picked":["Setup","Catalyst"],"picked":"Poisoned Stab","floor":5},{"not_picked":["Setup","Dagger Spray"],"picked":"Caltrops","floor":6},{"not_picked":["Finisher","Unload"],"picked":"Quick Slash","floor":8},{"not_picked":["Accuracy","Flying Knee","Poisoned Stab"],"picked":"SKIP","floor":10}],"player_experience":644146,"relics_obtained":[{"floor":6,"key":"Mummified Hand"},{"floor":9,"key":"Bag of Marbles"},{"floor":10,"key":"Juzu Bracelet"}],"event_choices":[{"event_name":"Bonfire Elementals","player_choice":"BASIC","floor":4,"damage_taken":0},{"event_name":"Liars Game","player_choice":"disagreed","floor":12,"damage_taken":0}],"is_beta":false,"boss_relics":[],"items_purged_floors":[11],"is_endless":false,"potions_floor_spawned":[3,5,8],"killed_by":"Exordium Wildlife","ascension_level":16}