{"gold_per_floor":[112,129,145,161,161,161,193,203,203,203,95,115,165,176,176,247,247,262,262,262,278,203,203,203],"floor_reached":24,"playtime":934,"items_purged":["Strike_R"],"score":347,"play_id":"1e9d04bf-fc6c-4894-8eaa-dd65e143c295","local_time":"20181205164615","is_ascension_mode":true,"campfire_choices":[{"data":"Uppercut","floor":6,"key":"SMITH"},{"floor":15,"key":"REST"},{"data":"Heavy Blade","floor":23,"key":"SMITH"}],"neow_cost":"NONE","seed_source_timestamp":24143273917354,"circlet_count":0,"master_deck":["AscendersBane","Strike_R+1","Strike_R+1","Strike_R+1","Strike_R+1","Defend_R+1","Defend_R+1","Defend_R+1","Defend_R+1","Flex+1","Uppercut+1","Thunderclap","Twin Strike","Iron Wave","Heavy Blade+1","Shrug It Off","Metallicize","Sword Boomerang","Limit Break","Corruption+1"],"relics":["Burning Blood","Orichalcum","Ancient Tea Set","Runic Pyramid"],"potions_floor_usage":[7,16,21],"damage_taken":[{"damage":19,"enemies":"Jaw Worm","floor":1,"turns":3},{"damage":1,"enemies":"Cultist","floor":2,"turns":3},{"damage":2,"enemies":"2 Louse","floor":3,"turns":2},{"damage":7,"enemies":"2 Fungi Beasts","floor":4,"turns":3},{"damage":44,"enemies":"3 Sentries","floor":7,"turns":8},{"damage":19,"enemies":"Gremlin Gang","floor":8,"turns":5},{"damage":2,"enemies":"Looter","floor":12,"turns":3},{"damage":3,"enemies":"Exordium Wildlife","floor":14,"turns":4},{"damage":31,"enemies":"Slime Boss","floor":16,"turns":9},{"damage":16,"enemies":"Shell Parasite","floor":18,"turns":5},{"damage":13,"enemies":"Spheric Guardian","floor":21,"turns":6},{"damage":37,"enemies":"Gremlin Leader","floor":24,"turns":6}],"seed_played":"8217833602668473633","potions_obtained":[{"floor":1,"key":"GamblersBrew"},{"floor":3,"key":"SpeedPotion"},{"floor":8,"key":"Explosive Potion"},{"floor":18,"key":"Regen Potion"}],"is_trial":false,"path_per_floor":["M","M","M","M","?","R","E","M","T","?","$","M","?","M","R","B",null,"M","?","?","M","?","R","E"],"character_chosen":"IRONCLAD","items_purchased":["Metallicize"],"campfire_rested":1,"item_purchase_floors":[11],"current_hp_per_floor":[55,60,64,63,63,63,25,12,12,12,12,16,16,19,41,16,60,50,50,29,37,37,37,0],"gold":203,"neow_bonus":"THREE_CARDS","is_prod":false,"is_daily":false,"chose_seed":false,"campfire_upgraded":2,"win_rate":0,"timestamp":1544046375,"path_taken":["M","M","M","M","?","R","E","?","T","?","$","M","?","?","R","BOSS","M","?","?","M","?","R","E"],"build_version":"2018-11-15","purchased_purges":1,"victory":false,"max_hp_per_floor":[75,75,75,75,75,75,75,75,75,75,75,75,75,75,75,75,75,75,75,80,80,80,80,80],"card_choices":[{"not_picked":["Sword Boomerang","Body Slam"],"picked":"Flex","floor":0},{"not_picked":["Carnage","Dual Wield"],"picked":"Uppercut","floor":1},{"not_picked":["Flex","Cleave"],"picked":"Thunderclap","floor":2},{"not_picked":["Flex","Clash"],"picked":"Twin Strike","floor":3},{"not_picked":["Twin Strike","Entrench"],"picked":"Iron Wave","floor":4},{"not_picked":["Headbutt","Clothesline","Thunderclap"],"picked":"SKIP","floor":7},{"not_picked":["Headbutt","Hemokinesis"],"picked":"Shrug It Off","floor":8},{"not_picked":["Intimidate","Rupture","Uppercut"],"picked":"SKIP","floor":12},{"not_picked":["Twin Strike","Thunderclap"],"picked":"Sword Boomerang","floor":14},{"not_picked":["Dark Embrace","Barricade"],"picked":"Limit Break","floor":16},{"not_picked":["Corruption","Shockwave","Sword Boomerang"],"picked":"SKIP","floor":18},{"not_picked":["Cleave","Anger"],"picked":"Corruption+1","floor":21}],"player_experience":957037,"relics_obtained":[{"floor":7,"key":"Orichalcum"},{"floor":9,"key":"Ancient Tea Set"}],"event_choices":[{"damage_healed":0,"gold_gain":0,"player_choice":"1 cards matched","damage_taken":0,"max_hp_gain":0,"max_hp_loss":0,"event_name":"Match and Keep!","floor":5,"gold_loss":0,"cards_obtained":["Heavy Blade"]},{"damage_healed":0,"gold_gain":0,"player_choice":"Grow","damage_taken":0,"max_hp_gain":0,"max_hp_loss":0,"event_name":"Living Wall","floor":10,"gold_loss":0,"cards_upgraded":["Flex"]},{"damage_healed":0,"gold_gain":50,"player_choice":"Pray","damage_taken":0,"max_hp_gain":0,"max_hp_loss":0,"event_name":"Golden Shrine","floor":13,"gold_loss":0},{"damage_healed":0,"gold_gain":0,"player_choice":"Simplicity","damage_taken":0,"max_hp_gain":0,"max_hp_loss":0,"event_name":"Back to Basics","floor":19,"gold_loss":0,"cards_upgraded":["Strike_R","Strike_R","Strike_R","Strike_R","Defend_R","Defend_R","Defend_R","Defend_R"]},{"damage_healed":0,"gold_gain":0,"player_choice":"Shed Blood","damage_taken":26,"max_hp_gain":5,"max_hp_loss":0,"event_name":"Forgotten Altar","floor":20,"gold_loss":0},{"cards_removed":["Bash"],"damage_healed":0,"gold_gain":0,"player_choice":"Gave Gold","damage_taken":0,"max_hp_gain":0,"max_hp_loss":0,"event_name":"Beggar","floor":22,"gold_loss":75}],"is_beta":false,"boss_relics":[{"not_picked":["White Beast Statue","Busted Crown"],"picked":"Runic Pyramid"}],"items_purged_floors":[11],"is_endless":false,"potions_floor_spawned":[1,3,8,14,18],"killed_by":"Gremlin Leader","ascension_level":15}