{"path_per_floor":["M","M","M","M","?","R","M","M","T","?","$","M","R","E","R","B",null,"M","M","$","?","M","R","M","$","T","M","?"],"character_chosen":"THE_SILENT","items_purchased":["Noxious Fumes"],"gold_per_floor":[117,131,150,166,166,166,177,191,191,191,36,50,50,81,81,185,185,199,179,79,4,21,21,32,32,56,67,67],"floor_reached":29,"campfire_rested":2,"playtime":1137,"current_hp_per_floor":[53,49,49,48,48,48,47,41,41,38,38,38,70,48,48,2,53,53,28,28,28,13,49,31,31,31,17,17],"items_purged":["Strike_G","Strike_G"],"gold":67,"score":355,"play_id":"ab9dcd0b-3006-4e8e-a713-cba80d2b6623","is_prod":false,"is_daily":false,"is_ascension_mode":true,"campfire_upgraded":2,"path_taken":["M","M","M","M","?","R","M","M","T","?","?","M","R","E","R","BOSS","M","M","$","?","M","R","?","?","T","M","?","E"],"build_version":"2018-02-22-PROD2","purchased_purges":2,"victory":false,"master_deck":["Defend_G","Defend_G","Defend_G","Defend_G","Defend_G","Strike_G","Strike_G","Survivor","Neutralize","Dash+1","Escape Plan","Acrobatics","Bouncing Flask+1","Backflip","Quick Slash","Noxious Fumes","Backflip","Escape Plan","Adrenaline","Deflect"],"max_hp_per_floor":[70,70,70,70,70,70,70,70,70,70,70,70,70,70,70,70,70,70,70,70,70,70,70,70,70,70,70,67],"relics":["White Beast Statue","Regal Pillow","Prayer Wheel","Dodecahedron","The Specimen","Lantern"],"card_choices":[{"not_picked":["Masterful Stab","Cloak And Dagger"],"picked":"Dash"},{"not_picked":["Outmaneuver","Eviscerate"],"picked":"Escape Plan"},{"not_picked":["Wraith Form","Bane"],"picked":"Acrobatics"},{"not_picked":["Flying Knee","Dagger Throw"],"picked":"Bouncing Flask"},{"not_picked":["Cloak And Dagger","Outmaneuver"],"picked":"Backflip"},{"not_picked":["Dagger Throw","Acrobatics"],"picked":"Quick Slash"},{"not_picked":["Outmaneuver","Underhanded Strike"],"picked":"Backflip"},{"not_picked":["Unload","Poisoned Stab"],"picked":"Escape Plan"},{"not_picked":["Bullet Time","Storm of Steel"],"picked":"Adrenaline"},{"not_picked":["Deadly Poison","Dagger Throw"],"picked":"Deflect"}],"player_experience":261069,"potions_floor_usage":[4,4,7,8,12,14,16,18,19,27,29,29,29],"damage_taken":[{"damage":10,"enemies":"2 Louse","floor":1,"turns":2},{"damage":4,"enemies":"Small Slimes","floor":2,"turns":3},{"damage":0,"enemies":"Cultist","floor":3,"turns":4},{"damage":1,"enemies":"Looter","floor":4,"turns":3},{"damage":1,"enemies":"2 Fungi Beasts","floor":7,"turns":4},{"damage":6,"enemies":"Large Slime","floor":8,"turns":7},{"damage":0,"enemies":"Blue Slaver","floor":12,"turns":3},{"damage":22,"enemies":"Lagavulin","floor":14,"turns":6},{"damage":46,"enemies":"Hexaghost","floor":16,"turns":10},{"damage":0,"enemies":"Chosen","floor":18,"turns":5},{"damage":25,"enemies":"2 Thieves","floor":19,"turns":4},{"damage":15,"enemies":"Snecko","floor":22,"turns":5},{"damage":18,"enemies":"Chosen and Byrds","floor":24,"turns":7},{"damage":14,"enemies":"Snake Plant","floor":27,"turns":5},{"damage":19,"enemies":"Gremlin Leader","floor":29,"turns":4}],"event_choices":[{"event_name":"Liars Game","player_choice":"disagreed","floor":5,"damage_taken":0},{"event_name":"Scrap Ooze","player_choice":"success","floor":10,"damage_taken":3},{"event_name":"Beggar","player_choice":"Gave Gold","floor":21,"damage_taken":0},{"event_name":"Fountain of Cleansing","player_choice":"Removed Curse","floor":28,"damage_taken":0}],"boss_relics":[{"not_picked":["Black Star","Calling Bell"],"picked":"The Specimen"}],"potions_floor_spawned":[1,2,3,4,7,8,12,14,16,18,19,22,24,27],"seed_played":"1802601184791918548","killed_by":"Gremlin Leader","ascension_level":11,"is_trial":false}