{"path_per_floor":["M","$","?","M","M","E","M","R","T","R","M","R","M","M","R","B",null,"M","?","M","$","M","R","?","R","T","E","R","T","$","M","R"],"character_chosen":"THE_SILENT","items_purchased":["Footwork","Pen Nib","Dagger Spray"],"gold_per_floor":[119,44,44,58,73,114,129,129,183,183,206,206,231,250,250,370,370,390,390,403,80,93,93,93,93,93,123,123,193,140,152,152],"floor_reached":33,"campfire_rested":4,"playtime":1374,"current_hp_per_floor":[61,61,45,44,44,12,5,25,25,25,22,42,48,48,48,32,58,58,58,51,51,31,51,51,51,51,22,42,47,47,43,43],"items_purged":["Parasite","Strike_G"],"gold":152,"score":414,"play_id":"b6512e9c-9964-4cb9-9653-154dad1e50d3","is_prod":false,"is_daily":false,"is_ascension_mode":true,"campfire_upgraded":4,"path_taken":["M","?","?","?","M","E","M","R","T","R","?","R","M","M","R","BOSS","M","?","M","$","M","R","?","R","T","E","R","?","$","M","R","BOSS"],"build_version":"2018-02-22-PROD2","purchased_purges":3,"victory":false,"master_deck":["Defend_G","Defend_G","Defend_G","Defend_G","Defend_G","Strike_G","Strike_G","Strike_G","Strike_G","Survivor","Neutralize+1","Skewer+1","Backstab","After Image+1","Flying Knee","Outmaneuver+1","Dodge and Roll","Flying Knee","Bullet Time","Deflect+1","Footwork+1","Backflip","Dagger Spray+1"],"max_hp_per_floor":[70,67,67,67,67,67,67,67,67,67,67,67,67,67,67,67,67,67,67,67,67,67,67,67,67,67,67,67,67,67,67,67],"relics":["Ring of the Snake","Bloody Idol","Bronze Scales","Tiny Chest","Sozu","Pen Nib","Juzu Bracelet","Bag of Marbles","Molten Egg 2"],"card_choices":[{"not_picked":["Bane","Underhanded Strike"],"picked":"Skewer"},{"not_picked":["Reflex","Poisoned Stab"],"picked":"Backstab"},{"not_picked":["Outmaneuver","All Out Attack"],"picked":"After Image"},{"not_picked":["Bane","Dagger Throw"],"picked":"Flying Knee"},{"not_picked":["Accuracy","Poisoned Stab"],"picked":"Outmaneuver"},{"not_picked":["Sucker Punch","Prepared"],"picked":"Dodge and Roll"},{"not_picked":["PiercingWail","Finisher"],"picked":"Flying Knee"},{"not_picked":["Storm of Steel","Doppelganger"],"picked":"Bullet Time"},{"not_picked":["Slice","Deadly Poison"],"picked":"Deflect"},{"not_picked":["Cloak And Dagger","Underhanded Strike"],"picked":"Backflip"}],"player_experience":268317,"potions_floor_usage":[6,11,13],"damage_taken":[{"damage":2,"enemies":"Cultist","floor":1,"turns":5},{"damage":1,"enemies":"2 Louse","floor":4,"turns":3},{"damage":0,"enemies":"Small Slimes","floor":5,"turns":3},{"damage":32,"enemies":"Lagavulin","floor":6,"turns":6},{"damage":7,"enemies":"3 Louse","floor":7,"turns":3},{"damage":3,"enemies":"Lots of Slimes","floor":11,"turns":3},{"damage":6,"enemies":"Gremlin Gang","floor":13,"turns":5},{"damage":0,"enemies":"Large Slime","floor":14,"turns":7},{"damage":16,"enemies":"The Guardian","floor":16,"turns":15},{"damage":0,"enemies":"Spheric Guardian","floor":18,"turns":3},{"damage":17,"enemies":"2 Thieves","floor":20,"turns":4},{"damage":25,"enemies":"Snecko","floor":22,"turns":8},{"damage":34,"enemies":"Slavers","floor":27,"turns":8},{"damage":9,"enemies":"Snake Plant","floor":31,"turns":5},{"damage":51,"enemies":"Collector","floor":33,"turns":7}],"event_choices":[{"event_name":"Golden Idol","player_choice":"Take Damage","floor":3,"damage_taken":0},{"event_name":"Forgotten Altar","player_choice":"Gave Idol","floor":19,"damage_taken":0},{"event_name":"Vampires","player_choice":"Ignored","floor":24,"damage_taken":0}],"boss_relics":[{"not_picked":["Philosopher\u0027s Stone","Question Card"],"picked":"Sozu"}],"potions_floor_spawned":[1,6,11,18,22],"seed_played":"8584704516102413083","killed_by":"Collector","ascension_level":11,"is_trial":false}