{"gold_per_floor":[113,113,113,163,188,219,219,232,257,257,270,309,334,357,357,453,516,539,50,69,69,94,94],"floor_reached":23,"playtime":1050,"items_purged":["Strike_G"],"score":422,"play_id":"efbe9c9b-e6c7-4a5e-b199-7ea3beabcd7b","local_time":"20190411213639","is_ascension_mode":true,"campfire_choices":[{"floor":7.0,"key":"REST"},{"floor":10.0,"key":"REST"},{"data":"Noxious Fumes","floor":15.0,"key":"SMITH"}],"neow_cost":"NONE","seed_source_timestamp":0,"circlet_count":0,"master_deck":["AscendersBane","Defend_G","Defend_G","Defend_G","Defend_G+1","Defend_G","Strike_G","Strike_G+1","Strike_G+1","Survivor","Neutralize","Well Laid Plans","Cloak And Dagger","Calculated Gamble","Dagger Spray","Noxious Fumes+1","Adrenaline","Corpse Explosion","Deadly Poison","Backflip","Caltrops","Glass Knife","Backflip","PiercingWail"],"special_seed":0,"relics":["Ring of the Snake","NeowsBlessing","Golden Idol","Centennial Puzzle","Regal Pillow","Potion Belt","Tiny House","Happy Flower"],"potions_floor_usage":[22],"damage_taken":[{"damage":0.0,"enemies":"Small Slimes","floor":1.0,"turns":1.0},{"damage":0.0,"enemies":"2 Louse","floor":5.0,"turns":1.0},{"damage":0.0,"enemies":"Lagavulin","floor":6.0,"turns":1.0},{"damage":0.0,"enemies":"Cultist","floor":8.0,"turns":3.0},{"damage":4.0,"enemies":"Blue Slaver","floor":11.0,"turns":5.0},{"damage":2.0,"enemies":"3 Sentries","floor":12.0,"turns":8.0},{"damage":0.0,"enemies":"Red Slaver","floor":13.0,"turns":6.0},{"damage":3.0,"enemies":"Looter","floor":14.0,"turns":4.0},{"damage":12.0,"enemies":"The Guardian","floor":16.0,"turns":12.0},{"damage":7.0,"enemies":"Chosen","floor":18.0,"turns":6.0},{"damage":10.0,"enemies":"Spheric Guardian","floor":20.0,"turns":4.0},{"damage":13,"enemies":"Cultist and Chosen","floor":22,"turns":5},{"damage":38,"enemies":"Gremlin Leader","floor":23,"turns":5}],"seed_played":"-7044836654110203177","potions_obtained":[{"floor":8.0,"key":"PowerPotion"},{"floor":11.0,"key":"Poison Potion"},{"floor":12.0,"key":"Weak Potion"},{"floor":16.0,"key":"Swift Potion"},{"floor":17.0,"key":"SkillPotion"},{"floor":18.0,"key":"Poison Potion"}],"is_trial":false,"path_per_floor":["M","?","?","?","M","E","R","M","T","R","M","E","M","M","R","B",null,"M","$","M","?","M","E"],"character_chosen":"THE_SILENT","items_purchased":["Caltrops","Glass Knife","Happy Flower"],"campfire_rested":2,"item_purchase_floors":[19,19,19],"current_hp_per_floor":[59,36,16,16,16,16,35,35,35,66,62,60,60,57,57,45,66,59,59,49,49,36,0],"gold":94,"neow_bonus":"THREE_ENEMY_KILL","is_prod":false,"is_daily":false,"chose_seed":false,"campfire_upgraded":1,"win_rate":0,"timestamp":1555032999,"path_taken":["M","?","?","?","?","E","R","M","T","R","M","E","M","M","R","BOSS","M","$","M","?","M","E"],"build_version":"2019-01-23","purchased_purges":1,"victory":false,"max_hp_per_floor":[66,66,66,66,66,66,66,66,66,66,66,66,66,66,66,66,71,71,71,71,71,71,71],"card_choices":[{"not_picked":["Outmaneuver","Poisoned Stab"],"picked":"Well Laid Plans","floor":1.0},{"not_picked":["Distraction","Underhanded Strike"],"picked":"Cloak And Dagger","floor":5.0},{"not_picked":["Choke","Endless Agony"],"picked":"Calculated Gamble","floor":6.0},{"not_picked":["Heel Hook","Infinite Blades","Sucker Punch"],"picked":"SKIP","floor":8.0},{"not_picked":["Deadly Poison","Catalyst"],"picked":"Dagger Spray","floor":11.0},{"not_picked":["Predator","Well Laid Plans","Expertise"],"picked":"SKIP","floor":12.0},{"not_picked":["Backstab","Heel Hook"],"picked":"Noxious Fumes","floor":13.0},{"not_picked":["Poisoned Stab","Heel Hook"],"picked":"Adrenaline","floor":14.0},{"not_picked":["Malaise","Burst"],"picked":"Corpse Explosion","floor":16.0},{"not_picked":["Reflex","Dagger Spray"],"picked":"Deadly Poison","floor":17.0},{"not_picked":["Well Laid Plans","Cloak And Dagger"],"picked":"Backflip","floor":18.0},{"not_picked":["Underhanded Strike","Glass Knife"],"picked":"Backflip","floor":20.0},{"not_picked":["Prepared+1","Riddle With Holes+1"],"picked":"PiercingWail","floor":22}],"player_experience":490600,"relics_obtained":[{"floor":6.0,"key":"Centennial Puzzle"},{"floor":9.0,"key":"Regal Pillow"},{"floor":12.0,"key":"Potion Belt"}],"event_choices":[{"damage_healed":0.0,"max_hp_gain":0.0,"max_hp_loss":0.0,"gold_gain":0.0,"event_name":"Golden Idol","player_choice":"Take Damage","floor":2.0,"gold_loss":0.0,"damage_taken":23.0,"relics_obtained":["Golden Idol"]},{"damage_healed":0.0,"max_hp_gain":0.0,"max_hp_loss":0.0,"gold_gain":0.0,"event_name":"Shining Light","player_choice":"Entered Light","floor":3.0,"gold_loss":0.0,"damage_taken":20.0,"cards_upgraded":["Strike_G","Defend_G"]},{"damage_healed":0.0,"max_hp_gain":0.0,"max_hp_loss":0.0,"gold_gain":50.0,"event_name":"Golden Shrine","player_choice":"Pray","floor":4.0,"gold_loss":0.0,"damage_taken":0.0},{"cards_removed":["Strike_G"],"damage_healed":0.0,"max_hp_gain":0.0,"max_hp_loss":0.0,"gold_gain":0.0,"event_name":"Bonfire Elementals","player_choice":"Offered Basic","floor":21.0,"gold_loss":0.0,"damage_taken":0.0}],"is_beta":false,"boss_relics":[{"not_picked":["Snecko Eye","Eternal Feather"],"picked":"Tiny House"}],"items_purged_floors":[19],"is_endless":false,"potions_floor_spawned":[8,11,12,16,18],"killed_by":"Gremlin Leader","ascension_level":17}