{"gold_per_floor":[111,72,72,87,87,122,122,155,155,174,139,139,174,187,187,283,283,298,298,312,337,356,356,369,392,392,392,392,205,229,243,243,243],"floor_reached":33,"playtime":1529,"items_purged":["Decay"],"score":540,"play_id":"27e45597-34f4-446e-97cf-19d0b3415139","local_time":"20180825225558","is_ascension_mode":true,"campfire_choices":[{"data":"All Out Attack","floor":7,"key":"SMITH"},{"data":"Neutralize","floor":15,"key":"SMITH"},{"data":"Wraith Form v2","floor":23,"key":"SMITH"},{"data":"Venomology","floor":32,"key":"SMITH"}],"neow_cost":"NONE","seed_source_timestamp":89250449645673,"circlet_count":0,"master_deck":["Defend_G","Defend_G","Defend_G","Defend_G","Survivor","Neutralize+1","AscendersBane","Quick Slash","All Out Attack+1","Wraith Form v2+1","Well Laid Plans","Backstab+1","Dagger Throw+1","Underhanded Strike+1","Sucker Punch+1","Backflip","Venomology+1","Prepared","Bite+1","Bite+1","Bite+1","Bite+1","Bite+1","Masterful Stab+1","Dagger Throw+1","Deflect","Heel Hook+1","Die Die Die+1"],"relics":["Ring of the Snake","NeowsBlessing","Molten Egg 2","StoneCalendar","Orichalcum","Golden Idol","Smiling Mask","Eternal Feather","Boot"],"potions_floor_usage":[16,16,18,21,21,22,22,22,25,25,25,30,30,30,33],"damage_taken":[{"damage":0,"enemies":"Small Slimes","floor":1,"turns":1},{"damage":0,"enemies":"Cultist","floor":4,"turns":1},{"damage":0,"enemies":"Gremlin Nob","floor":6,"turns":1},{"damage":15,"enemies":"3 Sentries","floor":8,"turns":7},{"damage":0,"enemies":"2 Louse","floor":10,"turns":2},{"damage":20,"enemies":"Lagavulin","floor":13,"turns":6},{"damage":0,"enemies":"Blue Slaver","floor":14,"turns":3},{"damage":16,"enemies":"Slime Boss","floor":16,"turns":7},{"damage":15,"enemies":"2 Thieves","floor":18,"turns":4},{"damage":2,"enemies":"Chosen","floor":20,"turns":4},{"damage":14,"enemies":"Centurion and Healer","floor":21,"turns":5},{"damage":23,"enemies":"Shelled Parasite and Fungi","floor":22,"turns":6},{"damage":27,"enemies":"Snake Plant","floor":24,"turns":5},{"damage":0,"enemies":"Sentry and Sphere","floor":25,"turns":3},{"damage":7,"enemies":"Centurion and Healer","floor":30,"turns":3},{"damage":7,"enemies":"3 Cultists","floor":31,"turns":4},{"damage":66,"enemies":"Automaton","floor":33,"turns":10}],"seed_played":"1652149796246976846","potions_obtained":[{"floor":4,"key":"Swift Potion"},{"floor":13,"key":"Energy Potion"},{"floor":16,"key":"Regen Potion"},{"floor":18,"key":"Swift Potion"},{"floor":21,"key":"Weak Potion"},{"floor":24,"key":"EntropicBrew"},{"floor":31,"key":"Ancient Potion"}],"is_trial":false,"path_per_floor":["M","$","?","M","?","E","R","E","T","M","?","?","E","M","R","B",null,"M","?","M","M","M","R","M","M","T","?","?","$","M","M","R"],"character_chosen":"THE_SILENT","items_purchased":["All Out Attack","Die Die Die+1"],"campfire_rested":0,"item_purchase_floors":[2,29],"current_hp_per_floor":[59,59,59,59,64,64,64,49,49,49,66,64,44,44,44,28,55,40,40,44,44,24,39,20,26,26,26,26,26,28,27,42,0],"gold":243,"neow_bonus":"THREE_ENEMY_KILL","is_prod":false,"is_daily":false,"chose_seed":false,"campfire_upgraded":4,"win_rate":0,"timestamp":1535252158,"path_taken":["M","$","?","M","?","E","R","E","T","M","?","?","E","M","R","BOSS","M","?","?","M","M","R","M","?","T","?","?","$","M","M","R","BOSS"],"build_version":"2018-08-23v2","purchased_purges":1,"victory":false,"max_hp_per_floor":[66,66,66,66,71,71,71,71,71,71,71,64,64,64,64,64,64,64,44,44,44,44,44,44,44,44,44,44,44,44,44,44,44],"card_choices":[{"not_picked":["Bane","Eviscerate"],"picked":"Quick Slash","floor":1},{"not_picked":["Outmaneuver","All Out Attack"],"picked":"Well Laid Plans","floor":4},{"not_picked":["Finisher","Bane"],"picked":"Backstab","floor":6},{"not_picked":["Expertise","Poisoned Stab+1"],"picked":"Dagger Throw+1","floor":8},{"not_picked":["Infinite Blades","Dagger Spray+1"],"picked":"Underhanded Strike+1","floor":10},{"not_picked":["Accuracy","Corpse Explosion"],"picked":"Sucker Punch+1","floor":13},{"not_picked":["Bouncing Flask","Quick Slash+1"],"picked":"Backflip","floor":14},{"not_picked":["Wraith Form v2","Storm of Steel"],"picked":"Venomology","floor":16},{"not_picked":["Eviscerate+1","Bane+1"],"picked":"Prepared","floor":18},{"not_picked":["Prepared","Underhanded Strike+1"],"picked":"Masterful Stab+1","floor":20},{"not_picked":["Dodge and Roll","Bane+1"],"picked":"Dagger Throw+1","floor":21},{"not_picked":["Bouncing Flask","Sucker Punch+1","Bane+1"],"picked":"SKIP","floor":22},{"not_picked":["Endless Agony+1","Masterful Stab+1"],"picked":"Deflect","floor":24},{"not_picked":["Concentrate","Setup"],"picked":"Heel Hook+1","floor":25},{"not_picked":["Flying Knee+1","Blade Dance","Bane+1"],"picked":"SKIP","floor":30},{"not_picked":["Deflect","Choke+1","Infinite Blades"],"picked":"SKIP","floor":31}],"player_experience":610368,"relics_obtained":[{"floor":6,"key":"Molten Egg 2"},{"floor":8,"key":"StoneCalendar"},{"floor":9,"key":"Orichalcum"},{"floor":13,"key":"Smiling Mask"},{"floor":26,"key":"Boot"}],"event_choices":[{"event_name":"Transmorgrifier","player_choice":"Transform","floor":3,"damage_taken":0},{"event_name":"Big Fish","player_choice":"Donut","floor":5,"damage_taken":0},{"event_name":"The Cleric","player_choice":"Healed","floor":11,"damage_taken":0},{"event_name":"Golden Idol","player_choice":"Lose Max HP","floor":12,"damage_taken":0},{"event_name":"Vampires","player_choice":"Became a vampire","floor":19,"damage_taken":0},{"event_name":"Purifier","player_choice":"One Purge","floor":27,"damage_taken":0},{"event_name":"Wheel of Change","player_choice":"Curse","floor":28,"damage_taken":0}],"is_beta":false,"boss_relics":[{"not_picked":["Calling Bell","Philosopher\u0027s Stone"],"picked":"Eternal Feather"}],"items_purged_floors":[29],"is_endless":false,"potions_floor_spawned":[4,13,16,18,21,24,25,31],"killed_by":"Automaton","ascension_level":15}