{"gold_per_floor":[109,109,124,144,164,164,189,15,15,49,60,75,91,105,105,205,205,216,66,77,77,77,77],"floor_reached":23,"playtime":1377,"items_purged":["Strike_R"],"score":256,"play_id":"4242522a-8b90-4988-89de-e346816490e3","local_time":"20190220115401","is_ascension_mode":true,"campfire_choices":[{"data":"Havoc","floor":6,"key":"SMITH"},{"data":"Armaments","floor":15,"key":"SMITH"}],"neow_cost":"NONE","seed_source_timestamp":645443168420680,"circlet_count":0,"master_deck":["Strike_R","Strike_R","Strike_R","Strike_R","Defend_R","Defend_R","Defend_R","Defend_R","Bash","Uppercut","Havoc+1","Juggernaut","Shrug It Off","Shrug It Off","Metallicize","Iron Wave+1","Anger+1","Armaments+1","Feed+1","Dark Embrace","Body Slam+1","Flex"],"relics":["Burning Blood","Molten Egg 2","Bottled Tornado","Darkstone Periapt","Cursed Key","PreservedInsect","MutagenicStrength"],"potions_floor_usage":[5,7,7,12,16,18,23],"damage_taken":[{"damage":1,"enemies":"Cultist","floor":1,"turns":3},{"damage":3,"enemies":"Jaw Worm","floor":3,"turns":4},{"damage":7,"enemies":"Small Slimes","floor":4,"turns":4},{"damage":16,"enemies":"Exordium Wildlife","floor":5,"turns":4},{"damage":25,"enemies":"Lagavulin","floor":7,"turns":6},{"damage":20,"enemies":"3 Sentries","floor":10,"turns":9},{"damage":1,"enemies":"Large Slime","floor":11,"turns":4},{"damage":1,"enemies":"Looter","floor":12,"turns":2},{"damage":0,"enemies":"2 Fungi Beasts","floor":13,"turns":4},{"damage":19,"enemies":"Gremlin Gang","floor":14,"turns":5},{"damage":29,"enemies":"Slime Boss","floor":16,"turns":14},{"damage":6,"enemies":"3 Byrds","floor":18,"turns":7},{"damage":13,"enemies":"Spheric Guardian","floor":20,"turns":4},{"damage":25,"enemies":"Colosseum Slavers","floor":22,"turns":5},{"damage":48,"enemies":"Gremlin Leader","floor":23,"turns":7}],"seed_played":"-3062927907275634330","potions_obtained":[{"floor":0,"key":"FearPotion"},{"floor":0,"key":"LiquidBronze"},{"floor":0,"key":"Fire Potion"},{"floor":1,"key":"PowerPotion"},{"floor":5,"key":"SteroidPotion"},{"floor":10,"key":"Strength Potion"},{"floor":13,"key":"Swift Potion"},{"floor":16,"key":"EssenceOfSteel"},{"floor":18,"key":"Energy Potion"}],"is_trial":false,"path_per_floor":["M","T","M","M","M","R","E","$","T","E","M","M","M","M","R","B",null,"M","$","M","?","?","E"],"character_chosen":"IRONCLAD","items_purchased":["Shrug It Off","Metallicize","PreservedInsect"],"campfire_rested":0,"item_purchase_floors":[8,8,19],"current_hp_per_floor":[80,80,80,79,69,69,50,50,50,36,41,46,52,39,39,16,64,68,68,65,65,46,0],"gold":77,"neow_bonus":"THREE_SMALL_POTIONS","is_prod":false,"is_daily":false,"chose_seed":false,"campfire_upgraded":2,"win_rate":0,"timestamp":1550681641,"path_taken":["M","?","?","M","M","R","E","$","T","E","M","M","M","M","R","BOSS","M","$","M","?","?","E"],"build_version":"2019-01-23","purchased_purges":1,"victory":false,"max_hp_per_floor":[80,80,80,80,80,80,80,80,80,80,80,80,80,80,80,80,80,84,84,88,88,88,88],"card_choices":[{"not_picked":["True Grit","Heavy Blade"],"picked":"Uppercut","floor":1},{"not_picked":["Clothesline","Headbutt","Entrench"],"picked":"SKIP","floor":3},{"not_picked":["Twin Strike","Thunderclap"],"picked":"Havoc","floor":4},{"not_picked":["Body Slam","Twin Strike"],"picked":"Juggernaut","floor":5},{"not_picked":["Anger","Shockwave"],"picked":"Shrug It Off","floor":7},{"not_picked":["Infernal Blade","Wild Strike+1"],"picked":"Iron Wave+1","floor":10},{"not_picked":["Sword Boomerang+1","Combust"],"picked":"Anger+1","floor":11},{"not_picked":["True Grit","Burning Pact"],"picked":"Armaments","floor":12},{"not_picked":["Bloodletting","Blood for Blood+1","Rupture"],"picked":"SKIP","floor":13},{"not_picked":["Clothesline+1","Sword Boomerang+1"],"picked":"Feed+1","floor":14},{"not_picked":["Bludgeon+1","Double Tap"],"picked":"Dark Embrace","floor":16},{"not_picked":["Havoc","Evolve"],"picked":"Body Slam+1","floor":18},{"not_picked":["Heavy Blade+1","Armaments"],"picked":"Flex","floor":20}],"player_experience":323105,"relics_obtained":[{"floor":7,"key":"Molten Egg 2"},{"floor":9,"key":"Bottled Tornado"},{"floor":10,"key":"Darkstone Periapt"}],"event_choices":[{"damage_healed":0,"gold_gain":0,"player_choice":"Inject Mutagens","damage_taken":0,"relics_obtained":["MutagenicStrength"],"max_hp_gain":0,"max_hp_loss":0,"event_name":"Drug Dealer","floor":21,"gold_loss":0},{"damage_healed":0,"gold_gain":0,"player_choice":"Fight","damage_taken":0,"max_hp_gain":0,"max_hp_loss":0,"event_name":"Colosseum","floor":22,"gold_loss":0},{"damage_healed":0,"gold_gain":0,"player_choice":"Fled From Nobs","damage_taken":0,"max_hp_gain":0,"max_hp_loss":0,"event_name":"Colosseum","floor":22,"gold_loss":0}],"is_beta":false,"boss_relics":[{"not_picked":["Black Blood","Ectoplasm"],"picked":"Cursed Key"}],"items_purged_floors":[8],"is_endless":false,"potions_floor_spawned":[1,5,10,13,16,18],"killed_by":"Gremlin Leader","ascension_level":5}