{"gold_per_floor":[115,115,135,150,168,199,5,40,70,81,81,93,109,121,121,223,223,236,108,190,200,217,217,243,27,107,0,0,0,35,54,54,154,154,171,171,189,208,108,108,141,141,141,141],"floor_reached":44,"playtime":2732,"items_purged":["Strike_R","Parasite"],"score":613,"play_id":"1e4b4236-227f-4a90-b26c-89d49ae64423","local_time":"20190221144208","is_ascension_mode":true,"campfire_choices":[{"data":"Demon Form","floor":11,"key":"SMITH"},{"data":"Rage","floor":15,"key":"SMITH"},{"data":"Fiend Fire","floor":23,"key":"SMITH"},{"data":"Power Through","floor":29,"key":"SMITH"},{"data":"Body Slam","floor":32,"key":"SMITH"},{"data":"Fiend Fire","floor":40,"key":"SMITH"},{"floor":42,"key":"REST"}],"neow_cost":"NONE","seed_source_timestamp":740566317967846,"circlet_count":0,"master_deck":["Strike_R","Strike_R","Strike_R","Strike_R","Defend_R","Defend_R","Defend_R","Defend_R+1","Bash","Uppercut","Flame Barrier+1","Demon Form+1","Flex","Shockwave","Power Through+1","Metallicize","Rage+1","Ghostly Armor","Spot Weakness","Fiend Fire+1","Sword Boomerang","Flex","Flex","Iron Wave","Flame Barrier","Body Slam+1","Power Through+1","Fiend Fire+1","Body Slam+1","Second Wind","Seeing Red+1","Double Tap"],"relics":["Burning Blood","NeowsBlessing","Question Card","War Paint","ClockworkSouvenir","Self Forming Clay","Tiny Chest","Runic Pyramid","Pear","Potion Belt","Red Skull","Meat on the Bone","Sundial","Runic Cube","Peace Pipe","Mercury Hourglass"],"potions_floor_usage":[8,12,13,24,24,30,38,44],"damage_taken":[{"damage":0,"enemies":"Cultist","floor":1,"turns":1},{"damage":0,"enemies":"Jaw Worm","floor":3,"turns":1},{"damage":0,"enemies":"2 Louse","floor":4,"turns":1},{"damage":24,"enemies":"Exordium Wildlife","floor":5,"turns":9},{"damage":40,"enemies":"3 Sentries","floor":6,"turns":9},{"damage":12,"enemies":"Gremlin Nob","floor":8,"turns":3},{"damage":4,"enemies":"Exordium Thugs","floor":10,"turns":6},{"damage":0,"enemies":"3 Louse","floor":12,"turns":6},{"damage":0,"enemies":"Exordium Wildlife","floor":13,"turns":6},{"damage":0,"enemies":"Looter","floor":14,"turns":4},{"damage":40,"enemies":"The Guardian","floor":16,"turns":12},{"damage":0,"enemies":"Chosen","floor":18,"turns":4},{"damage":1,"enemies":"Spheric Guardian","floor":21,"turns":5},{"damage":29,"enemies":"Shelled Parasite and Fungi","floor":22,"turns":6},{"damage":40,"enemies":"Slavers","floor":24,"turns":8},{"damage":17,"enemies":"Gremlin Leader","floor":30,"turns":8},{"damage":20,"enemies":"Centurion and Healer","floor":31,"turns":5},{"damage":41,"enemies":"Automaton","floor":33,"turns":10},{"damage":18,"enemies":"3 Shapes","floor":35,"turns":12},{"damage":0,"enemies":"Orb Walker","floor":37,"turns":3},{"damage":27,"enemies":"Writhing Mass","floor":38,"turns":9},{"damage":59,"enemies":"Nemesis","floor":41,"turns":5},{"damage":54,"enemies":"Reptomancer","floor":44,"turns":3}],"seed_played":"-969320607803088124","potions_obtained":[{"floor":1,"key":"Dexterity Potion"},{"floor":6,"key":"SteroidPotion"},{"floor":8,"key":"EssenceOfSteel"},{"floor":10,"key":"Regen Potion"},{"floor":16,"key":"GamblersBrew"},{"floor":18,"key":"SkillPotion"},{"floor":21,"key":"Explosive Potion"},{"floor":31,"key":"Ancient Potion"},{"floor":33,"key":"Fire Potion"},{"floor":37,"key":"Fire Potion"}],"is_trial":false,"path_per_floor":["M","?","M","M","M","E","$","E","T","M","R","M","M","M","R","B",null,"M","$","T","M","M","R","E","$","T","?","?","R","E","M","R","B",null,"M","?","M","M","$","R","E","R","T","E"],"character_chosen":"IRONCLAD","items_purchased":["ClockworkSouvenir","Flex","Red Skull","BloodPotion"],"campfire_rested":1,"item_purchase_floors":[7,19,25,25],"current_hp_per_floor":[80,80,80,80,62,28,28,22,22,24,24,45,51,57,57,23,66,72,72,82,87,64,64,30,30,30,30,60,60,58,56,56,33,76,64,64,70,61,61,61,20,46,46,0],"gold":141,"neow_bonus":"THREE_ENEMY_KILL","is_prod":false,"is_daily":false,"chose_seed":false,"campfire_upgraded":6,"win_rate":0,"timestamp":1550778128,"path_taken":["M","?","M","?","M","E","$","E","T","M","R","M","M","M","R","BOSS","M","$","?","M","?","R","E","$","T","?","?","R","E","M","R","BOSS","M","?","M","M","?","R","E","R","T","E"],"build_version":"2019-01-23","purchased_purges":2,"victory":false,"max_hp_per_floor":[80,80,80,80,80,80,80,80,80,80,80,80,80,80,80,80,80,80,80,90,90,90,90,90,90,90,90,90,90,90,90,90,90,90,90,90,90,90,87,87,87,87,87,87],"card_choices":[{"not_picked":["Intimidate","Sword Boomerang"],"picked":"Uppercut","floor":1},{"not_picked":["Heavy Blade","Warcry","Pommel Strike"],"picked":"Flame Barrier","floor":3},{"not_picked":["Perfected Strike","Thunderclap","Warcry"],"picked":"Demon Form","floor":4},{"not_picked":["Perfected Strike","Sword Boomerang","Bloodletting"],"picked":"Flex","floor":5},{"not_picked":["Twin Strike","Clothesline","Blood for Blood"],"picked":"Shockwave","floor":6},{"not_picked":["Clothesline","Armaments","Thunderclap"],"picked":"Power Through","floor":8},{"not_picked":["Pommel Strike","Dual Wield","Uppercut"],"picked":"Metallicize","floor":10},{"not_picked":["Clothesline","Anger","Warcry"],"picked":"Rage","floor":12},{"not_picked":["True Grit","Pommel Strike","Reckless Charge"],"picked":"Ghostly Armor","floor":13},{"not_picked":["Clash","Carnage","Twin Strike"],"picked":"Spot Weakness","floor":14},{"not_picked":["Feed","Brutality","Immolate"],"picked":"Fiend Fire","floor":16},{"not_picked":["Inflame","Clash","Heavy Blade"],"picked":"Sword Boomerang","floor":18},{"not_picked":["Havoc","Armaments","Reckless Charge"],"picked":"Flex","floor":21},{"not_picked":["Brutality","Anger","True Grit"],"picked":"Iron Wave","floor":22},{"not_picked":["Reckless Charge+1","Armaments","Shockwave"],"picked":"Flame Barrier","floor":24},{"not_picked":["Perfected Strike","Wild Strike+1","Heavy Blade"],"picked":"Body Slam","floor":30},{"not_picked":["Shrug It Off","Demon Form","Sword Boomerang"],"picked":"Power Through+1","floor":31},{"not_picked":["Bludgeon","Reaper","Barricade"],"picked":"Fiend Fire","floor":33},{"not_picked":["Armaments","True Grit+1","Reckless Charge"],"picked":"Body Slam+1","floor":35},{"not_picked":["Rupture+1","Infernal Blade","Armaments"],"picked":"Second Wind","floor":37},{"not_picked":["Warcry+1","Clothesline","Combust+1"],"picked":"Seeing Red+1","floor":38},{"not_picked":["Cleave+1","Metallicize","Carnage"],"picked":"Double Tap","floor":41}],"player_experience":333731,"relics_obtained":[{"floor":6,"key":"War Paint"},{"floor":8,"key":"Self Forming Clay"},{"floor":9,"key":"Tiny Chest"},{"floor":20,"key":"Pear"},{"floor":24,"key":"Potion Belt"},{"floor":26,"key":"Meat on the Bone"},{"floor":30,"key":"Sundial"},{"floor":41,"key":"Peace Pipe"},{"floor":43,"key":"Mercury Hourglass"}],"event_choices":[{"damage_healed":0,"gold_gain":0,"player_choice":"Gave Potion","damage_taken":0,"relics_obtained":["Question Card"],"max_hp_gain":0,"max_hp_loss":0,"event_name":"WeMeetAgain","floor":2,"gold_loss":0},{"damage_healed":0,"gold_gain":0,"player_choice":"Paid Fearfully","damage_taken":0,"max_hp_gain":0,"max_hp_loss":0,"event_name":"Masked Bandits","floor":27,"gold_loss":107},{"damage_healed":30,"gold_gain":0,"player_choice":"Heal","damage_taken":0,"max_hp_gain":0,"max_hp_loss":0,"event_name":"The Library","floor":28,"gold_loss":0},{"damage_healed":0,"gold_gain":0,"player_choice":"0 cards matched","damage_taken":0,"max_hp_gain":0,"max_hp_loss":0,"event_name":"Match and Keep!","floor":36,"gold_loss":0,"cards_obtained":[]}],"is_beta":false,"boss_relics":[{"not_picked":["Coffee Dripper","Busted Crown"],"picked":"Runic Pyramid"},{"not_picked":["Black Star","Lizard Tail"],"picked":"Runic Cube"}],"items_purged_floors":[19,39],"is_endless":false,"potions_floor_spawned":[1,6,8,10,16,18,21,31,33,37],"killed_by":"Reptomancer","ascension_level":5}