{"gold_per_floor":[110,125,125,125,50,50,69,69,124,134,134,134,159,159,159,257,257,275,97,97,113,148,183,199,214,237,237,237,237,250,266,266,370,370,390,38,58,78,78,78,78,78,78,7,25,25,39,39,39,39],"floor_reached":51,"playtime":7831,"items_purged":["Strike_B","Strike_B","Strike_B"],"score":698,"play_id":"dc0d17b6-7ce4-4f02-9af1-bc3d4aa530ef","local_time":"20180624201930","is_ascension_mode":true,"campfire_choices":[{"data":"Barrage","floor":6,"key":"SMITH"},{"data":"Sweeping Beam","floor":8,"key":"SMITH"},{"floor":15,"key":"REST"},{"data":"Creative AI","floor":27,"key":"SMITH"},{"data":"Leap","floor":32,"key":"SMITH"},{"data":"Amplify","floor":40,"key":"SMITH"},{"data":"Cold Snap","floor":42,"key":"SMITH"},{"data":"Buffer","floor":49,"key":"SMITH"}],"neow_cost":"NONE","seed_source_timestamp":723042328610073,"circlet_count":0,"master_deck":["Defend_B","Defend_B","Defend_B","Defend_B+1","Zap+1","Dualcast","Sweeping Beam+1","Coolheaded+1","Barrage+1","Streamline","Defragment+1","Cold Snap+1","Creative AI+1","Defragment+1","Amplify+1","Leap+1","Fission","Thunder Strike","Leap+1","Self Repair","Writhe","Buffer+1"],"relics":["Cracked Core","Juzu Bracelet","Gremlin Horn","Boot","Coffee Dripper","Red Mask","Vajra","Ancient Tea Set","Snecko Eye","Orichalcum","Mummified Hand"],"potions_floor_usage":[16,16,16,16,16,16,22,23,23,45,50,50,50],"damage_taken":[{"damage":0,"enemies":"Small Slimes","floor":1,"turns":2},{"damage":2,"enemies":"Cultist","floor":2,"turns":4},{"damage":0,"enemies":"2 Louse","floor":7,"turns":2},{"damage":0,"enemies":"Exordium Wildlife","floor":10,"turns":2},{"damage":14,"enemies":"Gremlin Nob","floor":13,"turns":3},{"damage":5,"enemies":"Hexaghost","floor":16,"turns":8},{"damage":3,"enemies":"Shell Parasite","floor":18,"turns":5},{"damage":2,"enemies":"3 Byrds","floor":21,"turns":4},{"damage":36,"floor":22,"turns":5},{"damage":7,"enemies":"Gremlin Leader","floor":23,"turns":6},{"damage":7,"enemies":"Centurion and Healer","floor":24,"turns":5},{"damage":9,"enemies":"Cultist and Chosen","floor":25,"turns":6},{"damage":6,"enemies":"Snecko","floor":30,"turns":6},{"damage":15,"enemies":"Centurion and Healer","floor":31,"turns":6},{"damage":0,"enemies":"Champ","floor":33,"turns":7},{"damage":24,"enemies":"3 Darklings","floor":35,"turns":8},{"damage":4,"enemies":"Orb Walker","floor":37,"turns":5},{"damage":16,"enemies":"3 Darklings","floor":38,"turns":7},{"damage":29,"enemies":"4 Shapes","floor":45,"turns":6},{"damage":0,"enemies":"Sphere and 2 Shapes","floor":47,"turns":3},{"damage":12,"enemies":"Time Eater","floor":50,"turns":11}],"seed_played":"-1615151087127868652","potions_obtained":[{"floor":2,"key":"EntropicBrew"},{"floor":7,"key":"Explosive Potion"},{"floor":13,"key":"Energy Potion"},{"floor":16,"key":"PowerPotion"},{"floor":18,"key":"Dexterity Potion"},{"floor":22,"key":"Dexterity Potion"},{"floor":25,"key":"LiquidBronze"},{"floor":35,"key":"FocusPotion"},{"floor":38,"key":"FearPotion"},{"floor":47,"key":"Energy Potion"}],"is_trial":false,"path_per_floor":["M","M","?","?","$","R","M","R","T","M","?","?","E","T","R","B",null,"M","$","?","M","?","E","M","M","T","R","?","?","M","M","R","B",null,"M","$","M","M","?","R","$","R","T","$","M","?","M","?","R","B"],"character_chosen":"DEFECT","items_purchased":["Amplify","Orichalcum","Thunder Strike","Self Repair"],"campfire_rested":1,"item_purchase_floors":[19,36,36,44],"current_hp_per_floor":[75,73,66,66,66,66,66,66,66,66,51,51,37,37,59,54,75,72,72,72,70,34,27,20,11,11,11,36,36,30,15,15,15,75,51,51,47,31,66,66,66,66,66,66,51,66,66,66,66,61],"gold":39,"neow_bonus":"THREE_CARDS","is_prod":false,"is_daily":false,"chose_seed":false,"campfire_upgraded":7,"win_rate":0.0,"timestamp":1529885970,"path_taken":["M","M","?","?","$","R","M","R","T","M","?","?","E","?","R","BOSS","M","$","?","M","?","E","M","M","T","R","?","?","M","M","R","BOSS","M","$","M","M","?","R","$","R","T","$","M","?","M","?","R","BOSS"],"build_version":"2018-06-21v2","purchased_purges":3,"victory":true,"max_hp_per_floor":[75,75,75,75,75,75,75,75,75,75,75,75,75,75,75,75,75,75,75,75,75,75,75,75,75,75,75,75,75,75,75,75,75,75,75,75,75,75,66,66,66,66,66,66,66,66,66,66,66,66],"card_choices":[{"not_picked":["Loop","Storm"],"picked":"Sweeping Beam","floor":0},{"not_picked":["Rebound","Loop"],"picked":"Coolheaded","floor":1},{"not_picked":["Go for the Eyes","FTL"],"picked":"Barrage","floor":2},{"not_picked":["Skim","Tempest"],"picked":"Streamline","floor":7},{"not_picked":["FTL","Aggregate"],"picked":"Defragment","floor":10},{"not_picked":["Reinforced Body","Scrape"],"picked":"Cold Snap","floor":13},{"not_picked":["Rainbow","All For One"],"picked":"Creative AI","floor":16},{"not_picked":["Barrage","Static Discharge"],"picked":"Defragment+1","floor":18},{"not_picked":["Sweeping Beam","Streamline","Cold Snap"],"picked":"SKIP","floor":21},{"not_picked":["Ball Lightning+1","Hologram"],"picked":"Redo+1","floor":22},{"not_picked":["Lockon","Chaos","Hello World"],"picked":"SKIP","floor":23},{"not_picked":["Streamline+1","Multi-Cast"],"picked":"Leap","floor":24},{"not_picked":["Steam","Steam Power","Gash+1"],"picked":"SKIP","floor":25},{"not_picked":["FTL","Rebound","Go for the Eyes"],"picked":"SKIP","floor":30},{"not_picked":["Rebound","Biased Cognition","Hologram"],"picked":"SKIP","floor":31},{"not_picked":["Creative AI","Buffer"],"picked":"Fission","floor":33},{"not_picked":["Ball Lightning+1","Gash+1","Compile Driver"],"picked":"SKIP","floor":35},{"not_picked":["Glacier","Reinforced Body"],"picked":"Leap+1","floor":37},{"not_picked":["Hello World+1","FTL+1","Rebound"],"picked":"SKIP","floor":38},{"not_picked":["Leap+1","Streamline+1","Barrage"],"picked":"SKIP","floor":45},{"not_picked":["Rip and Tear+1","Steam"],"picked":"Buffer","floor":47}],"player_experience":297354,"relics_obtained":[{"floor":9,"key":"Juzu Bracelet"},{"floor":13,"key":"Gremlin Horn"},{"floor":14,"key":"Boot"},{"floor":22,"key":"Red Mask"},{"floor":23,"key":"Vajra"},{"floor":26,"key":"Ancient Tea Set"},{"floor":43,"key":"Mummified Hand"}],"event_choices":[{"event_name":"Golden Wing","player_choice":"Card Removal","floor":3,"damage_taken":0},{"event_name":"Living Wall","player_choice":"Grow","floor":4,"damage_taken":0},{"event_name":"Shining Light","player_choice":"Entered Light","floor":11,"damage_taken":0},{"event_name":"Accursed Blacksmith","player_choice":"Forge","floor":12,"damage_taken":0},{"event_name":"Ghosts","player_choice":"Ignored","floor":20,"damage_taken":0},{"event_name":"Masked Bandits","player_choice":"Fought over 113 gold","floor":22,"damage_taken":0},{"event_name":"The Library","player_choice":"Heal","floor":28,"damage_taken":0},{"event_name":"Drug Dealer","player_choice":"Ignored","floor":29,"damage_taken":0},{"event_name":"The Moai Head","player_choice":"Heal","floor":39,"damage_taken":0},{"event_name":"Winding Halls","player_choice":"Writhe","floor":46,"damage_taken":0},{"event_name":"Falling","player_choice":"Removed Skill","floor":48,"damage_taken":0}],"boss_relics":[{"not_picked":["Philosopher\u0027s Stone","Tiny House"],"picked":"Coffee Dripper"},{"not_picked":["Busted Crown","Runic Dome"],"picked":"Snecko Eye"}],"items_purged_floors":[5,19,36],"is_endless":false,"potions_floor_spawned":[2,7,13,16,18,22,25,35,38,47],"ascension_level":1}