{"path_per_floor":["M","$","?","M","?","E","M","R","T","R","?","T","M","M","R","B",null,"M","M","M","$","M","R","E","?","T","R","E","R","$","M","R","B",null,"M","M","?","M","$","R","E","?","T","E","$","R","E","M","R","B"],"character_chosen":"THE_SILENT","items_purchased":["Noxious Fumes","Footwork","Snake Skull","Medical Kit","Paper Crane","Energy Potion"],"gold_per_floor":[110,31,31,51,1,39,53,53,53,53,53,53,76,100,100,229,229,245,258,283,172,185,185,229,154,154,154,188,188,38,59,59,183,183,204,222,555,574,278,278,308,308,308,340,30,30,58,74,74,74],"floor_reached":51,"campfire_rested":3,"playtime":4058,"current_hp_per_floor":[70,70,53,53,53,53,51,51,51,51,51,51,49,58,58,17,70,60,52,42,42,37,58,53,53,67,67,17,42,42,14,39,34,84,84,68,68,70,70,70,69,69,69,78,78,78,84,84,84,63],"items_purged":["Strike_G","Neutralize"],"gold":74,"play_id":"b90b6d59-28a5-43a9-a0f3-cbb8526a851a","is_prod":false,"is_daily":false,"is_ascension_mode":true,"campfire_upgraded":4,"path_taken":["M","$","?","M","?","E","M","R","T","R","?","?","M","M","R","BOSS","M","M","M","$","M","R","E","?","T","R","E","R","$","M","R","BOSS","M","M","?","M","$","R","E","?","T","E","$","R","E","?","R","BOSS"],"build_version":"2018-02-01-PROD3","purchased_purges":2,"victory":true,"master_deck":["Defend_G","Defend_G","Defend_G","Defend_G","Survivor","Noxious Fumes+1","Deflect","Prepared","Corpse Explosion+1","Catalyst+1","Bouncing Flask","Blur","Escape Plan+1","Footwork+1","Deflect","Blur","Blur+1","After Image","Leg Sweep+1","Footwork+1","Well Laid Plans","Backflip+1"],"max_hp_per_floor":[70,70,70,70,70,70,70,70,70,70,70,70,70,70,70,70,70,70,70,70,70,70,70,70,70,84,84,84,84,84,84,84,84,84,84,84,84,84,84,84,84,84,84,84,84,84,84,84,84,84],"relics":["Ring of the Snake","NeowsBlessing","Tingsha","Peace Pipe","Bird Faced Urn","Orrery","Kunai","Mango","Happy Flower","Snake Skull","The Specimen","Medical Kit","Calipers","Matryoshka","Orichalcum","Paper Crane","Ornamental Fan"],"card_choices":[{"not_picked":["Dagger Throw","Quick Slash"],"picked":"Deflect"},{"not_picked":["Glass Knife","Deadly Poison"],"picked":"Prepared"},{"not_picked":["Envenom","Die Die Die"],"picked":"Corpse Explosion"},{"not_picked":["PiercingWail","Dagger Spray"],"picked":"Catalyst"},{"not_picked":["Prepared","Cloak And Dagger"],"picked":"Bouncing Flask"},{"not_picked":["Acrobatics","Storm of Steel"],"picked":"Blur"},{"not_picked":["Cloak And Dagger","Predator"],"picked":"Escape Plan"},{"not_picked":["Acrobatics","Endless Agony"],"picked":"Deflect"},{"not_picked":["Well Laid Plans","Bullet Time"],"picked":"Blur"},{"not_picked":["Dagger Throw","PiercingWail"],"picked":"Blur"},{"not_picked":["Night Terror","Glass Knife"],"picked":"After Image"},{"not_picked":["Deflect","Slice"],"picked":"Leg Sweep"},{"not_picked":["Acrobatics","Blade Dance"],"picked":"Footwork"},{"not_picked":["Outmaneuver","Dagger Throw"],"picked":"Well Laid Plans"},{"not_picked":["Deflect","Acrobatics"],"picked":"Backflip"}],"player_experience":119996,"potions_floor_usage":[14,16,22,24,24,38,47,50,50],"damage_taken":[{"damage":0,"enemies":"2 Louse","floor":1,"turns":1},{"damage":0,"enemies":"Jaw Worm","floor":4,"turns":1},{"damage":0,"enemies":"Gremlin Nob","floor":6,"turns":1},{"damage":2,"enemies":"Small Slimes","floor":7,"turns":5},{"damage":4,"enemies":"Looter","floor":13,"turns":4},{"damage":2,"enemies":"3 Louse","floor":14,"turns":3},{"damage":43,"enemies":"Hexaghost","floor":16,"turns":13},{"damage":10,"enemies":"Spheric Guardian","floor":18,"turns":4},{"damage":10,"enemies":"Chosen","floor":19,"turns":5},{"damage":12,"enemies":"Centurion and Healer","floor":20,"turns":9},{"damage":9,"enemies":"Sentry and Sphere","floor":22,"turns":6},{"damage":9,"enemies":"Book of Stabbing","floor":24,"turns":7},{"damage":54,"enemies":"Slavers","floor":28,"turns":8},{"damage":32,"enemies":"3 Cultists","floor":31,"turns":7},{"damage":9,"enemies":"Champ","floor":33,"turns":11},{"damage":0,"enemies":"Orb Walker","floor":35,"turns":7},{"damage":16,"enemies":"3 Shapes","floor":36,"turns":5},{"damage":4,"enemies":"Maw","floor":38,"turns":10},{"damage":9,"enemies":"Nemesis","floor":41,"turns":10},{"damage":1,"enemies":"Giant Head","floor":44,"turns":11},{"damage":2,"enemies":"2 Orb Walkers","floor":47,"turns":5},{"damage":0,"enemies":"4 Shapes","floor":48,"turns":5},{"damage":29,"enemies":"Donu and Deca","floor":50,"turns":10}],"event_choices":[{"event_name":"Golden Idol","player_choice":"Take Damage","floor":3,"damage_taken":0},{"event_name":"The Cleric","player_choice":"Card Removal","floor":5,"damage_taken":0},{"event_name":"Shining Light","player_choice":"Ignored","floor":11,"damage_taken":0},{"event_name":"Beggar","player_choice":"Gave Gold","floor":25,"damage_taken":0},{"event_name":"The Moai Head","player_choice":"Gave Idol","floor":37,"damage_taken":0},{"event_name":"Tomb of Lord Red Mask","player_choice":"Ignored","floor":42,"damage_taken":0}],"boss_relics":[{"not_picked":["Black Star","Runic Dome"],"picked":"Orrery"},{"not_picked":["Tiny House","Runic Pyramid"],"picked":"The Specimen"}],"potions_floor_spawned":[4,7,19,20,22,33,36,44,48],"seed_played":"6026667950586755882","ascension_level":1,"is_trial":false}