{"gold_per_floor":[116,41,121,121,139,139,151,186,186,216,216,230,259,259,259,363,363,376,396,396,412,69,94,106,106,130,141,141,151,151,165,165,269,269,285,1284,1244,489,509,509],"floor_reached":40,"playtime":2013,"items_purged":["Strike_R","Normality"],"score":646,"play_id":"d4192ce4-d619-4fa5-88ea-708494b2e4e4","local_time":"20190413082021","is_ascension_mode":true,"campfire_choices":[{"data":"Carnage","floor":6.0,"key":"SMITH"},{"data":"Bash","floor":11.0,"key":"SMITH"},{"data":"Disarm","floor":15.0,"key":"SMITH"},{"data":"RitualDagger","floor":25,"key":"SMITH"},{"data":"Dark Embrace","floor":28,"key":"SMITH"},{"floor":32,"key":"RECALL"}],"neow_cost":"NONE","seed_source_timestamp":0,"circlet_count":0,"master_deck":["Strike_R","Strike_R","Strike_R","Defend_R","Defend_R","Defend_R","Defend_R","Bash+1","Carnage+1","Warcry","Metallicize","Disarm+1","Ghostly Armor","Brutality","RitualDagger+1","Inflame+1","Dark Embrace+1","Impervious","Normality","Heavy Blade+1"],"special_seed":0,"relics":["Burning Blood","NeowsBlessing","Darkstone Periapt","Boot","Pocketwatch","Mercury Hourglass","Turnip","Velvet Choker","PreservedInsect","ClockworkSouvenir","Incense Burner","Blood Vial","Frozen Egg 2","Black Star","OrangePellets","Gambling Chip","Strawberry"],"potions_floor_usage":[23,23,33,33,33,40,40,40,40],"damage_taken":[{"damage":0.0,"enemies":"Cultist","floor":1.0,"turns":1.0},{"damage":0.0,"enemies":"Small Slimes","floor":5.0,"turns":1.0},{"damage":0.0,"enemies":"2 Louse","floor":7.0,"turns":1.0},{"damage":8.0,"enemies":"Gremlin Nob","floor":8.0,"turns":3.0},{"damage":20.0,"enemies":"Lagavulin","floor":10.0,"turns":6.0},{"damage":0.0,"enemies":"Exordium Wildlife","floor":12.0,"turns":2.0},{"damage":14.0,"enemies":"3 Sentries","floor":13.0,"turns":5.0},{"damage":24.0,"enemies":"Hexaghost","floor":16.0,"turns":13.0},{"damage":0,"enemies":"3 Byrds","floor":18,"turns":6},{"damage":4,"enemies":"Spheric Guardian","floor":19,"turns":5},{"damage":10,"enemies":"Shelled Parasite and Fungi","floor":21,"turns":10},{"damage":4,"enemies":"Slavers","floor":23,"turns":5},{"damage":0,"enemies":"Sentry and Sphere","floor":24,"turns":12},{"damage":10,"enemies":"Snake Plant","floor":27,"turns":4},{"damage":0,"enemies":"Snecko","floor":29,"turns":5},{"damage":10,"enemies":"Centurion and Healer","floor":31,"turns":5},{"damage":67,"enemies":"Automaton","floor":33,"turns":16},{"damage":27,"enemies":"3 Darklings","floor":35,"turns":8},{"damage":7,"enemies":"Orb Walker","floor":39,"turns":4},{"damage":75,"enemies":"Giant Head","floor":40,"turns":8}],"seed_played":"678004499999927272","potions_obtained":[{"floor":1.0,"key":"BloodPotion"},{"floor":7.0,"key":"PowerPotion"},{"floor":10.0,"key":"LiquidBronze"},{"floor":16.0,"key":"FearPotion"},{"floor":19,"key":"SkillPotion"},{"floor":24,"key":"AttackPotion"},{"floor":27,"key":"Weak Potion"},{"floor":33,"key":"SkillPotion"},{"floor":37,"key":"EntropicBrew"},{"floor":37,"key":"AttackPotion"}],"is_trial":false,"path_per_floor":["M","$","T","?","M","R","M","E","T","E","R","M","E","?","R","B",null,"M","M","?","M","$","E","M","R","T","M","R","M","T","M","R","B",null,"M","?","?","$","M","E"],"character_chosen":"IRONCLAD","items_purchased":["PreservedInsect","ClockworkSouvenir","OrangePellets","Gambling Chip","Strawberry"],"campfire_rested":0,"item_purchase_floors":[22,22,38,38,38],"current_hp_per_floor":[78,78,78,78,80,80,80,78,78,64,64,70,62,62,62,44,71,77,79,73,69,69,71,77,77,77,75,75,80,80,76,76,25,66,47,59,59,66,67,0],"gold":509,"neow_bonus":"THREE_ENEMY_KILL","is_prod":false,"is_daily":false,"chose_seed":false,"campfire_upgraded":5,"win_rate":0,"timestamp":1555158021,"path_taken":["M","$","?","?","M","R","M","E","T","E","R","M","E","?","R","BOSS","M","M","?","M","$","E","M","R","T","M","R","M","?","M","R","BOSS","M","?","?","$","?","E"],"build_version":"2019-01-23","purchased_purges":2,"victory":false,"max_hp_per_floor":[80,80,80,80,80,80,80,80,80,80,80,80,80,80,80,80,80,80,80,80,80,80,80,80,80,80,80,80,80,80,80,80,80,80,80,92,92,99,99,99],"card_choices":[{"not_picked":["Feel No Pain","Hemokinesis"],"picked":"Carnage","floor":1.0},{"not_picked":["Clothesline","True Grit","Combust"],"picked":"SKIP","floor":5.0},{"not_picked":["Armaments","Perfected Strike","Havoc"],"picked":"SKIP","floor":7.0},{"not_picked":["Shockwave","Twin Strike","Bloodletting"],"picked":"SKIP","floor":8.0},{"not_picked":["Pommel Strike","Clash"],"picked":"Metallicize","floor":10.0},{"not_picked":["Carnage","Hemokinesis"],"picked":"Disarm","floor":12.0},{"not_picked":["Flex","Heavy Blade"],"picked":"Ghostly Armor","floor":13.0},{"not_picked":["Bludgeon","Exhume"],"picked":"Brutality","floor":16.0},{"not_picked":["Warcry","Sentinel","Thunderclap"],"picked":"SKIP","floor":18},{"not_picked":["Clash","Thunderclap","Fire Breathing"],"picked":"SKIP","floor":19},{"not_picked":["Armaments+1","Sentinel","Hemokinesis"],"picked":"SKIP","floor":21},{"not_picked":["Fire Breathing","Pommel Strike+1"],"picked":"Inflame+1","floor":23},{"not_picked":["True Grit","Corruption"],"picked":"Dark Embrace","floor":24},{"not_picked":["Flex","Anger+1","Clothesline"],"picked":"SKIP","floor":27},{"not_picked":["Whirlwind","Twin Strike","Warcry"],"picked":"SKIP","floor":29},{"not_picked":["Bludgeon","Havoc","Sword Boomerang"],"picked":"SKIP","floor":31},{"not_picked":["Bludgeon","Havoc","Sword Boomerang"],"picked":"SKIP","floor":31},{"not_picked":["Demon Form+1","Double Tap"],"picked":"Impervious","floor":33},{"not_picked":["Armaments","Headbutt","Clash+1"],"picked":"SKIP","floor":35},{"not_picked":["Iron Wave+1","Corruption+1"],"picked":"Heavy Blade+1","floor":39}],"player_experience":492203,"relics_obtained":[{"floor":3.0,"key":"Darkstone Periapt"},{"floor":8.0,"key":"Boot"},{"floor":9.0,"key":"Pocketwatch"},{"floor":10.0,"key":"Mercury Hourglass"},{"floor":13.0,"key":"Turnip"},{"floor":23,"key":"Incense Burner"},{"floor":26,"key":"Blood Vial"},{"floor":30,"key":"Frozen Egg 2"}],"event_choices":[{"damage_healed":0.0,"max_hp_gain":0.0,"max_hp_loss":0.0,"gold_gain":0.0,"cards_transformed":["Strike_R"],"event_name":"Living Wall","player_choice":"Change","floor":4.0,"gold_loss":0.0,"damage_taken":0.0,"cards_obtained":["Warcry"]},{"damage_healed":0.0,"max_hp_gain":0.0,"max_hp_loss":0.0,"gold_gain":0.0,"event_name":"Liars Game","player_choice":"Ignored","floor":14.0,"gold_loss":0.0,"damage_taken":0.0},{"damage_healed":0,"gold_gain":0,"player_choice":"Joined the Cult","damage_taken":6,"max_hp_gain":0,"max_hp_loss":0,"event_name":"Nest","floor":20,"gold_loss":0,"cards_obtained":["RitualDagger"]},{"damage_healed":0,"gold_gain":999,"player_choice":"Gold","damage_taken":0,"max_hp_gain":0,"max_hp_loss":0,"event_name":"MindBloom","floor":36,"gold_loss":0,"cards_obtained":["Normality","Normality"]},{"damage_healed":0,"gold_gain":0,"player_choice":"Bought 3 Potions","damage_taken":0,"max_hp_gain":0,"max_hp_loss":0,"event_name":"The Woman in Blue","floor":37,"gold_loss":0}],"is_beta":false,"boss_relics":[{"not_picked":["Coffee Dripper","Pandora\u0027s Box"],"picked":"Velvet Choker"},{"not_picked":["Runic Dome","Snecko Eye"],"picked":"Black Star"}],"items_purged_floors":[2,38],"is_endless":false,"potions_floor_spawned":[1,7,10,16,19,24,27,31,33],"killed_by":"Giant Head","ascension_level":8}