{"gold_per_floor":[113,113,133,208,225,258,258,270,294,329,329],"floor_reached":11,"playtime":436,"items_purged":[],"score":158,"play_id":"474f176c-7aa8-44af-adc7-97fca7f3dda5","local_time":"20190317160205","is_ascension_mode":true,"campfire_choices":[{"floor":7,"key":"REST"}],"neow_cost":"TEN_PERCENT_HP_LOSS","seed_source_timestamp":339460595704754,"circlet_count":0,"master_deck":["AscendersBane","Strike_B","Strike_B+1","Strike_B+1","Strike_B","Defend_B","Defend_B","Defend_B","Defend_B","Zap","Dualcast","Buffer","Cold Snap","Cold Snap","FTL","Consume","Capacitor","Genetic Algorithm","Sunder"],"relics":["Cracked Core","Smiling Mask","Whetstone","PreservedInsect"],"potions_floor_usage":[6,10],"damage_taken":[{"damage":25,"enemies":"Small Slimes","floor":1,"turns":5},{"damage":0,"enemies":"Cultist","floor":3,"turns":4},{"damage":0,"enemies":"Jaw Worm","floor":5,"turns":3},{"damage":18,"enemies":"3 Sentries","floor":6,"turns":9},{"damage":14,"enemies":"Large Slime","floor":8,"turns":7},{"damage":14,"enemies":"Lagavulin","floor":10,"turns":7},{"damage":8,"enemies":"Blue Slaver","floor":11,"turns":1}],"seed_played":"2985554055495869191","potions_obtained":[{"floor":3,"key":"Dexterity Potion"},{"floor":6,"key":"Energy Potion"},{"floor":10,"key":"Ancient Potion"}],"is_trial":false,"path_per_floor":["M","?","M","?","M","E","R","M","T","E","M"],"character_chosen":"DEFECT","items_purchased":[],"campfire_rested":1,"item_purchase_floors":[],"current_hp_per_floor":[39,39,39,28,28,10,29,15,15,1,0],"gold":329,"neow_bonus":"THREE_RARE_CARDS","is_prod":false,"is_daily":false,"chose_seed":false,"campfire_upgraded":0,"win_rate":0,"timestamp":1552852925,"path_taken":["M","?","?","?","M","E","R","M","T","E","M"],"build_version":"2019-01-23","purchased_purges":0,"victory":false,"max_hp_per_floor":[64,64,64,64,64,64,64,64,64,64,64],"card_choices":[{"not_picked":["Amplify","Meteor Strike"],"picked":"Buffer","floor":0},{"not_picked":["Chill","Turbo"],"picked":"Cold Snap","floor":1},{"not_picked":["Hologram","Reinforced Body"],"picked":"FTL","floor":3},{"not_picked":["Steam Power","Aggregate"],"picked":"Consume","floor":5},{"not_picked":["Loop","Beam Cell"],"picked":"Capacitor","floor":6},{"not_picked":["Melter","Turbo"],"picked":"Genetic Algorithm","floor":8},{"not_picked":["Sweeping Beam","Coolheaded"],"picked":"Sunder","floor":10}],"player_experience":447337,"relics_obtained":[{"floor":6,"key":"Smiling Mask"},{"floor":9,"key":"Whetstone"},{"floor":10,"key":"PreservedInsect"}],"event_choices":[{"damage_healed":0,"gold_gain":0,"player_choice":"1 cards matched","damage_taken":0,"max_hp_gain":0,"max_hp_loss":0,"event_name":"Match and Keep!","floor":2,"gold_loss":0,"cards_obtained":["Cold Snap"]},{"damage_healed":0,"gold_gain":75,"player_choice":"Gather Gold","damage_taken":11,"max_hp_gain":0,"max_hp_loss":0,"event_name":"World of Goop","floor":4,"gold_loss":0}],"is_beta":false,"boss_relics":[],"items_purged_floors":[],"is_endless":false,"potions_floor_spawned":[3,6,10],"killed_by":"Blue Slaver","ascension_level":18}