{"gold_per_floor":[115,115,131,144,163,163,193,209,209,229,247,247,247,1,1,78,78,78,78,78,28,28,28,28,28,28,28,28,28,28,28,28,28],"floor_reached":33,"playtime":1345,"items_purged":["Strike_B","Strike_B"],"score":478,"play_id":"9b055e5c-fc4e-4298-b925-4caf7dfedcb2","local_time":"20180817202924","is_ascension_mode":true,"campfire_choices":[{"data":"Ball Lightning","floor":6,"key":"SMITH"},{"data":"Apotheosis","floor":15,"key":"SMITH"},{"data":"Chill","floor":23,"key":"SMITH"},{"floor":25,"key":"REST"},{"data":"Glacier","floor":27,"key":"SMITH"},{"floor":32,"key":"REST"}],"neow_cost":"TEN_PERCENT_HP_LOSS","seed_source_timestamp":10250092227403,"circlet_count":0,"master_deck":["Strike_B","Defend_B","Defend_B","Defend_B","Zap","Dualcast","AscendersBane","Auto Shields","Zap","Thunder Strike","Glacier+1","Ball Lightning+1","Self Repair","Turbo","Go for the Eyes","Beam Cell","Hologram","Apotheosis+1","Echo Form","Tempest","Chill+1","Hologram+1","Conserve Battery","Lockon","BootSequence","Skim","Conserve Battery"],"relics":["Cracked Core","Smiling Mask","Question Card","Ectoplasm","Matryoshka","Vajra","Art of War"],"potions_floor_usage":[7,16,18,24,29,29,33],"damage_taken":[{"damage":8,"enemies":"2 Louse","floor":1,"turns":2},{"damage":1,"enemies":"Cultist","floor":3,"turns":4},{"damage":1,"enemies":"Jaw Worm","floor":4,"turns":3},{"damage":6,"enemies":"2 Fungi Beasts","floor":5,"turns":4},{"damage":20,"enemies":"Gremlin Nob","floor":7,"turns":4},{"damage":2,"enemies":"Blue Slaver","floor":8,"turns":4},{"damage":2,"enemies":"3 Louse","floor":10,"turns":4},{"damage":1,"enemies":"Looter","floor":11,"turns":4},{"damage":26,"enemies":"Hexaghost","floor":16,"turns":9},{"damage":25,"enemies":"Chosen","floor":18,"turns":5},{"damage":11,"enemies":"Shell Parasite","floor":19,"turns":4},{"damage":21,"enemies":"Centurion and Healer","floor":20,"turns":7},{"damage":0,"enemies":"Sentry and Sphere","floor":22,"turns":4},{"damage":15,"enemies":"Gremlin Leader","floor":24,"turns":4},{"damage":33,"enemies":"Cultist and Chosen","floor":29,"turns":7},{"damage":16,"enemies":"Snake Plant","floor":30,"turns":5},{"damage":6,"enemies":"Centurion and Healer","floor":31,"turns":6},{"damage":48,"enemies":"Collector","floor":33,"turns":6}],"seed_played":"-2283970683902355855","potions_obtained":[{"floor":1,"key":"Energy Potion"},{"floor":4,"key":"SkillPotion"},{"floor":8,"key":"PowerPotion"},{"floor":16,"key":"FocusPotion"},{"floor":19,"key":"Swift Potion"},{"floor":24,"key":"Regen Potion"},{"floor":30,"key":"Weak Potion"}],"is_trial":false,"path_per_floor":["M","?","M","M","M","R","E","M","T","M","M","?","?","$","R","B",null,"M","M","M","$","M","R","E","R","T","R","?","M","M","M","R"],"character_chosen":"DEFECT","items_purchased":["Apotheosis"],"campfire_rested":2,"item_purchase_floors":[14],"current_hp_per_floor":[56,56,55,54,48,48,35,40,40,45,51,51,47,47,47,28,55,37,40,29,29,29,29,14,33,33,33,33,19,10,24,43,0],"gold":28,"neow_bonus":"REMOVE_TWO","is_prod":false,"is_daily":false,"chose_seed":false,"campfire_upgraded":4,"win_rate":0,"timestamp":1534552164,"path_taken":["M","?","M","M","M","R","E","M","T","M","M","?","?","?","R","BOSS","M","M","M","$","M","R","E","R","T","R","?","M","M","M","R","BOSS"],"build_version":"2018-08-16","purchased_purges":2,"victory":false,"max_hp_per_floor":[64,64,64,64,64,64,64,64,64,64,64,64,64,64,64,64,64,64,64,64,64,64,64,64,64,64,64,64,64,64,64,64,64],"card_choices":[{"not_picked":["Darkness","Turbo"],"picked":"Auto Shields","floor":1},{"not_picked":["Coolheaded","Consume"],"picked":"Glacier","floor":3},{"not_picked":["Coolheaded","Hologram"],"picked":"Ball Lightning","floor":4},{"not_picked":["Sweeping Beam","Go for the Eyes"],"picked":"Self Repair","floor":5},{"not_picked":["Redo","Double Energy"],"picked":"Turbo","floor":7},{"not_picked":["Static Discharge","Amplify"],"picked":"Go for the Eyes","floor":8},{"not_picked":["Hologram","Barrage","Compile Driver"],"picked":"Beam Cell","floor":10},{"not_picked":["Sunder","Sweeping Beam","Steam Power"],"picked":"Hologram","floor":11},{"not_picked":["Multi-Cast","Fission","Thunder Strike"],"picked":"Echo Form","floor":16},{"not_picked":["Leap","Sweeping Beam","Redo"],"picked":"Tempest","floor":18},{"not_picked":["Compile Driver","Conserve Battery","Coolheaded"],"picked":"Chill","floor":19},{"not_picked":["Barrage","Cold Snap","Beam Cell"],"picked":"Hologram+1","floor":20},{"not_picked":["Capacitor","Compile Driver","Coolheaded"],"picked":"Conserve Battery","floor":22},{"not_picked":["Skim","Turbo","FTL"],"picked":"Lockon","floor":24},{"not_picked":["Sweeping Beam","Streamline","Seek"],"picked":"BootSequence","floor":29},{"not_picked":["Sweeping Beam","Hologram","Redo"],"picked":"Skim","floor":30},{"not_picked":["Heatsinks","Steam Power","Beam Cell"],"picked":"Conserve Battery","floor":31}],"player_experience":587395,"relics_obtained":[{"floor":7,"key":"Smiling Mask"},{"floor":9,"key":"Question Card"},{"floor":24,"key":"Matryoshka"},{"floor":26,"key":"Vajra"},{"floor":26,"key":"Art of War"}],"event_choices":[{"event_name":"Match and Keep!","player_choice":"2 cards matched","floor":2,"damage_taken":0},{"event_name":"Liars Game","player_choice":"disagreed","floor":12,"damage_taken":0},{"event_name":"The Woman in Blue","player_choice":"Bought 0 Potions","floor":13,"damage_taken":0},{"event_name":"Cursed Tome","player_choice":"Ignored","floor":28,"damage_taken":0}],"is_beta":false,"boss_relics":[{"not_picked":["Snecko Eye","Tiny House"],"picked":"Ectoplasm"}],"items_purged_floors":[14,21],"is_endless":false,"potions_floor_spawned":[1,4,8,10,16,19,24,30],"killed_by":"Collector","ascension_level":15}