{"gold_per_floor":[117,136,211,211,230,230,261,231,283,308,57,57,74,85,85,160,160,180,0,15,35,35,35,35,35,59,71,97,109,136,165,177,189],"floor_reached":33,"playtime":957,"items_purged":[],"score":450,"play_id":"add0551f-4918-449d-a68e-7c343c60822f","local_time":"20181201223306","is_ascension_mode":true,"campfire_choices":[{"data":"Bash","floor":6,"key":"SMITH"},{"data":"Flash of Steel","floor":12,"key":"SMITH"},{"data":"Iron Wave","floor":15,"key":"SMITH"},{"floor":23,"key":"REST"},{"data":"Armaments","floor":25,"key":"SMITH"},{"data":"Heavy Blade","floor":29,"key":"SMITH"},{"floor":32,"key":"REST"}],"neow_cost":"NONE","seed_source_timestamp":952731498440033,"circlet_count":0,"master_deck":["AscendersBane","Strike_R","Strike_R","Strike_R","Strike_R","Defend_R","Defend_R","Defend_R","Defend_R","Bash+1","Sever Soul","Pommel Strike","Hemokinesis","Battle Trance","Iron Wave+1","Spot Weakness","Flash of Steel+1","Shrug It Off","Twin Strike","Juggernaut","Cleave+1","Iron Wave","Armaments+1","RitualDagger","Heavy Blade+1","Metallicize","True Grit"],"relics":["Burning Blood","Ancient Tea Set","Anchor","Shuriken","Lantern","Philosopher\u0027s Stone","MawBank","Question Card"],"potions_floor_usage":[10,10,21,33,33],"damage_taken":[{"damage":7,"enemies":"Jaw Worm","floor":1,"turns":3},{"damage":8,"enemies":"2 Louse","floor":2,"turns":2},{"damage":9,"enemies":"Cultist","floor":5,"turns":3},{"damage":35,"enemies":"Gremlin Nob","floor":7,"turns":4},{"damage":20,"enemies":"3 Sentries","floor":10,"turns":6},{"damage":0,"enemies":"2 Fungi Beasts","floor":13,"turns":1},{"damage":0,"enemies":"3 Louse","floor":14,"turns":3},{"damage":11,"enemies":"Hexaghost","floor":16,"turns":9},{"damage":3,"enemies":"Chosen","floor":18,"turns":3},{"damage":23,"enemies":"2 Thieves","floor":20,"turns":4},{"damage":3,"enemies":"Chosen and Byrds","floor":21,"turns":4},{"damage":3,"enemies":"Cultist and Chosen","floor":28,"turns":4},{"damage":31,"enemies":"Snecko","floor":30,"turns":6},{"damage":11,"enemies":"Centurion and Healer","floor":31,"turns":8},{"damage":33,"enemies":"Champ","floor":33,"turns":7}],"seed_played":"3769870933002251494","potions_obtained":[{"floor":8,"key":"Block Potion"},{"floor":8,"key":"Strength Potion"},{"floor":10,"key":"Fire Potion"},{"floor":14,"key":"GamblersBrew"},{"floor":28,"key":"LiquidBronze"}],"is_trial":false,"path_per_floor":["M","M","?","?","M","R","E","?","T","E","$","R","M","M","R","B",null,"M","?","M","M","?","R","?","R","T","T","M","R","M","M","R","B"],"character_chosen":"IRONCLAD","items_purchased":["Flash of Steel","Lantern"],"campfire_rested":2,"item_purchase_floors":[11,11],"current_hp_per_floor":[67,65,54,54,51,51,22,22,22,8,8,8,14,20,20,15,60,63,63,46,49,28,52,46,46,46,46,49,49,24,19,43,10],"gold":189,"neow_bonus":"TRANSFORM_CARD","is_prod":false,"is_daily":false,"chose_seed":false,"campfire_upgraded":5,"win_rate":0,"timestamp":1543721586,"path_taken":["M","M","?","?","M","R","E","?","T","E","$","R","M","?","R","BOSS","M","?","M","M","?","R","?","R","T","?","M","R","M","M","R","BOSS"],"build_version":"2018-11-15","purchased_purges":0,"victory":false,"max_hp_per_floor":[75,75,75,75,75,75,75,75,75,75,75,75,75,75,75,75,75,75,75,75,75,80,80,80,80,80,80,80,80,80,80,80,80],"card_choices":[{"not_picked":["Heavy Blade","Anger"],"picked":"Pommel Strike","floor":1},{"not_picked":["Thunderclap","Bloodletting"],"picked":"Hemokinesis","floor":2},{"not_picked":["Anger","Heavy Blade"],"picked":"Battle Trance","floor":5},{"not_picked":["Shrug It Off","Headbutt"],"picked":"Iron Wave","floor":7},{"not_picked":["Wild Strike","Clothesline"],"picked":"Spot Weakness","floor":10},{"not_picked":["Sword Boomerang","Armaments"],"picked":"Shrug It Off","floor":13},{"not_picked":["Wild Strike","Entrench"],"picked":"Twin Strike","floor":14},{"not_picked":["Offering","Demon Form"],"picked":"Juggernaut","floor":16},{"not_picked":["Clash+1","Twin Strike"],"picked":"Cleave+1","floor":18},{"not_picked":["Warcry","Seeing Red"],"picked":"Iron Wave","floor":20},{"not_picked":["Thunderclap","Uppercut"],"picked":"Armaments","floor":21},{"not_picked":["Feel No Pain+1","Thunderclap","Bloodletting"],"picked":"Heavy Blade","floor":28},{"not_picked":["Rage","Blood for Blood","Disarm"],"picked":"Metallicize","floor":30},{"not_picked":["Sword Boomerang","Sentinel","Power Through"],"picked":"True Grit","floor":31}],"player_experience":954061,"relics_obtained":[{"floor":7,"key":"Ancient Tea Set"},{"floor":9,"key":"Anchor"},{"floor":10,"key":"Shuriken"},{"floor":26,"key":"MawBank"},{"floor":27,"key":"Question Card"}],"event_choices":[{"damage_healed":0,"gold_gain":75,"player_choice":"Gather Gold","damage_taken":11,"max_hp_gain":0,"max_hp_loss":0,"event_name":"World of Goop","floor":3,"gold_loss":0},{"damage_healed":0,"gold_gain":0,"player_choice":"Ignored","damage_taken":0,"max_hp_gain":0,"max_hp_loss":0,"event_name":"Golden Idol","floor":4,"gold_loss":0},{"damage_healed":0,"gold_gain":0,"player_choice":"Bought 2 Potions","damage_taken":0,"max_hp_gain":0,"max_hp_loss":0,"event_name":"The Woman in Blue","floor":8,"gold_loss":0},{"damage_healed":0,"gold_gain":0,"player_choice":"Paid Fearfully","damage_taken":0,"max_hp_gain":0,"max_hp_loss":0,"event_name":"Masked Bandits","floor":19,"gold_loss":180},{"damage_healed":0,"gold_gain":0,"player_choice":"Shed Blood","damage_taken":26,"max_hp_gain":5,"max_hp_loss":0,"event_name":"Forgotten Altar","floor":22,"gold_loss":0},{"damage_healed":0,"gold_gain":0,"player_choice":"Joined the Cult","damage_taken":6,"max_hp_gain":0,"max_hp_loss":0,"event_name":"Nest","floor":24,"gold_loss":0,"cards_obtained":["RitualDagger"]}],"is_beta":false,"boss_relics":[{"not_picked":["White Beast Statue","Runic Cube"],"picked":"Philosopher\u0027s Stone"}],"items_purged_floors":[],"is_endless":false,"potions_floor_spawned":[10,14,16,28,31],"killed_by":"Champ","ascension_level":15}