{"gold_per_floor":[118,134,134,152,77,77,111,111,141,15,115,115,128,157,157,157],"floor_reached":16,"playtime":587,"items_purged":["Strike_G"],"score":189,"play_id":"e97ca6d5-b776-499f-a6c1-47a118328a8f","local_time":"20180719214806","is_ascension_mode":true,"campfire_choices":[{"data":"Neutralize","floor":6.0,"key":"SMITH"},{"data":"Cloak And Dagger","floor":8,"key":"SMITH"},{"data":"Choke","floor":12,"key":"SMITH"},{"data":"Leg Sweep","floor":15,"key":"SMITH"}],"neow_cost":"","seed_source_timestamp":484111750359680,"circlet_count":0,"master_deck":["Defend_G","Defend_G","Defend_G","Defend_G","Strike_G","Strike_G","Strike_G","Survivor","Neutralize+1","AscendersBane","Choke+1","Leg Sweep+1","Slice","Cloak And Dagger+1","Backflip"],"special_seed":0,"relics":["Ring of the Snake","Ninja Scroll","Tiny Chest","Bag of Preparation"],"potions_floor_usage":[7,14,14],"damage_taken":[{"damage":0.0,"enemies":"Cultist","floor":1.0,"turns":4.0},{"damage":0.0,"enemies":"2 Louse","floor":2.0,"turns":2.0},{"damage":1.0,"enemies":"Small Slimes","floor":4.0,"turns":5.0},{"damage":29,"enemies":"Gremlin Nob","floor":7,"turns":5},{"damage":0,"enemies":"3 Louse","floor":13,"turns":4},{"damage":4,"enemies":"3 Sentries","floor":14,"turns":6},{"damage":30,"enemies":"Slime Boss","floor":16,"turns":9}],"seed_played":"7292636296320924441","potions_obtained":[{"floor":1.0,"key":"Dexterity Potion"},{"floor":7,"key":"SkillPotion"},{"floor":13,"key":"Regen Potion"}],"is_trial":false,"path_per_floor":["M","M","?","M","?","R","E","R","T","$","?","R","M","E","R"],"character_chosen":"THE_SILENT","items_purchased":["Explosive Potion"],"campfire_rested":0,"item_purchase_floors":[10],"current_hp_per_floor":[59,59,52,51,51,51,22,22,22,22,22,22,22,33,33,3],"gold":157,"neow_bonus":"","is_prod":false,"is_daily":false,"chose_seed":false,"campfire_upgraded":4,"win_rate":0,"timestamp":1532051286,"path_taken":["M","M","?","M","?","R","E","R","T","?","?","R","M","E","R","BOSS"],"build_version":"2018-07-19","purchased_purges":1,"victory":false,"max_hp_per_floor":[66,66,66,66,66,66,66,66,66,66,66,66,66,66,66,66],"card_choices":[{"not_picked":["Endless Agony","Deadly Poison"],"picked":"Choke","floor":1.0},{"not_picked":["Dodge and Roll","Poisoned Stab"],"picked":"Leg Sweep","floor":2.0},{"not_picked":["Sucker Punch","Quick Slash"],"picked":"Slice","floor":4.0},{"not_picked":["Backflip","Malaise"],"picked":"Cloak And Dagger","floor":7},{"not_picked":["Acrobatics","Slice"],"picked":"Backflip","floor":13},{"not_picked":["Unload","Heel Hook","Night Terror"],"picked":"SKIP","floor":14}],"player_experience":496388,"relics_obtained":[{"floor":7,"key":"Ninja Scroll"},{"floor":9,"key":"Tiny Chest"},{"floor":14,"key":"Bag of Preparation"}],"event_choices":[{"event_name":"Golden Wing","player_choice":"Card Removal","floor":3.0,"damage_taken":0.0},{"event_name":"The Cleric","player_choice":"Card Removal","floor":5.0,"damage_taken":0.0},{"event_name":"Wheel of Change","player_choice":"Gold","floor":11,"damage_taken":0}],"is_beta":false,"boss_relics":[],"items_purged_floors":[10],"is_endless":false,"potions_floor_spawned":[1,7,13],"killed_by":"Slime Boss","ascension_level":15}