{"gold_per_floor":[119,119,136,136,51,51,66,101,101,128,146,111,61,78,78,153,153,165,185,200,200,200,200,217,217,217,244,264,274,274,300,300,375,375,389,389,399,193,193,219,237,262,262,262],"floor_reached":44,"playtime":2524,"items_purged":["Strike_B","Strike_B"],"score":907,"play_id":"6f281ca5-50da-4c08-a7f8-e6249f98153b","local_time":"20190317211800","is_ascension_mode":true,"campfire_choices":[{"floor":6.0,"key":"REST"},{"data":"Coolheaded","floor":15.0,"key":"SMITH"},{"floor":23.0,"key":"REST"},{"data":"FTL","floor":25.0,"key":"SMITH"},{"floor":30.0,"key":"REST"},{"floor":32.0,"key":"REST"}],"neow_cost":"NONE","seed_source_timestamp":0,"circlet_count":0,"master_deck":["AscendersBane","Strike_B","Defend_B","Defend_B","Defend_B+1","Defend_B","Zap+1","Dualcast","Machine Learning","Ball Lightning","Steam","PanicButton","Auto Shields","Conserve Battery","Coolheaded+1","Core Surge","Sweeping Beam+1","FTL+1","Cold Snap","Glacier","All For One","Go for the Eyes+1","Creative AI","Cold Snap+1","Electrodynamics"],"special_seed":0,"relics":["FrozenCore","Smiling Mask","Shuriken","Bottled Tornado","Sozu","Enchiridion","Thread and Needle","Gambling Chip","Ginger","PreservedInsect","Kunai","Question Card"],"potions_floor_usage":[],"damage_taken":[{"damage":8.0,"enemies":"2 Louse","floor":1.0,"turns":2.0},{"damage":13.0,"enemies":"Small Slimes","floor":3.0,"turns":3.0},{"damage":2.0,"enemies":"Jaw Worm","floor":7.0,"turns":3.0},{"damage":20.0,"enemies":"3 Sentries","floor":8.0,"turns":8.0},{"damage":7.0,"enemies":"Gremlin Nob","floor":10.0,"turns":5.0},{"damage":8.0,"enemies":"Red Slaver","floor":11.0,"turns":3.0},{"damage":4.0,"enemies":"3 Louse","floor":14.0,"turns":3.0},{"damage":8.0,"enemies":"The Guardian","floor":16.0,"turns":12.0},{"damage":0.0,"enemies":"Shell Parasite","floor":18.0,"turns":8.0},{"damage":19.0,"enemies":"Spheric Guardian","floor":19.0,"turns":4.0},{"damage":4.0,"enemies":"3 Cultists","floor":20.0,"turns":5.0},{"damage":0.0,"enemies":"Sentry and Sphere","floor":24.0,"turns":4.0},{"damage":11.0,"enemies":"Slavers","floor":27.0,"turns":6.0},{"damage":3.0,"enemies":"Centurion and Healer","floor":28.0,"turns":8.0},{"damage":4.0,"enemies":"Shelled Parasite and Fungi","floor":29.0,"turns":7.0},{"damage":15.0,"enemies":"Book of Stabbing","floor":31.0,"turns":5.0},{"damage":8.0,"enemies":"Champ","floor":33.0,"turns":10.0},{"damage":0,"enemies":"3 Shapes","floor":35,"turns":6},{"damage":2,"enemies":"3 Darklings","floor":37,"turns":4},{"damage":30,"enemies":"Giant Head","floor":40,"turns":10},{"damage":0,"enemies":"Sphere and 2 Shapes","floor":41,"turns":9},{"damage":13,"enemies":"Reptomancer","floor":42,"turns":8},{"damage":29,"enemies":"Nemesis","floor":44,"turns":7}],"seed_played":"-7837293061385710515","potions_obtained":[{"floor":8.0,"key":"Weak Potion"},{"floor":11.0,"key":"Weak Potion"}],"is_trial":false,"path_per_floor":["M","?","M","?","$","R","M","E","T","E","M","?","$","M","R","B",null,"M","M","M","?","?","R","M","R","T","E","M","M","R","E","R","B",null,"M","?","M","$","?","E","M","E","T","E"],"character_chosen":"DEFECT","items_purchased":["PanicButton","PreservedInsect"],"campfire_rested":4,"item_purchase_floors":[5,38],"current_hp_per_floor":[56,61,48,25,25,47,45,25,25,18,10,29,29,25,25,17,61,61,42,38,17,17,39,39,39,39,28,25,21,43,28,50,42,68,68,68,66,66,66,36,36,23,23,0],"gold":262,"neow_bonus":"TRANSFORM_CARD","is_prod":false,"is_daily":false,"chose_seed":false,"campfire_upgraded":2,"win_rate":0,"timestamp":1552871880,"path_taken":["M","?","M","?","?","R","M","E","T","E","?","?","?","M","R","BOSS","M","M","M","?","?","R","M","R","T","E","?","?","R","E","R","BOSS","M","?","M","$","?","E","M","E","T","E"],"build_version":"2019-01-23","purchased_purges":2,"victory":false,"max_hp_per_floor":[71,76,76,76,76,76,76,76,76,76,76,76,76,76,76,76,76,76,76,76,76,76,76,76,76,76,76,76,76,76,76,76,76,76,76,72,72,72,72,72,72,72,72,72],"card_choices":[{"not_picked":["Rebound","Leap"],"picked":"Ball Lightning","floor":1.0},{"not_picked":["Redo","Compile Driver"],"picked":"Steam","floor":3.0},{"not_picked":["Meteor Strike","Redo"],"picked":"Auto Shields","floor":7.0},{"not_picked":["Compile Driver","Hyperbeam"],"picked":"Conserve Battery","floor":8.0},{"not_picked":["Leap","Buffer"],"picked":"Coolheaded","floor":10.0},{"not_picked":["Turbo","Compile Driver"],"picked":"FTL","floor":11.0},{"not_picked":["Steam","Stack","Chaos"],"picked":"SKIP","floor":14.0},{"not_picked":["Hyperbeam","Rainbow"],"picked":"Core Surge","floor":16.0},{"not_picked":["Barrage","Rebound"],"picked":"Sweeping Beam+1","floor":18.0},{"not_picked":["Rebound+1","Stack","Compile Driver"],"picked":"SKIP","floor":19.0},{"not_picked":["Streamline","Rebound","Aggregate"],"picked":"SKIP","floor":20.0},{"not_picked":["Compile Driver","Redo"],"picked":"Cold Snap","floor":24.0},{"not_picked":["Coolheaded","Static Discharge+1"],"picked":"Glacier","floor":27.0},{"not_picked":["Compile Driver","Scrape","Undo"],"picked":"SKIP","floor":28.0},{"not_picked":["Gash","Darkness"],"picked":"All For One","floor":29.0},{"not_picked":["Barrage","Double Energy"],"picked":"Go for the Eyes+1","floor":31.0},{"not_picked":["Fission","Buffer"],"picked":"Creative AI","floor":33.0},{"not_picked":["Stack+1","Ball Lightning"],"picked":"Cold Snap+1","floor":35},{"not_picked":["Tempest","Loop","Reprogram"],"picked":"SKIP","floor":37},{"not_picked":["Aggregate+1","Rip and Tear","Turbo"],"picked":"SKIP","floor":40},{"not_picked":["Stack","Gash+1","Beam Cell"],"picked":"SKIP","floor":41},{"not_picked":["Blizzard","Redo+1"],"picked":"Electrodynamics","floor":42}],"player_experience":1035841,"relics_obtained":[{"floor":8.0,"key":"Smiling Mask"},{"floor":9.0,"key":"Shuriken"},{"floor":10.0,"key":"Bottled Tornado"},{"floor":21.0,"key":"Enchiridion"},{"floor":26.0,"key":"Thread and Needle"},{"floor":27.0,"key":"Gambling Chip"},{"floor":31.0,"key":"Ginger"},{"floor":40,"key":"Kunai"},{"floor":42,"key":"Question Card"}],"event_choices":[{"damage_healed":0.0,"max_hp_gain":5.0,"max_hp_loss":0.0,"gold_gain":0.0,"event_name":"Big Fish","player_choice":"Donut","floor":2.0,"gold_loss":0.0,"damage_taken":0.0},{"damage_healed":0.0,"max_hp_gain":0.0,"max_hp_loss":0.0,"gold_gain":0.0,"event_name":"Shining Light","player_choice":"Entered Light","floor":4.0,"gold_loss":0.0,"damage_taken":23.0,"cards_upgraded":["Defend_B","Zap"]},{"damage_healed":19.0,"max_hp_gain":0.0,"max_hp_loss":0.0,"gold_gain":0.0,"event_name":"The Cleric","player_choice":"Healed","floor":12.0,"gold_loss":35.0,"damage_taken":0.0},{"damage_healed":0.0,"max_hp_gain":0.0,"max_hp_loss":0.0,"gold_gain":0.0,"event_name":"Cursed Tome","player_choice":"Obtained Book","floor":21.0,"gold_loss":0.0,"damage_taken":21.0},{"damage_healed":0.0,"max_hp_gain":0.0,"max_hp_loss":0.0,"gold_gain":0.0,"event_name":"Duplicator","player_choice":"Copied","floor":22.0,"gold_loss":0.0,"damage_taken":0.0,"cards_obtained":["FTL"]},{"damage_healed":0,"gold_gain":0,"player_choice":"Max HP","damage_taken":0,"max_hp_gain":0,"max_hp_loss":4,"event_name":"Winding Halls","floor":36,"gold_loss":0},{"cards_removed":["FTL"],"damage_healed":0,"gold_gain":0,"player_choice":"Removed Attack","damage_taken":0,"max_hp_gain":0,"max_hp_loss":0,"event_name":"Falling","floor":39,"gold_loss":0}],"is_beta":false,"boss_relics":[{"not_picked":["Black Star","Runic Pyramid"],"picked":"Sozu"},{"not_picked":["Eternal Feather","Empty Cage"],"picked":"FrozenCore"}],"items_purged_floors":[13,38],"is_endless":false,"potions_floor_spawned":[8,11,19,24,28,33,41,42],"killed_by":"Nemesis","ascension_level":15}