{"gold_per_floor":[119,119,138,154,229,229,229,229,256,256,282,282,311,0,0,74,74,86,97,12,23,39,39,64,64,64,78,111,123,123,133,133,208,208,221,237,3,18,30,30,57,57,81,81,101,101,128,139,139,139],"floor_reached":51,"playtime":2670,"items_purged":[],"score":1344,"play_id":"bf6ebc72-44dd-45fa-af81-2096a0157840","local_time":"20190507215656","is_ascension_mode":true,"campfire_choices":[{"data":"Choke","floor":6,"key":"SMITH"},{"data":"Neutralize","floor":8,"key":"SMITH"},{"floor":12,"key":"REST"},{"floor":15,"key":"REST"},{"floor":23,"key":"REST"},{"data":"Blade Dance","floor":25,"key":"SMITH"},{"data":"Catalyst","floor":30,"key":"SMITH"},{"floor":32,"key":"REST"},{"floor":40,"key":"REST"},{"floor":44,"key":"REST"},{"floor":46,"key":"REST"},{"floor":49,"key":"REST"}],"neow_cost":"NONE","seed_source_timestamp":184252911389843,"circlet_count":0,"master_deck":["AscendersBane","Defend_G","Defend_G","Defend_G","Defend_G","Defend_G+1","Strike_G","Strike_G","Strike_G","Strike_G","Strike_G","Survivor","Neutralize+1","Cloak And Dagger+1","Leg Sweep+1","Choke+1","Blade Dance+1","Riddle With Holes","Unload","Noxious Fumes+1","Backstab","Catalyst+1","Deflect+1","Backstab","Terror","Leg Sweep+1","Infinite Blades","Backstab","Sadistic Nature","Normality","Deadly Poison+1"],"relics":["Ring of the Serpent","NeowsBlessing","Singing Bowl","Bag of Marbles","Shuriken","The Courier","Ninja Scroll","Snake Skull","Ornamental Fan","Strawberry","Art of War","Ancient Tea Set","Cursed Key","Darkstone Periapt","Dead Branch","War Paint","Mummified Hand"],"potions_floor_usage":[11,13,24,28,28,50,50],"damage_taken":[{"damage":0,"enemies":"2 Louse","floor":1,"turns":1},{"damage":0,"enemies":"Jaw Worm","floor":3,"turns":1},{"damage":0,"enemies":"Small Slimes","floor":4,"turns":1},{"damage":19,"enemies":"Lagavulin","floor":11,"turns":7},{"damage":21,"enemies":"3 Sentries","floor":13,"turns":6},{"damage":15,"enemies":"The Guardian","floor":16,"turns":10},{"damage":6,"enemies":"3 Byrds","floor":18,"turns":3},{"damage":9,"enemies":"Shell Parasite","floor":19,"turns":4},{"damage":0,"enemies":"Snake Plant","floor":21,"turns":2},{"damage":19,"enemies":"3 Cultists","floor":22,"turns":5},{"damage":11,"enemies":"Gremlin Leader","floor":24,"turns":5},{"damage":0,"enemies":"Snecko","floor":27,"turns":3},{"damage":0,"enemies":"Slavers","floor":28,"turns":5},{"damage":0,"enemies":"Sentry and Sphere","floor":29,"turns":2},{"damage":7,"enemies":"Centurion and Healer","floor":31,"turns":4},{"damage":72,"enemies":"Champ","floor":33,"turns":10},{"damage":10,"enemies":"3 Darklings","floor":35,"turns":4},{"damage":0,"enemies":"Orb Walker","floor":36,"turns":3},{"damage":20,"enemies":"Maw","floor":38,"turns":6},{"damage":5,"enemies":"4 Shapes","floor":39,"turns":5},{"damage":21,"enemies":"Reptomancer","floor":41,"turns":4},{"damage":0,"enemies":"Transient","floor":45,"turns":5},{"damage":43,"enemies":"Nemesis","floor":47,"turns":5},{"damage":0,"enemies":"Writhing Mass","floor":48,"turns":2},{"damage":60,"enemies":"Time Eater","floor":50,"turns":6}],"seed_played":"-2967618404027000190","potions_obtained":[{"floor":1,"key":"Energy Potion"},{"floor":11,"key":"Swift Potion"},{"floor":18,"key":"Regen Potion"},{"floor":21,"key":"GamblersBrew"},{"floor":22,"key":"Poison Potion"},{"floor":24,"key":"GhostInAJar"},{"floor":36,"key":"EssenceOfSteel"},{"floor":39,"key":"Strength Potion"}],"is_trial":false,"path_per_floor":["M","?","M","M","?","R","?","R","T","?","E","R","E","$","R","B",null,"M","M","?","M","M","R","E","R","T","M","E","M","R","M","R","B",null,"M","M","$","M","M","R","E","?","T","R","M","R","E","M","R","B",null],"character_chosen":"THE_SILENT","items_purchased":["Ninja Scroll","Snake Skull","Darkstone Periapt","Infinite Blades"],"campfire_rested":8,"item_purchase_floors":[14,14,37,37],"current_hp_per_floor":[59,59,59,59,48,48,41,41,41,41,22,41,20,20,39,24,56,50,41,41,41,24,44,56,56,56,56,56,56,56,51,74,4,62,54,54,54,36,31,56,37,31,37,66,66,95,54,56,86,26],"gold":139,"neow_bonus":"THREE_ENEMY_KILL","is_prod":false,"is_daily":false,"chose_seed":false,"campfire_upgraded":4,"win_rate":0,"timestamp":1557291416,"path_taken":["M","?","M","M","?","R","?","R","T","?","E","R","E","?","R","BOSS","M","M","?","M","M","R","E","R","T","M","E","M","R","M","R","BOSS","M","M","$","M","M","R","E","?","T","R","M","R","E","M","R","BOSS"],"build_version":"2019-01-23","purchased_purges":0,"victory":true,"max_hp_per_floor":[66,66,66,66,66,66,66,66,66,66,66,66,66,66,66,66,66,66,66,66,66,68,68,77,77,77,77,77,77,77,79,79,81,81,83,83,83,85,85,85,87,91,97,97,97,97,99,101,101,101],"card_choices":[{"not_picked":["Outmaneuver","Concentrate"],"picked":"Cloak And Dagger","floor":1},{"not_picked":["Slice","Terror"],"picked":"Leg Sweep","floor":3},{"not_picked":["Concentrate","Deadly Poison"],"picked":"Choke","floor":4},{"not_picked":["Storm of Steel","Cloak And Dagger"],"picked":"Blade Dance","floor":11},{"not_picked":["PiercingWail","Backflip"],"picked":"Riddle With Holes","floor":13},{"not_picked":["Doppelganger","Grand Finale"],"picked":"Unload","floor":16},{"not_picked":["Flying Knee","Caltrops"],"picked":"Noxious Fumes+1","floor":18},{"not_picked":["Bouncing Flask","Deflect"],"picked":"Backstab","floor":19},{"not_picked":["Endless Agony","Dodge and Roll"],"picked":"Catalyst","floor":21},{"not_picked":["Dagger Spray","Prepared+1","Riddle With Holes"],"picked":"Singing Bowl","floor":22},{"not_picked":["Leg Sweep","Deadly Poison","Dagger Spray"],"picked":"Singing Bowl","floor":24},{"not_picked":["PiercingWail","Setup"],"picked":"Deflect+1","floor":27},{"not_picked":["Dagger Spray","Outmaneuver"],"picked":"Backstab","floor":28},{"not_picked":["Backflip","Distraction+1"],"picked":"Terror","floor":29},{"not_picked":["Expertise","Riddle With Holes","Dash"],"picked":"Singing Bowl","floor":31},{"not_picked":["Doppelganger","Burst","Die Die Die"],"picked":"Singing Bowl","floor":33},{"not_picked":["Slice","Deflect","Acrobatics+1"],"picked":"Singing Bowl","floor":35},{"not_picked":["Dagger Throw","Setup"],"picked":"Leg Sweep+1","floor":36},{"not_picked":["Slice","Predator","Crippling Poison"],"picked":"Singing Bowl","floor":38},{"not_picked":["Prepared","All Out Attack+1"],"picked":"Backstab","floor":39},{"not_picked":["Skewer","Concentrate","Outmaneuver"],"picked":"Singing Bowl","floor":41},{"not_picked":["Impatience","PanicButton"],"picked":"Sadistic Nature","floor":42},{"not_picked":["Thinking Ahead","The Bomb","Jack Of All Trades"],"picked":"Singing Bowl","floor":42},{"not_picked":["Thinking Ahead","Violence","Blind"],"picked":"Singing Bowl","floor":42},{"not_picked":["Dagger Throw","Outmaneuver"],"picked":"Deadly Poison+1","floor":45},{"not_picked":["Prepared","Dagger Throw","Terror+1"],"picked":"Singing Bowl","floor":47},{"not_picked":["Flechettes","Eviscerate+1","Deadly Poison"],"picked":"Singing Bowl","floor":48}],"player_experience":622735,"relics_obtained":[{"floor":9,"key":"Bag of Marbles"},{"floor":11,"key":"Shuriken"},{"floor":13,"key":"The Courier"},{"floor":24,"key":"Strawberry"},{"floor":26,"key":"Art of War"},{"floor":28,"key":"Ancient Tea Set"},{"floor":41,"key":"Dead Branch"},{"floor":43,"key":"War Paint"},{"floor":47,"key":"Mummified Hand"}],"event_choices":[{"damage_healed":0,"gold_gain":0,"player_choice":"Ignored","damage_taken":0,"max_hp_gain":0,"max_hp_loss":0,"event_name":"Golden Wing","floor":2,"gold_loss":0},{"damage_healed":0,"gold_gain":75,"player_choice":"Gather Gold","damage_taken":11,"max_hp_gain":0,"max_hp_loss":0,"event_name":"World of Goop","floor":5,"gold_loss":0},{"damage_healed":0,"gold_gain":0,"player_choice":"Success","damage_taken":7,"relics_obtained":["Singing Bowl"],"max_hp_gain":0,"max_hp_loss":0,"event_name":"Scrap Ooze","floor":7,"gold_loss":0},{"damage_healed":0,"gold_gain":0,"player_choice":"Grow","damage_taken":0,"max_hp_gain":0,"max_hp_loss":0,"event_name":"Living Wall","floor":10,"gold_loss":0,"cards_upgraded":["Cloak And Dagger"]},{"damage_healed":0,"gold_gain":0,"player_choice":"Obtained Relic","damage_taken":0,"relics_obtained":["Ornamental Fan"],"max_hp_gain":0,"max_hp_loss":0,"event_name":"Addict","floor":20,"gold_loss":85},{"damage_healed":0,"gold_gain":0,"player_choice":"Memory 3","damage_taken":10,"max_hp_gain":0,"max_hp_loss":0,"event_name":"SensoryStone","floor":42,"gold_loss":0}],"is_beta":false,"boss_relics":[{"not_picked":["Empty Cage","HoveringKite"],"picked":"Ring of the Serpent"},{"not_picked":["Calling Bell","Snecko Eye"],"picked":"Cursed Key"}],"items_purged_floors":[],"is_endless":false,"potions_floor_spawned":[1,11,18,21,22,24,36,39,41,45],"ascension_level":14}