{"path_per_floor":["M","?","?","$","M","E","M","R","T","?","E","M","E","$","R","B",null,"M","$","?","M","M","R"],"character_chosen":"THE_SILENT","items_purchased":["Backflip"],"gold_per_floor":[111,111,76,1,11,42,58,58,58,58,89,107,139,39,39,138,138,157,135,135,145,164,164],"floor_reached":24,"campfire_rested":0,"playtime":1341,"current_hp_per_floor":[68,54,70,70,69,37,37,37,37,37,51,51,45,45,45,39,73,73,73,58,49,47,47],"items_purged":["Strike_G","Strike_G"],"gold":164,"score":294,"play_id":"f0b81aa9-f8a8-4d70-a715-eb84d0dd0217","is_prod":false,"is_daily":false,"is_ascension_mode":true,"campfire_upgraded":3,"path_taken":["M","?","?","?","M","E","M","R","T","?","E","?","E","$","R","BOSS","M","$","?","M","?","R","E"],"build_version":"2018-02-15-PROD1","purchased_purges":3,"victory":false,"master_deck":["Survivor+1","Neutralize+1","Dagger Spray","Dagger Throw","Acrobatics","Caltrops+1","Burst","Underhanded Strike","Dagger Throw","Acrobatics","Quick Slash","Underhanded Strike","Setup","Skewer","Cloak And Dagger+1","Backflip","Bite","Bite","Bite","Bite","Bite","Blur+1","Terror"],"max_hp_per_floor":[70,70,70,70,70,70,70,70,70,70,70,70,84,84,84,84,84,84,84,58,58,58,58],"relics":["Ring of the Snake","Pen Nib","Orichalcum","Letter Opener","Mango","Pandora\u0027s Box"],"card_choices":[{"not_picked":["Poisoned Stab","Backflip"],"picked":"Dagger Spray"},{"not_picked":["All Out Attack","Slice"],"picked":"Dagger Throw"},{"not_picked":["Dodge and Roll","Concentrate"],"picked":"Acrobatics"},{"not_picked":["Quick Slash","Poisoned Stab"],"picked":"Caltrops"},{"not_picked":["Storm of Steel","Die Die Die"],"picked":"Burst"},{"not_picked":["Reflex","Dodge and Roll"],"picked":"Cloak And Dagger"},{"not_picked":["Backflip","Bane"],"picked":"Blur"},{"not_picked":["Predator","All Out Attack"],"picked":"Terror"}],"player_experience":191631,"potions_floor_usage":[6,11,11,11,13,24],"damage_taken":[{"damage":2,"enemies":"2 Louse","floor":1,"turns":3},{"damage":1,"enemies":"Jaw Worm","floor":5,"turns":5},{"damage":32,"enemies":"Lagavulin","floor":6,"turns":6},{"damage":0,"enemies":"Small Slimes","floor":7,"turns":3},{"damage":1,"enemies":"3 Sentries","floor":11,"turns":6},{"damage":0,"enemies":"Exordium Wildlife","floor":12,"turns":2},{"damage":20,"enemies":"Lagavulin","floor":13,"turns":6},{"damage":6,"enemies":"The Guardian","floor":16,"turns":13},{"damage":0,"enemies":"Spheric Guardian","floor":18,"turns":3},{"damage":13,"enemies":"2 Thieves","floor":21,"turns":4},{"damage":18,"enemies":"Centurion and Healer","floor":22,"turns":8},{"damage":40,"enemies":"Slavers","floor":24,"turns":3}],"event_choices":[{"event_name":"Shining Light","player_choice":"Entered Light","floor":2,"damage_taken":0},{"event_name":"The Cleric","player_choice":"Healed","floor":3,"damage_taken":0},{"event_name":"The Lab","player_choice":"Got Potions","floor":10,"damage_taken":0},{"event_name":"Vampires","player_choice":"Became a vampire","floor":20,"damage_taken":0}],"boss_relics":[{"not_picked":["Eternal Feather","Orrery"],"picked":"Pandora\u0027s Box"}],"potions_floor_spawned":[1,5,12,18],"seed_played":"738084003937452185","killed_by":"Slavers","ascension_level":5,"is_trial":false}