{"gold_per_floor":[115,165,175,193,193,225,225,240,240,268,278,278,49,102,102,179,179,195,214,214,52,67,67,23,23,46,46,46],"floor_reached":28,"playtime":978,"items_purged":["Strike_R"],"score":452,"play_id":"4517a404-8b16-43d7-884a-1c70bf5f3c5c","local_time":"20181104231005","is_ascension_mode":true,"campfire_choices":[{"data":"Rampage","floor":7,"key":"SMITH"},{"data":"Clothesline","floor":15,"key":"SMITH"},{"data":"Pommel Strike","floor":23,"key":"SMITH"},{"data":"Corruption","floor":25,"key":"SMITH"},{"data":"Combust","floor":27,"key":"SMITH"}],"neow_cost":"NONE","seed_source_timestamp":2259975315810472,"circlet_count":0,"master_deck":["AscendersBane","Strike_R","Strike_R","Strike_R","Strike_R","Defend_R","Defend_R","Defend_R","Defend_R","Bash","Havoc+1","Clothesline+1","Pummel","Rampage+1","Pommel Strike+1","Flame Barrier+1","Shrug It Off+1","Double Tap+1","Corruption+1","Power Through+1","True Grit+1","Combust+1"],"relics":["Burning Blood","NeowsBlessing","Dodecahedron","Darkstone Periapt","Toxic Egg 2","Boot","Medical Kit","Orichalcum","Mark of Pain","Meat on the Bone","Dream Catcher"],"potions_floor_usage":[6,10,16,16,22,22],"damage_taken":[{"damage":0,"enemies":"2 Louse","floor":1,"turns":1},{"damage":0,"enemies":"Cultist","floor":3,"turns":1},{"damage":0,"enemies":"Jaw Worm","floor":4,"turns":1},{"damage":27,"enemies":"Gremlin Nob","floor":6,"turns":4},{"damage":1,"enemies":"Exordium Wildlife","floor":8,"turns":3},{"damage":50,"enemies":"3 Sentries","floor":10,"turns":12},{"damage":10,"enemies":"Lots of Slimes","floor":11,"turns":4},{"damage":10,"enemies":"Hexaghost","floor":16,"turns":10},{"damage":17,"enemies":"3 Byrds","floor":18,"turns":4},{"damage":24,"enemies":"Spheric Guardian","floor":19,"turns":4},{"damage":12,"enemies":"Snake Plant","floor":22,"turns":4},{"damage":47,"enemies":"Book of Stabbing","floor":28,"turns":4}],"seed_played":"-6329902169602739658","potions_obtained":[{"floor":1,"key":"Poison Potion"},{"floor":8,"key":"SkillPotion"},{"floor":10,"key":"Swift Potion"},{"floor":11,"key":"Strength Potion"},{"floor":19,"key":"Weak Potion"}],"is_trial":false,"path_per_floor":["M","?","M","M","T","E","R","M","T","E","M","?","$","T","R","B",null,"M","M","T","$","M","R","$","R","T","R","E"],"character_chosen":"IRONCLAD","items_purchased":["Medical Kit","Regen Potion","Combust"],"campfire_rested":0,"item_purchase_floors":[13,21,24],"current_hp_per_floor":[74,67,73,75,75,54,54,59,59,15,11,11,11,11,11,7,58,47,29,29,29,47,47,47,47,47,47,0],"gold":46,"neow_bonus":"THREE_ENEMY_KILL","is_prod":false,"is_daily":false,"chose_seed":false,"campfire_upgraded":5,"win_rate":0,"timestamp":1541391005,"path_taken":["M","?","?","M","?","E","R","M","T","E","M","?","$","?","R","BOSS","M","?","?","?","M","R","?","R","T","R","E"],"build_version":"2018-11-01","purchased_purges":1,"victory":false,"max_hp_per_floor":[75,75,75,75,75,75,75,75,75,75,75,75,75,75,75,75,75,75,75,75,75,75,75,75,75,75,75,75],"card_choices":[{"not_picked":["Dual Wield","Burning Pact"],"picked":"Havoc","floor":1},{"not_picked":["Clash","Warcry"],"picked":"Clothesline","floor":3},{"not_picked":["Seeing Red","Body Slam"],"picked":"Pummel","floor":4},{"not_picked":["Searing Blow","Sentinel"],"picked":"Rampage","floor":6},{"not_picked":["Havoc","Thunderclap"],"picked":"Pommel Strike","floor":8},{"not_picked":["Pommel Strike","Flex+1"],"picked":"Flame Barrier+1","floor":10},{"not_picked":["Thunderclap","Reckless Charge"],"picked":"Shrug It Off+1","floor":11},{"not_picked":["Bludgeon","Impervious+1"],"picked":"Double Tap+1","floor":16},{"not_picked":["Flex+1","Flame Barrier+1"],"picked":"Corruption","floor":18},{"not_picked":["Perfected Strike","Sword Boomerang"],"picked":"Power Through+1","floor":19},{"not_picked":["Anger+1","Thunderclap"],"picked":"True Grit+1","floor":22}],"player_experience":890043,"relics_obtained":[{"floor":5,"key":"Dodecahedron"},{"floor":6,"key":"Darkstone Periapt"},{"floor":9,"key":"Toxic Egg 2"},{"floor":10,"key":"Boot"},{"floor":14,"key":"Orichalcum"},{"floor":20,"key":"Meat on the Bone"},{"floor":26,"key":"Dream Catcher"}],"event_choices":[{"damage_healed":0,"gold_gain":50,"player_choice":"Touch","damage_taken":7,"max_hp_gain":0,"max_hp_loss":0,"event_name":"FaceTrader","floor":2,"gold_loss":0},{"damage_healed":0,"gold_gain":0,"player_choice":"Grow","damage_taken":0,"max_hp_gain":0,"max_hp_loss":0,"event_name":"Living Wall","floor":12,"gold_loss":0,"cards_upgraded":["Havoc"]}],"is_beta":false,"boss_relics":[{"not_picked":["Velvet Choker","Busted Crown"],"picked":"Mark of Pain"}],"items_purged_floors":[21],"is_endless":false,"potions_floor_spawned":[1,8,10,11,19],"killed_by":"Book of Stabbing","ascension_level":20}