{"gold_per_floor":[113,128,128,203,203,258,258,292,317,317,344,17,43,56,56,155,155,167,167,167],"floor_reached":20,"playtime":945,"items_purged":[],"score":287,"play_id":"efab4743-acbc-4c8a-b030-31bd54ed7f09","local_time":"20190218175821","is_ascension_mode":true,"campfire_choices":[{"data":"Envenom","floor":7,"key":"SMITH"},{"data":"Neutralize","floor":10,"key":"SMITH"},{"floor":15,"key":"REST"}],"neow_cost":"NONE","seed_source_timestamp":494934542783313,"circlet_count":0,"master_deck":["Defend_G","Defend_G","Defend_G","Defend_G","Defend_G","Strike_G","Strike_G","Strike_G","Strike_G","Survivor","Neutralize+1","All Out Attack","Dagger Spray","Unload","Envenom+1","Heel Hook","Deflect","Footwork","Prepared","PiercingWail","Malaise","Blur+1"],"relics":["Philosopher\u0027s Stone","Tiny Chest","Pantograph","Orichalcum","Bottled Lightning","Ninja Scroll","Boot","WristBlade"],"potions_floor_usage":[6,8,16,19],"damage_taken":[{"damage":4,"enemies":"Jaw Worm","floor":1,"turns":5},{"damage":4,"enemies":"Small Slimes","floor":2,"turns":4},{"damage":21,"enemies":"Lagavulin","floor":6,"turns":8},{"damage":8,"enemies":"3 Sentries","floor":8,"turns":6},{"damage":6,"enemies":"Gremlin Nob","floor":11,"turns":4},{"damage":14,"enemies":"Lagavulin","floor":13,"turns":6},{"damage":0,"enemies":"2 Louse","floor":14,"turns":2},{"damage":7,"enemies":"The Guardian","floor":16,"turns":15},{"damage":4,"enemies":"Shell Parasite","floor":18,"turns":6},{"damage":12,"enemies":"Colosseum Slavers","floor":19,"turns":6},{"damage":56,"enemies":"Spheric Guardian","floor":20,"turns":7}],"seed_played":"7633310747556637281","potions_obtained":[{"floor":1,"key":"EssenceOfSteel"},{"floor":6,"key":"PowerPotion"},{"floor":11,"key":"FearPotion"},{"floor":14,"key":"PowerPotion"}],"is_trial":false,"path_per_floor":["M","M","?","?","?","E","R","E","T","R","E","$","E","M","R","B",null,"M","?","M"],"character_chosen":"THE_SILENT","items_purchased":["Ninja Scroll","Footwork"],"campfire_rested":1,"item_purchase_floors":[12,12],"current_hp_per_floor":[59,55,55,44,67,46,46,38,38,38,32,32,18,18,39,57,67,63,51,0],"gold":167,"neow_bonus":"BOSS_RELIC","is_prod":false,"is_daily":false,"chose_seed":false,"campfire_upgraded":2,"win_rate":0,"timestamp":1550530701,"path_taken":["M","M","?","?","?","E","R","E","T","R","E","$","E","M","R","BOSS","M","?","M"],"build_version":"2019-01-23","purchased_purges":0,"victory":false,"max_hp_per_floor":[70,70,70,70,70,70,70,70,70,70,70,70,70,70,70,70,70,70,70,70],"card_choices":[{"not_picked":["Masterful Stab","Riddle With Holes"],"picked":"All Out Attack","floor":1},{"not_picked":["Catalyst","Finisher"],"picked":"Dagger Spray","floor":2},{"not_picked":["Acrobatics","Flechettes"],"picked":"Envenom","floor":6},{"not_picked":["Dagger Throw","Flying Knee"],"picked":"Heel Hook","floor":8},{"not_picked":["Acrobatics","Outmaneuver"],"picked":"Deflect","floor":11},{"not_picked":["Reflex","Acrobatics"],"picked":"Prepared","floor":13},{"not_picked":["Blur","Outmaneuver"],"picked":"PiercingWail","floor":14},{"not_picked":["Venomology","After Image"],"picked":"Malaise","floor":16},{"not_picked":["PiercingWail","Choke"],"picked":"Blur+1","floor":18}],"player_experience":306775,"relics_obtained":[{"floor":6,"key":"Tiny Chest"},{"floor":8,"key":"Pantograph"},{"floor":9,"key":"Orichalcum"},{"floor":11,"key":"Bottled Lightning"},{"floor":13,"key":"Boot"}],"event_choices":[{"damage_healed":0,"gold_gain":0,"cards_transformed":["Strike_G"],"player_choice":"Change","damage_taken":0,"max_hp_gain":0,"max_hp_loss":0,"event_name":"Living Wall","floor":3,"gold_loss":0,"cards_obtained":["Unload"]},{"damage_healed":0,"gold_gain":75,"player_choice":"Gather Gold","damage_taken":11,"max_hp_gain":0,"max_hp_loss":0,"event_name":"World of Goop","floor":4,"gold_loss":0},{"damage_healed":23,"gold_gain":0,"player_choice":"Banana","damage_taken":0,"max_hp_gain":0,"max_hp_loss":0,"event_name":"Big Fish","floor":5,"gold_loss":0},{"damage_healed":0,"gold_gain":0,"player_choice":"Fight","damage_taken":0,"max_hp_gain":0,"max_hp_loss":0,"event_name":"Colosseum","floor":19,"gold_loss":0},{"damage_healed":0,"gold_gain":0,"player_choice":"Fled From Nobs","damage_taken":0,"max_hp_gain":0,"max_hp_loss":0,"event_name":"Colosseum","floor":19,"gold_loss":0}],"is_beta":false,"boss_relics":[{"not_picked":["Fusion Hammer","Calling Bell"],"picked":"WristBlade"}],"items_purged_floors":[],"is_endless":false,"potions_floor_spawned":[1,6,11,14],"killed_by":"Spheric Guardian","ascension_level":9}