{"gold_per_floor":[119,119,137,137,147,175,185,202,280,280,60,71,171,201,201,201],"floor_reached":16,"playtime":862,"items_purged":[],"score":157,"play_id":"11534b9f-0f44-4870-990d-01285737af22","local_time":"20190128153344","is_ascension_mode":true,"campfire_choices":[{"data":"Zap","floor":15,"key":"SMITH"}],"neow_cost":"NONE","seed_source_timestamp":943636163538908,"circlet_count":0,"master_deck":["Strike_B","Strike_B","Defend_B","Defend_B","Defend_B","Defend_B","Zap+1","Dualcast","Auto Shields","Leap","Stack","Turbo","Hologram","Conserve Battery","Cold Snap","Glacier","Redo","Loop"],"relics":["Busted Crown","Bottled Flame","Gremlin Horn","Ginger"],"potions_floor_usage":[6,6,12],"damage_taken":[{"damage":4,"enemies":"Small Slimes","floor":1,"turns":3},{"damage":1,"enemies":"Cultist","floor":3,"turns":4},{"damage":1,"enemies":"2 Louse","floor":5,"turns":3},{"damage":32,"enemies":"3 Sentries","floor":6,"turns":13},{"damage":0,"enemies":"Blue Slaver","floor":7,"turns":5},{"damage":2,"enemies":"Gremlin Gang","floor":8,"turns":8},{"damage":1,"enemies":"Large Slime","floor":12,"turns":10},{"damage":6,"enemies":"Lagavulin","floor":14,"turns":13},{"damage":68,"enemies":"Slime Boss","floor":16,"turns":18}],"seed_played":"-5629158676289677554","potions_obtained":[{"floor":1,"key":"Swift Potion"},{"floor":5,"key":"Regen Potion"},{"floor":7,"key":"Weak Potion"}],"is_trial":false,"path_per_floor":["M","?","M","?","M","E","M","M","T","?","$","M","?","E","R","B"],"character_chosen":"DEFECT","items_purchased":["Cold Snap","Glacier","Redo","Loop"],"campfire_rested":0,"item_purchase_floors":[11,11,11,11],"current_hp_per_floor":[64,64,63,63,62,45,45,43,43,68,68,67,67,61,61,0],"gold":201,"neow_bonus":"BOSS_RELIC","is_prod":false,"is_daily":false,"chose_seed":false,"campfire_upgraded":1,"win_rate":0,"timestamp":1548707624,"path_taken":["M","?","?","?","M","E","M","M","T","?","?","?","?","E","R","BOSS"],"build_version":"2019-01-23","purchased_purges":0,"victory":false,"max_hp_per_floor":[75,75,75,75,75,75,75,75,75,75,75,75,75,75,75,75],"card_choices":[{"not_picked":[],"picked":"Auto Shields","floor":1},{"not_picked":[],"picked":"Leap","floor":3},{"not_picked":[],"picked":"Turbo","floor":5},{"not_picked":[],"picked":"Hologram","floor":6},{"not_picked":[],"picked":"Conserve Battery","floor":7},{"not_picked":["Chaos"],"picked":"SKIP","floor":8},{"not_picked":["Skim"],"picked":"SKIP","floor":12},{"not_picked":["Streamline"],"picked":"SKIP","floor":14}],"player_experience":231829,"relics_obtained":[{"floor":6,"key":"Bottled Flame"},{"floor":9,"key":"Gremlin Horn"},{"floor":14,"key":"Ginger"}],"event_choices":[{"cards_removed":["Strike_B"],"damage_healed":0,"gold_gain":0,"player_choice":"Offered Basic","damage_taken":0,"max_hp_gain":0,"max_hp_loss":0,"event_name":"Bonfire Elementals","floor":2,"gold_loss":0},{"damage_healed":0,"gold_gain":0,"cards_transformed":["Strike_B"],"player_choice":"Change","damage_taken":0,"max_hp_gain":0,"max_hp_loss":0,"event_name":"Living Wall","floor":4,"gold_loss":0,"cards_obtained":["Stack"]},{"damage_healed":25,"gold_gain":0,"player_choice":"Banana","damage_taken":0,"max_hp_gain":0,"max_hp_loss":0,"event_name":"Big Fish","floor":10,"gold_loss":0},{"damage_healed":0,"gold_gain":100,"player_choice":"Pray","damage_taken":0,"max_hp_gain":0,"max_hp_loss":0,"event_name":"Golden Shrine","floor":13,"gold_loss":0}],"is_beta":false,"boss_relics":[],"items_purged_floors":[],"is_endless":false,"potions_floor_spawned":[1,5,7],"killed_by":"Slime Boss","ascension_level":8}