{"gold_per_floor":[110,35,35,50,69,95,107,7,31,31,47,59,79,93,93,198,198,214,224,224,23,23,23,42,42],"floor_reached":25,"playtime":5039,"items_purged":["Defend_G","Defend_G","Strike_G"],"score":207,"play_id":"b4ac6d59-3ee7-47ac-b703-2717135968c3","local_time":"20180705195106","is_ascension_mode":false,"campfire_choices":[{"floor":10,"key":"REST"},{"data":"Endless Agony","floor":15,"key":"SMITH"},{"data":"Neutralize","floor":23,"key":"SMITH"}],"neow_cost":"NONE","seed_source_timestamp":56450962469651,"circlet_count":0,"master_deck":["Defend_G","Strike_G","Strike_G","Strike_G","Survivor","Neutralize+1","Deflect","Endless Agony+1","Backflip","Escape Plan","Terror","Backflip","Infinite Blades","Bullet Time","Infinite Blades","Backstab","Deflect+1"],"relics":["Ring of the Snake","Dream Catcher","Art of War","Vajra","Empty Cage","Nilry\u0027s Codex","Ancient Tea Set"],"potions_floor_usage":[6,7,16,16,24,24],"damage_taken":[{"damage":0,"enemies":"Small Slimes","floor":1,"turns":4},{"damage":1,"enemies":"Cultist","floor":4,"turns":4},{"damage":0,"enemies":"2 Louse","floor":5,"turns":3},{"damage":32,"enemies":"Gremlin Nob","floor":6,"turns":6},{"damage":8,"enemies":"Large Slime","floor":7,"turns":11},{"damage":0,"enemies":"3 Louse","floor":11,"turns":4},{"damage":0,"enemies":"Exordium Wildlife","floor":12,"turns":5},{"damage":16,"enemies":"Exordium Thugs","floor":13,"turns":4},{"damage":0,"enemies":"3 Louse","floor":14,"turns":4},{"damage":9,"enemies":"The Guardian","floor":16,"turns":10},{"damage":8,"enemies":"Shell Parasite","floor":18,"turns":5},{"damage":1,"enemies":"Chosen","floor":19,"turns":4},{"damage":12,"enemies":"Snake Plant","floor":24,"turns":5},{"damage":47,"enemies":"Slavers","floor":25,"turns":5}],"seed_played":"-8981289481945001610","potions_obtained":[{"floor":4,"key":"PowerPotion"},{"floor":6,"key":"Explosive Potion"},{"floor":13,"key":"Strength Potion"},{"floor":14,"key":"Fire Potion"},{"floor":16,"key":"Regen Potion"},{"floor":19,"key":"PowerPotion"}],"is_trial":false,"path_per_floor":["M","$","?","M","M","E","M","$","T","R","M","M","M","M","R","B",null,"M","M","?","$","T","R","M"],"character_chosen":"THE_SILENT","items_purchased":["Backstab"],"campfire_rested":1,"item_purchase_floors":[21],"current_hp_per_floor":[70,70,70,69,69,37,29,29,29,50,50,50,34,34,34,25,70,62,61,45,45,45,45,42,0],"gold":42,"neow_bonus":"RANDOM_COMMON_RELIC","is_prod":false,"is_daily":false,"chose_seed":false,"campfire_upgraded":2,"win_rate":0,"timestamp":1530816666,"path_taken":["M","$","?","M","M","E","M","$","T","R","M","M","M","M","R","BOSS","M","M","?","$","?","R","M","E"],"build_version":"2018-06-28","purchased_purges":3,"victory":false,"max_hp_per_floor":[70,70,70,70,70,70,70,70,70,70,70,70,70,70,70,70,70,70,70,70,70,70,70,70,70],"card_choices":[{"not_picked":["Bane","Blade Dance","Dagger Spray"],"picked":"SKIP","floor":1},{"not_picked":["PiercingWail","Flying Knee"],"picked":"Endless Agony","floor":4},{"not_picked":["Dagger Spray","Night Terror"],"picked":"Backflip","floor":5},{"not_picked":["Dagger Spray","Acrobatics"],"picked":"Escape Plan","floor":6},{"not_picked":["Acrobatics","Dodge and Roll"],"picked":"Terror","floor":7},{"not_picked":["Blade Dance","Endless Agony"],"picked":"Backflip","floor":10},{"not_picked":["Eviscerate","Outmaneuver","Predator"],"picked":"SKIP","floor":11},{"not_picked":["Flechettes","Poisoned Stab"],"picked":"Infinite Blades","floor":12},{"not_picked":["Calculated Gamble","Dash","PiercingWail"],"picked":"SKIP","floor":13},{"not_picked":["Poisoned Stab","Dodge and Roll","Calculated Gamble"],"picked":"SKIP","floor":14},{"not_picked":["A Thousand Cuts","Wraith Form v2"],"picked":"Bullet Time","floor":16},{"not_picked":["Dash","Caltrops"],"picked":"Infinite Blades","floor":18},{"not_picked":["Blade Dance","Acrobatics","Riddle With Holes+1"],"picked":"SKIP","floor":19},{"not_picked":["Sucker Punch","Deadly Poison"],"picked":"Deflect+1","floor":24}],"player_experience":265209,"relics_obtained":[{"floor":6,"key":"Art of War"},{"floor":9,"key":"Vajra"},{"floor":20,"key":"Nilry\u0027s Codex"},{"floor":22,"key":"Ancient Tea Set"}],"event_choices":[{"event_name":"Transmorgrifier","player_choice":"Transform","floor":3,"damage_taken":0},{"event_name":"Cursed Tome","player_choice":"Obtained Book","floor":20,"damage_taken":0}],"boss_relics":[{"not_picked":["Cursed Key","Velvet Choker"],"picked":"Empty Cage"}],"items_purged_floors":[2,8,21],"is_endless":false,"potions_floor_spawned":[4,6,13,14,16,19],"killed_by":"Slavers","ascension_level":0}