{"gold_per_floor":[114,114,129,144,159,159,189,189,189,219,234,264,264,294,294,394,394,409,424,274,289,135,135,165,165,165,195,210,210,225,225,225,325,325,340,340,355,355,370,400,400,415,415,189,204,204,234,249,249,249],"floor_reached":51,"playtime":3882,"items_purged":[],"score":1192,"play_id":"e622fb8d-30da-4207-ad13-cd91b899ee0b","local_time":"20180805233353","daily_mods":["Brewmaster","Lethality","Hoarder"],"is_ascension_mode":false,"campfire_choices":[{"data":"Dualcast","floor":6,"key":"SMITH"},{"data":"Venomology","floor":8,"key":"SMITH"},{"data":"Zap","floor":15,"key":"SMITH"},{"floor":23,"key":"REST"},{"data":"Double Energy","floor":25,"key":"SMITH"},{"data":"Double Energy","floor":29,"key":"SMITH"},{"data":"Double Energy","floor":32,"key":"SMITH"},{"data":"Buffer","floor":41,"key":"SMITH"},{"data":"Reboot","floor":46,"key":"SMITH"},{"data":"Madness","floor":49,"key":"SMITH"}],"neow_cost":"","seed_source_timestamp":0,"circlet_count":0,"master_deck":["Strike_B+1","Strike_B","Strike_B","Defend_B","Defend_B","Defend_B","Defend_B","Zap+1","Dualcast+1","Venomology","Venomology","Venomology","Venomology","Venomology","Venomology","Venomology","Venomology","Venomology","Venomology","Venomology","Venomology","Venomology","Venomology","Venomology+1","Go for the Eyes","Go for the Eyes","Go for the Eyes","Conserve Battery","Conserve Battery","Conserve Battery","Coolheaded","Coolheaded","Coolheaded","Doom and Gloom","Doom and Gloom","Doom and Gloom","Chaos","Chaos","Chaos","Hologram","Hologram","Hologram","Stack","Stack","Stack","Reboot","Reboot","Reboot+1","Echo Form","Echo Form","Echo Form","Double Energy+1","Double Energy+1","Double Energy+1","Reinforced Body","Reinforced Body","Reinforced Body","Sweeping Beam","Sweeping Beam","Sweeping Beam+1","Loop+1","Loop+1","Loop+1","White Noise","White Noise","White Noise","FTL+1","FTL+1","FTL+1","Buffer+1","Buffer","Buffer","Heatsinks","Heatsinks","Heatsinks","Ghostly","Ghostly","Ghostly","Ghostly","Ghostly","Ghostly","Ghostly","Ghostly","Ghostly","Ghostly","Ghostly","Ghostly","Ghostly","Ghostly","Ghostly","Skim+1","Skim+1","Skim+1","Madness","Madness","Madness","Madness","Madness","Madness+1","Force Field+1","Force Field+1","Force Field+1","Meteor Strike","Meteor Strike","Meteor Strike","Doubt","Doubt","Doubt","Finesse","Finesse","Finesse","Aggregate+1","Aggregate+1","Aggregate+1"],"special_seed":17749,"relics":["Cracked Core","White Beast Statue","Gambling Chip","Darkstone Periapt","Vajra","Symbiotic Virus","Meat on the Bone","Dream Catcher","Orrery","Bag of Preparation","Blood Vial","Ginger","Mummified Hand","Cursed Key","Orichalcum","MawBank","Whetstone","Oddly Smooth Stone"],"potions_floor_usage":[1,1,1,1,3,3,3,3,4,4,4,4,5,5,5,5,5,7,7,7,7,7,7,7,7,7,7,10,10,10,11,11,14,14,14,14,14,14,14,16,16,16,16,16,16,16,16,16,18,18,19,19,19,21,21,21,21,21,24,24,24,24,27,27,27,27,27,27,27,28,28,28,28,28,28,30,30,30,30,30,30,30,33,33,33,33,33,33,33,33,33,35,35,35,35,37,37,37,37,37,39,39,39,40,40,40,42,42,42,42,45,45,45,47,47,47,48,48,48,48,50,50,50,50,50,50,50,50,50,50,50,50,50,50,50,50,50],"damage_taken":[{"damage":32,"enemies":"2 Louse","floor":1,"turns":5},{"damage":10,"enemies":"Small Slimes","floor":3,"turns":2},{"damage":4,"enemies":"Cultist","floor":4,"turns":3},{"damage":8,"enemies":"2 Fungi Beasts","floor":5,"turns":5},{"damage":11,"enemies":"Lagavulin","floor":7,"turns":4},{"damage":0,"enemies":"3 Sentries","floor":10,"turns":2},{"damage":13,"enemies":"3 Louse","floor":11,"turns":4},{"damage":0,"enemies":"Lagavulin","floor":14,"turns":6},{"damage":0,"enemies":"The Guardian","floor":16,"turns":8},{"damage":5,"enemies":"Spheric Guardian","floor":18,"turns":4},{"damage":36,"enemies":"3 Byrds","floor":19,"turns":3},{"damage":0,"enemies":"Snecko","floor":21,"turns":5},{"damage":41,"enemies":"Slavers","floor":24,"turns":4},{"damage":22,"enemies":"Gremlin Leader","floor":27,"turns":5},{"damage":22,"enemies":"Slaver and Parasite","floor":28,"turns":5},{"damage":10,"enemies":"Cultist and Chosen","floor":30,"turns":5},{"damage":0,"enemies":"Automaton","floor":33,"turns":8},{"damage":1,"enemies":"Flame Bruiser 1 Orb","floor":35,"turns":5},{"damage":0,"enemies":"3 Shapes","floor":37,"turns":5},{"damage":0,"enemies":"Spire Growth","floor":39,"turns":5},{"damage":0,"enemies":"Giant Head","floor":40,"turns":8},{"damage":1,"enemies":"3 Darklings","floor":42,"turns":7},{"damage":0,"enemies":"Sphere and 2 Shapes","floor":45,"turns":3},{"damage":0,"enemies":"Nemesis","floor":47,"turns":9},{"damage":0,"enemies":"4 Shapes","floor":48,"turns":4},{"damage":0,"enemies":"Awakened One","floor":50,"turns":14}],"seed_played":"-5940167209622730239","potions_obtained":[{"floor":1,"key":"SkillPotion"},{"floor":3,"key":"GamblersBrew"},{"floor":4,"key":"Energy Potion"},{"floor":10,"key":"LiquidBronze"},{"floor":11,"key":"LiquidBronze"},{"floor":14,"key":"Energy Potion"},{"floor":16,"key":"AttackPotion"},{"floor":18,"key":"AttackPotion"},{"floor":19,"key":"Energy Potion"},{"floor":21,"key":"Energy Potion"},{"floor":24,"key":"Energy Potion"},{"floor":27,"key":"Fire Potion"},{"floor":28,"key":"Fruit Juice"},{"floor":33,"key":"Weak Potion"},{"floor":37,"key":"Explosive Potion"},{"floor":39,"key":"SkillPotion"},{"floor":40,"key":"Ancient Potion"},{"floor":45,"key":"Swift Potion"},{"floor":47,"key":"Block Potion"},{"floor":48,"key":"SkillPotion"}],"is_trial":false,"path_per_floor":["M","?","M","M","M","R","E","R","T","E","M","?","T","E","R","B",null,"M","M","$","M","$","R","E","R","T","E","M","R","M","?","R","B",null,"M","?","M","?","M","E","R","M","T","$","M","R","E","M","R","B"],"character_chosen":"DEFECT","items_purchased":["Bag of Preparation","Buffer","Finesse","Whetstone"],"campfire_rested":1,"item_purchase_floors":[20,22,44,44],"current_hp_per_floor":[52,45,35,31,35,35,33,33,33,33,20,20,20,32,32,44,75,70,46,46,46,46,68,39,39,39,31,32,32,41,40,40,40,40,39,39,40,35,40,40,40,40,46,46,46,46,46,46,46,46],"gold":249,"neow_bonus":"","is_prod":false,"is_daily":true,"chose_seed":false,"campfire_upgraded":9,"win_rate":0,"timestamp":1533526433,"path_taken":["M","?","M","?","M","R","E","R","T","E","M","?","?","E","R","BOSS","M","M","$","M","$","R","E","R","T","E","M","R","M","?","R","BOSS","M","?","M","?","?","E","R","M","T","$","M","R","E","M","R","BOSS"],"build_version":"2018-08-02","purchased_purges":0,"victory":true,"max_hp_per_floor":[75,75,75,75,75,75,75,75,75,75,75,75,75,75,75,75,75,75,75,75,75,75,75,75,75,75,75,75,75,80,40,40,40,40,40,40,40,40,40,40,40,40,46,46,46,46,46,46,46,46],"card_choices":[{"not_picked":["Turbo","Defragment"],"picked":"Go for the Eyes","floor":1},{"not_picked":["Melter","Redo"],"picked":"Conserve Battery","floor":3},{"not_picked":["Gash","Sunder"],"picked":"Coolheaded","floor":4},{"not_picked":["Redo","Conserve Battery"],"picked":"Doom and Gloom","floor":5},{"not_picked":["Static Discharge","Steam"],"picked":"Chaos","floor":7},{"not_picked":["Leap","Cold Snap"],"picked":"Hologram","floor":10},{"not_picked":["Undo","Genetic Algorithm"],"picked":"Stack","floor":11},{"not_picked":["Sweeping Beam","Redo"],"picked":"Reboot","floor":14},{"not_picked":["Meteor Strike","Rainbow"],"picked":"Echo Form","floor":16},{"not_picked":["Doom and Gloom","Rip and Tear"],"picked":"Double Energy","floor":17},{"not_picked":["Doom and Gloom","Conserve Battery"],"picked":"Reinforced Body","floor":17},{"not_picked":["Darkness","Ball Lightning"],"picked":"Sweeping Beam","floor":17},{"not_picked":["Turbo","Sweeping Beam"],"picked":"Loop+1","floor":18},{"not_picked":["Stack","Beam Cell"],"picked":"White Noise","floor":19},{"not_picked":["Capacitor","Redo+1"],"picked":"FTL+1","floor":21},{"not_picked":["Compile Driver+1","Echo Form","Redo+1"],"picked":"SKIP","floor":24},{"not_picked":["Scrape","Hologram"],"picked":"Heatsinks","floor":27},{"not_picked":["Reinforced Body","Conserve Battery","Heatsinks"],"picked":"SKIP","floor":28},{"not_picked":["Leap","Loop","Hologram+1"],"picked":"SKIP","floor":30},{"not_picked":["Ball Lightning","Darkness+1","Stack"],"picked":"SKIP","floor":35},{"not_picked":["Rebound+1","Self Repair"],"picked":"Skim+1","floor":37},{"not_picked":["Compile Driver+1","Barrage+1"],"picked":"Force Field+1","floor":39},{"not_picked":["Sweeping Beam","Steam Power","Turbo+1"],"picked":"SKIP","floor":40},{"not_picked":["Darkness","Undo"],"picked":"Meteor Strike","floor":42},{"not_picked":["Sweeping Beam+1","Barrage","Undo"],"picked":"SKIP","floor":45},{"not_picked":["Capacitor+1","Force Field+1"],"picked":"Aggregate+1","floor":47},{"not_picked":["Rebound+1","Blizzard+1","Loop"],"picked":"SKIP","floor":48}],"player_experience":554201,"relics_obtained":[{"floor":7,"key":"Gambling Chip"},{"floor":9,"key":"Darkstone Periapt"},{"floor":10,"key":"Vajra"},{"floor":13,"key":"Meat on the Bone"},{"floor":14,"key":"Dream Catcher"},{"floor":24,"key":"Blood Vial"},{"floor":26,"key":"Ginger"},{"floor":27,"key":"Mummified Hand"},{"floor":40,"key":"Orichalcum"},{"floor":43,"key":"MawBank"},{"floor":47,"key":"Oddly Smooth Stone"}],"event_choices":[{"event_name":"Golden Wing","player_choice":"Card Removal","floor":2,"damage_taken":0},{"event_name":"Dead Adventurer","player_choice":"Searched \u00272\u0027 times","floor":12,"damage_taken":0},{"event_name":"Ghosts","player_choice":"Became a Ghost","floor":31,"damage_taken":0},{"event_name":"Accursed Blacksmith","player_choice":"Ignore","floor":36,"damage_taken":0},{"event_name":"Winding Halls","player_choice":"Embrace Madness","floor":38,"damage_taken":0}],"is_beta":false,"boss_relics":[{"not_picked":["Empty Cage","Tiny House"],"picked":"Orrery"},{"not_picked":["Sozu","Pandora\u0027s Box"],"picked":"Cursed Key"}],"items_purged_floors":[],"is_endless":false,"potions_floor_spawned":[1,3,4,5,7,10,11,14,16,18,19,21,24,27,28,30,33,35,37,39,40,42,45,47,48],"ascension_level":0}