{"gold_per_floor":[112,52,52,72,72,101,114,128,128,144,144,52,52,0,0,0],"floor_reached":16,"playtime":550,"items_purged":[],"score":231,"play_id":"73b3ce62-6eaa-425f-a7f5-313681dff9be","local_time":"20180916211830","is_ascension_mode":true,"campfire_choices":[{"data":"Cloak And Dagger","floor":13,"key":"SMITH"},{"data":"Neutralize","floor":15,"key":"SMITH"}],"neow_cost":"NONE","seed_source_timestamp":105842025430946,"circlet_count":0,"master_deck":["Defend_G","Defend_G","Defend_G","Defend_G","Defend_G","Strike_G","Strike_G","Strike_G","Strike_G","Survivor","Neutralize+1","AscendersBane","Finisher","Cloak And Dagger+1","Blur","Backflip","All Out Attack","Accuracy+1"],"relics":["Ring of the Snake","NeowsBlessing","Juzu Bracelet","Torii","Frozen Egg 2"],"potions_floor_usage":[8,16],"damage_taken":[{"damage":0,"enemies":"Small Slimes","floor":1,"turns":1},{"damage":0,"enemies":"Jaw Worm","floor":4,"turns":1},{"damage":0,"enemies":"3 Sentries","floor":6,"turns":2},{"damage":0,"enemies":"2 Louse","floor":7,"turns":5},{"damage":0,"enemies":"Lots of Slimes","floor":8,"turns":2},{"damage":2,"enemies":"Large Slime","floor":10,"turns":9},{"damage":34,"enemies":"The Guardian","floor":16,"turns":13}],"seed_played":"-209882669251496069","potions_obtained":[{"floor":1,"key":"Explosive Potion"},{"floor":4,"key":"Block Potion"}],"is_trial":false,"path_per_floor":["M","$","?","M","?","E","M","M","T","M","?","$","R","?","R"],"character_chosen":"THE_SILENT","items_purchased":["Cloak And Dagger","Accuracy+1"],"campfire_rested":0,"item_purchase_floors":[2,12],"current_hp_per_floor":[59,59,52,52,26,26,26,26,26,24,24,24,24,24,24,0],"gold":0,"neow_bonus":"THREE_ENEMY_KILL","is_prod":false,"is_daily":false,"chose_seed":false,"campfire_upgraded":2,"win_rate":0,"timestamp":1537147110,"path_taken":["M","$","?","?","?","E","M","M","T","M","?","?","R","?","R","BOSS"],"build_version":"2018-09-06","purchased_purges":0,"victory":false,"max_hp_per_floor":[66,66,66,66,66,66,66,66,66,66,66,66,66,66,66,66],"card_choices":[{"not_picked":["Eviscerate","Underhanded Strike"],"picked":"Finisher","floor":1},{"not_picked":["Eviscerate","Bane"],"picked":"Blur","floor":4},{"not_picked":["PiercingWail","Prepared","Poisoned Stab"],"picked":"SKIP","floor":6},{"not_picked":["Prepared","Flying Knee"],"picked":"Backflip","floor":7},{"not_picked":["Backflip","Riddle With Holes"],"picked":"All Out Attack","floor":8},{"not_picked":["Phantasmal Killer","Tactician","Concentrate"],"picked":"SKIP","floor":10}],"player_experience":665726,"relics_obtained":[{"floor":6,"key":"Torii"},{"floor":9,"key":"Frozen Egg 2"}],"event_choices":[{"event_name":"Golden Wing","player_choice":"Card Removal","floor":3,"damage_taken":0},{"event_name":"Scrap Ooze","player_choice":"success","floor":5,"damage_taken":26},{"event_name":"Dead Adventurer","player_choice":"Searched \u00270\u0027 times","floor":11,"damage_taken":0},{"event_name":"World of Goop","player_choice":"Left","floor":14,"damage_taken":0}],"is_beta":false,"boss_relics":[],"items_purged_floors":[],"is_endless":false,"potions_floor_spawned":[1,4,6],"killed_by":"The Guardian","ascension_level":17}