{"path_per_floor":["M","$","?","M","?","R","M","M","T","M","M","R","M","M","R","B",null,"M","?","M","$","M","R","E","R","T","R","M","$","?","M","R","B",null,"M","$","?","M","$","R","?","M","T","R","M","?","E","M","R","B"],"character_chosen":"IRONCLAD","items_purchased":["Whirlwind"],"gold_per_floor":[113,3,3,19,19,19,32,47,47,57,73,73,91,103,103,206,206,226,226,237,137,151,151,186,186,186,186,199,74,54,72,72,167,167,179,29,0,20,20,20,20,32,32,32,51,103,136,155,155,155],"floor_reached":51,"campfire_rested":2,"playtime":2616,"current_hp_per_floor":[67,67,52,51,44,44,53,57,57,73,77,77,73,77,77,77,77,67,67,58,58,51,51,29,52,52,52,47,47,47,57,57,12,61,55,55,55,59,59,59,49,58,58,58,54,58,49,60,77,36],"items_purged":["Parasite","Strike_R","Strike_R","Strike_R"],"gold":155,"score":811,"play_id":"c84e4a2d-355f-4508-baeb-a784ffaf996b","is_prod":false,"is_daily":false,"is_ascension_mode":true,"campfire_upgraded":8,"path_taken":["M","?","?","M","?","R","M","M","T","M","M","R","?","M","R","BOSS","M","?","M","?","M","R","E","R","T","R","M","$","?","M","R","BOSS","M","$","?","M","$","R","?","M","T","R","M","?","E","M","R","BOSS"],"build_version":"2018-02-22-PROD2","purchased_purges":4,"victory":true,"master_deck":["Strike_R+1","Defend_R","Defend_R","Defend_R+1","Defend_R","Bash","Reaper","Armaments+1","Whirlwind+1","Shockwave+1","Spot Weakness","Flex","Bloodletting+1","Battle Trance+1","Headbutt","Offering+1","Burning Pact","Evolve","Shrug It Off+1","Shrug It Off+1","Limit Break+1","Madness","Madness","Flex+1","Uppercut+1","Seeing Red+1"],"max_hp_per_floor":[80,77,77,77,77,77,77,77,77,77,77,77,77,77,77,77,77,77,77,77,77,77,77,77,77,77,77,77,77,77,77,77,77,77,77,77,77,77,77,77,77,77,77,77,77,77,77,77,77,77],"relics":["Burning Blood","Happy Flower","Mark of Pain","Mercury Hourglass","Du-Vu Doll","Sozu","Red Mask","Gambling Chip","Sundial","Blood Vial"],"card_choices":[{"not_picked":["Bloodletting","Corruption"],"picked":"Armaments"},{"not_picked":["Evolve","Body Slam"],"picked":"Shockwave"},{"not_picked":["Wild Strike","Anger"],"picked":"Spot Weakness"},{"not_picked":["Intimidate","Sever Soul"],"picked":"Flex"},{"not_picked":["Rampage","Burning Pact"],"picked":"Bloodletting"},{"not_picked":["Pommel Strike","Wild Strike"],"picked":"Battle Trance"},{"not_picked":["Uppercut","Rampage"],"picked":"Headbutt"},{"not_picked":["Juggernaut","Limit Break"],"picked":"Offering"},{"not_picked":["Warcry","Thunderclap"],"picked":"Burning Pact"},{"not_picked":["Burning Pact","Wild Strike"],"picked":"Shrug It Off"},{"not_picked":["Clash","Perfected Strike"],"picked":"Shrug It Off"},{"not_picked":["Bludgeon","Impervious"],"picked":"Limit Break"},{"not_picked":["Armaments","Disarm"],"picked":"Flex"},{"not_picked":["Body Slam","Whirlwind"],"picked":"Uppercut"},{"not_picked":["Berserk","Havoc"],"picked":"Seeing Red"}],"player_experience":257349,"potions_floor_usage":[4,18,22,22,22,31,33,42,46],"damage_taken":[{"damage":11,"enemies":"Cultist","floor":1,"turns":4},{"damage":7,"enemies":"Jaw Worm","floor":4,"turns":2},{"damage":0,"enemies":"2 Louse","floor":7,"turns":5},{"damage":8,"enemies":"Red Slaver","floor":8,"turns":5},{"damage":12,"enemies":"2 Fungi Beasts","floor":10,"turns":3},{"damage":7,"enemies":"Exordium Wildlife","floor":11,"turns":6},{"damage":29,"enemies":"Exordium Thugs","floor":13,"turns":5},{"damage":8,"enemies":"2 Fungi Beasts","floor":14,"turns":4},{"damage":5,"enemies":"Slime Boss","floor":16,"turns":3},{"damage":16,"enemies":"3 Byrds","floor":18,"turns":3},{"damage":25,"enemies":"Shell Parasite","floor":20,"turns":3},{"damage":32,"enemies":"Snecko","floor":22,"turns":5},{"damage":28,"enemies":"Book of Stabbing","floor":24,"turns":3},{"damage":14,"enemies":"Snake Plant","floor":28,"turns":3},{"damage":14,"enemies":"Centurion and Healer","floor":31,"turns":3},{"damage":79,"enemies":"Automaton","floor":33,"turns":10},{"damage":12,"enemies":"Orb Walker","floor":35,"turns":3},{"damage":22,"enemies":"3 Shapes","floor":38,"turns":7},{"damage":9,"enemies":"Maw","floor":42,"turns":7},{"damage":10,"enemies":"Sphere and 2 Shapes","floor":45,"turns":1},{"damage":31,"enemies":"Mysterious Sphere","floor":46,"turns":3},{"damage":15,"enemies":"Giant Head","floor":47,"turns":6},{"damage":23,"enemies":"3 Darklings","floor":48,"turns":3},{"damage":88,"enemies":"Donu and Deca","floor":50,"turns":6}],"event_choices":[{"event_name":"Shining Light","player_choice":"Entered Light","floor":3,"damage_taken":0},{"event_name":"Golden Wing","player_choice":"Card Removal","floor":5,"damage_taken":0},{"event_name":"The Library","player_choice":"Read","floor":19,"damage_taken":0},{"event_name":"The Woman in Blue","player_choice":"Bought 1 Potion","floor":30,"damage_taken":0},{"event_name":"Tomb of Lord Red Mask","player_choice":"Paid","floor":37,"damage_taken":0},{"event_name":"Winding Halls","player_choice":"Embrace Madness","floor":41,"damage_taken":0},{"event_name":"Mysterious Sphere","player_choice":"Fight","floor":46,"damage_taken":0}],"boss_relics":[{"not_picked":["Black Blood","Pandora\u0027s Box"],"picked":"Mark of Pain"},{"not_picked":["Philosopher\u0027s Stone","Snecko Eye"],"picked":"Sozu"}],"potions_floor_spawned":[1,7,8,14,18,24,31,33,35,38,42,48],"seed_played":"5991911870443445228","ascension_level":11,"is_trial":false}