{"gold_per_floor":[112,4,19,19,38,70,83,83,134,134,134,34,46,60,60,158,158,130,146,178,32,42,42],"floor_reached":23,"playtime":2639,"items_purged":["Defend_B","Strike_B"],"score":203,"play_id":"7e55a3b7-2c04-421a-8fa1-37c0c5c31e91","local_time":"20180818105453","is_ascension_mode":true,"campfire_choices":[{"data":"Go for the Eyes","floor":8,"key":"SMITH"},{"data":"Genetic Algorithm","floor":10,"key":"SMITH"},{"data":"Sunder","floor":15,"key":"SMITH"}],"neow_cost":"NONE","seed_source_timestamp":38783447696274,"circlet_count":0,"master_deck":["Strike_B","Strike_B+1","Defend_B","Zap","Dualcast","Genetic Algorithm+1","Glacier+1","Capacitor+1","Gash","Rebound","Go for the Eyes+1","Sunder+1","Biased Cognition","Compile Driver+1","Creative AI+1","Genetic Algorithm+1","Heatsinks+1","Conserve Battery"],"relics":["Cracked Core","Cables","Blood Vial","Astrolabe","Red Mask","Happy Flower"],"potions_floor_usage":[18,20,23],"damage_taken":[{"damage":5,"enemies":"Small Slimes","floor":1,"turns":3},{"damage":0,"enemies":"2 Louse","floor":3,"turns":2},{"damage":1,"enemies":"Cultist","floor":5,"turns":3},{"damage":7,"enemies":"3 Sentries","floor":6,"turns":10},{"damage":7,"enemies":"Exordium Thugs","floor":7,"turns":4},{"damage":1,"enemies":"Looter","floor":13,"turns":4},{"damage":0,"enemies":"Blue Slaver","floor":14,"turns":4},{"damage":19,"enemies":"Slime Boss","floor":16,"turns":12},{"damage":15,"enemies":"2 Thieves","floor":18,"turns":5},{"damage":9,"enemies":"Shell Parasite","floor":19,"turns":7},{"damage":29,"floor":20,"turns":4},{"damage":19,"enemies":"3 Cultists","floor":22,"turns":6},{"damage":25,"enemies":"Gremlin Leader","floor":23,"turns":7}],"seed_played":"1969843737864215710","potions_obtained":[{"floor":5,"key":"Block Potion"},{"floor":6,"key":"Strength Potion"},{"floor":13,"key":"FocusPotion"},{"floor":22,"key":"SpeedPotion"}],"is_trial":false,"path_per_floor":["M","$","M","?","M","E","M","R","T","R","?","$","M","M","R","B",null,"M","M","?","$","M"],"character_chosen":"DEFECT","items_purchased":["Capacitor","Happy Flower"],"campfire_rested":0,"item_purchase_floors":[2,21],"current_hp_per_floor":[70,70,70,55,54,47,40,40,40,40,40,40,41,43,43,26,75,60,53,26,26,9,0],"gold":42,"neow_bonus":"THREE_CARDS","is_prod":false,"is_daily":false,"chose_seed":false,"campfire_upgraded":3,"win_rate":0,"timestamp":1534586093,"path_taken":["M","$","M","?","M","E","M","R","T","R","?","$","?","M","R","BOSS","M","M","?","$","?","E"],"build_version":"2018-08-09","purchased_purges":2,"victory":false,"max_hp_per_floor":[75,75,75,75,75,75,75,75,75,75,75,75,75,75,75,75,75,75,75,75,75,75,75],"card_choices":[{"not_picked":["Cold Snap","Leap"],"picked":"Genetic Algorithm","floor":0},{"not_picked":["Leap","Turbo"],"picked":"Glacier","floor":1},{"not_picked":["Turbo","Stack"],"picked":"Gash","floor":3},{"not_picked":["Steam","Ball Lightning","Redo"],"picked":"SKIP","floor":5},{"not_picked":["Loop","Barrage"],"picked":"Rebound","floor":6},{"not_picked":["Sweeping Beam","Stack"],"picked":"Go for the Eyes","floor":7},{"not_picked":["Leap","Buffer","Chaos"],"picked":"SKIP","floor":13},{"not_picked":["Rip and Tear","Melter"],"picked":"Sunder","floor":14},{"not_picked":["Thunder Strike","Multi-Cast"],"picked":"Biased Cognition","floor":16},{"not_picked":["Genetic Algorithm+1","Compile Driver","Coolheaded"],"picked":"SKIP","floor":18},{"not_picked":["Lockon","Go for the Eyes"],"picked":"Heatsinks+1","floor":19},{"not_picked":["Compile Driver+1","Cold Snap+1"],"picked":"Conserve Battery","floor":20},{"not_picked":["Steam","Redo","Conserve Battery"],"picked":"SKIP","floor":22}],"player_experience":421480,"relics_obtained":[{"floor":6,"key":"Cables"},{"floor":9,"key":"Blood Vial"},{"floor":20,"key":"Red Mask"}],"event_choices":[{"event_name":"Shining Light","player_choice":"Entered Light","floor":4,"damage_taken":0},{"event_name":"Upgrade Shrine","player_choice":"Upgraded","floor":11,"damage_taken":0},{"event_name":"Masked Bandits","player_choice":"Fought Bandits","floor":20,"damage_taken":0}],"is_beta":false,"boss_relics":[{"not_picked":["Tiny House","Empty Cage"],"picked":"Astrolabe"}],"items_purged_floors":[2,12],"is_endless":false,"potions_floor_spawned":[5,6,13,22],"killed_by":"Gremlin Leader","ascension_level":1}