{"gold_per_floor":[119,50,50,2,16,44,44,72,161,206,242,254,266,288,300,413,425,454,391,403,111,111,111,143,156,156,156,9,42,61,109,109,109],"floor_reached":33,"playtime":2547,"items_purged":["Strike_B"],"score":451,"play_id":"1be435eb-48a6-455e-b9fe-fcbb3319734b","local_time":"20190118181249","is_ascension_mode":true,"campfire_choices":[{"data":"Zap","floor":12.0,"key":"SMITH"},{"data":"Redo","floor":15.0,"key":"SMITH"},{"data":"Zap","floor":23.0,"key":"SMITH"},{"data":"Scrape","floor":27.0,"key":"SMITH"},{"data":"Thunder Strike","floor":32,"key":"SMITH"}],"neow_cost":"NONE","seed_source_timestamp":87462043677903,"circlet_count":0,"master_deck":["Strike_B","Strike_B","Defend_B","Defend_B","Defend_B","Defend_B","Zap+1","Dualcast","Steam","Coolheaded","Zap+1","Scrape+1","Redo+1","Gash","Electrodynamics","BootSequence","Beam Cell","Electrodynamics","Steam Power+1","Hologram","Stack","Turbo","Chill+1","Doubt","Thunder Strike+1","BootSequence","Conserve Battery","Decay"],"special_seed":0,"relics":["Cracked Core","NeowsBlessing","Vajra","MawBank","Meat on the Bone","Orichalcum","DataDisk","Cursed Key","Smiling Mask","Ancient Tea Set","Lantern","Bronze Scales"],"potions_floor_usage":[29,33],"damage_taken":[{"damage":0.0,"enemies":"Cultist","floor":1.0,"turns":1.0},{"damage":0.0,"enemies":"Jaw Worm","floor":5.0,"turns":1.0},{"damage":0.0,"enemies":"Lagavulin","floor":6.0,"turns":1.0},{"damage":20.0,"enemies":"Gremlin Nob","floor":8.0,"turns":4.0},{"damage":20.0,"enemies":"3 Sentries","floor":10.0,"turns":3.0},{"damage":0.0,"enemies":"Small Slimes","floor":14.0,"turns":2.0},{"damage":1.0,"enemies":"The Guardian","floor":16.0,"turns":10.0},{"damage":0.0,"enemies":"Shell Parasite","floor":18.0,"turns":5.0},{"damage":0.0,"enemies":"Slavers","floor":24.0,"turns":1.0},{"damage":16.0,"enemies":"Spheric Guardian","floor":25.0,"turns":4.0},{"damage":20,"enemies":"Book of Stabbing","floor":29,"turns":5},{"damage":0,"enemies":"3 Cultists","floor":30,"turns":3},{"damage":59,"enemies":"Champ","floor":33,"turns":7}],"seed_played":"-4078813234436672233","potions_obtained":[{"floor":6.0,"key":"Swift Potion"},{"floor":10.0,"key":"FocusPotion"},{"floor":16.0,"key":"EssenceOfSteel"},{"floor":25.0,"key":"LiquidBronze"},{"floor":30,"key":"Energy Potion"}],"is_trial":false,"path_per_floor":["M","$","?","$","M","E","$","E","T","E","T","R","?","M","R","B",null,"M","?","?","$","?","R","E","M","T","R","$","E","M","T","R","B"],"character_chosen":"DEFECT","items_purchased":["Coolheaded","Rebound","Poison Potion","Hologram","Stack","FocusPotion","FocusPotion","Thunder Strike"],"campfire_rested":0,"item_purchase_floors":[2,2,4,21,21,21,21,28],"current_hp_per_floor":[68,68,68,68,68,68,68,48,48,40,40,40,45,45,45,44,67,67,67,53,53,53,53,53,49,49,49,49,41,41,41,41,0],"gold":109,"neow_bonus":"THREE_ENEMY_KILL","is_prod":false,"is_daily":false,"chose_seed":false,"campfire_upgraded":5,"win_rate":0,"timestamp":1547853169,"path_taken":["M","$","?","$","?","E","$","E","T","E","?","R","?","?","R","BOSS","M","?","?","?","?","R","E","?","T","R","$","E","M","?","R","BOSS"],"build_version":"2019-01-17v2","purchased_purges":1,"victory":false,"max_hp_per_floor":[75,75,75,75,75,75,75,75,75,75,75,75,75,75,75,75,75,75,75,80,80,80,80,80,80,80,80,80,80,80,80,80,80],"card_choices":[{"not_picked":["Chill","Stack"],"picked":"Steam","floor":1.0},{"not_picked":["Melter","Auto Shields"],"picked":"Redo","floor":5.0},{"not_picked":["Defragment","Reprogram"],"picked":"Gash","floor":6.0},{"not_picked":["Turbo","Cold Snap"],"picked":"Electrodynamics","floor":8.0},{"not_picked":["Steam Power","Amplify"],"picked":"BootSequence","floor":10.0},{"not_picked":["Heatsinks","Ball Lightning"],"picked":"Beam Cell","floor":14.0},{"not_picked":["Hyperbeam","Biased Cognition"],"picked":"Electrodynamics","floor":16.0},{"not_picked":["Darkness","Barrage"],"picked":"Steam Power+1","floor":18.0},{"not_picked":["Heatsinks","Cold Snap","Meteor Strike"],"picked":"SKIP","floor":24.0},{"not_picked":["Cold Snap+1","Recycle"],"picked":"Chill+1","floor":25.0},{"not_picked":["Consume+1","Rebound"],"picked":"BootSequence","floor":29},{"not_picked":["Blizzard","Hologram+1"],"picked":"Conserve Battery","floor":30}],"player_experience":163947,"relics_obtained":[{"floor":6.0,"key":"Vajra"},{"floor":8.0,"key":"MawBank"},{"floor":9.0,"key":"Meat on the Bone"},{"floor":10.0,"key":"Orichalcum"},{"floor":11.0,"key":"DataDisk"},{"floor":24.0,"key":"Smiling Mask"},{"floor":26.0,"key":"Ancient Tea Set"},{"floor":29,"key":"Lantern"},{"floor":31,"key":"Bronze Scales"}],"event_choices":[{"damage_healed":0.0,"max_hp_gain":0.0,"max_hp_loss":0.0,"gold_gain":0.0,"event_name":"Match and Keep!","player_choice":"2 cards matched","floor":3.0,"gold_loss":0.0,"damage_taken":0.0,"cards_obtained":["Zap","Scrape"]},{"cards_removed":["Rebound"],"damage_healed":5.0,"max_hp_gain":0.0,"max_hp_loss":0.0,"gold_gain":0.0,"event_name":"Bonfire Elementals","player_choice":"Offered Common","floor":13.0,"gold_loss":0.0,"damage_taken":0.0},{"cards_removed":["Rebound"],"damage_healed":5.0,"max_hp_gain":0.0,"max_hp_loss":0.0,"gold_gain":0.0,"event_name":"Bonfire Elementals","player_choice":"Offered Special","floor":13.0,"gold_loss":0.0,"damage_taken":0.0},{"cards_removed":["Strike_B"],"damage_healed":0.0,"max_hp_gain":0.0,"max_hp_loss":0.0,"gold_gain":0.0,"event_name":"Beggar","player_choice":"Gave Gold","floor":19.0,"gold_loss":75.0,"damage_taken":0.0},{"damage_healed":0.0,"max_hp_gain":5.0,"max_hp_loss":0.0,"gold_gain":0.0,"event_name":"Forgotten Altar","player_choice":"Shed Blood","floor":20.0,"gold_loss":0.0,"damage_taken":19.0},{"damage_healed":0.0,"max_hp_gain":0.0,"max_hp_loss":0.0,"gold_gain":0.0,"event_name":"The Library","player_choice":"Read","floor":22.0,"gold_loss":0.0,"damage_taken":0.0,"cards_obtained":["Turbo"]}],"is_beta":false,"boss_relics":[{"not_picked":["Busted Crown","Ectoplasm"],"picked":"Cursed Key"}],"items_purged_floors":[21],"is_endless":false,"potions_floor_spawned":[6,10,16,25,30],"killed_by":"Champ","ascension_level":6}