{"gold_per_floor":[111,36,36,36,36,36,71,82,109,151,163,186,163,210,222,305,317,339,351,380,13,13,13,47,64,118,0,0,20,51,51],"floor_reached":31,"playtime":1226,"items_purged":["Strike_R"],"score":678,"play_id":"1a3886c4-c597-43e8-9d46-80d7c146c16d","local_time":"20181031172949","is_ascension_mode":true,"campfire_choices":[{"data":"Bash","floor":6.0,"key":"SMITH"},{"data":"True Grit","floor":11.0,"key":"SMITH"},{"data":"Heavy Blade","floor":15.0,"key":"SMITH"},{"floor":23.0,"key":"REST"},{"floor":28.0,"key":"REST"}],"neow_cost":"NONE","seed_source_timestamp":1889948030159473,"circlet_count":0,"master_deck":["Strike_R+1","Strike_R","Strike_R","Strike_R","Defend_R","Defend_R+1","Defend_R","Defend_R","Bash+1","AscendersBane","Rupture","Brutality","Anger","True Grit+1","Metallicize+1","Heavy Blade+1","Offering","Cleave","Pommel Strike","Shockwave","Shrug It Off","RitualDagger","Metallicize","Feel No Pain"],"special_seed":0,"relics":["Burning Blood","NeowsBlessing","Regal Pillow","MawBank","Vajra","Bag of Preparation","Orrery","Dead Branch","Smiling Mask","Dream Catcher","Shuriken"],"potions_floor_usage":[30,31],"damage_taken":[{"damage":0.0,"enemies":"Small Slimes","floor":1.0,"turns":1.0},{"damage":0.0,"enemies":"3 Sentries","floor":7.0,"turns":2.0},{"damage":0.0,"enemies":"2 Louse","floor":8.0,"turns":1.0},{"damage":22.0,"enemies":"Gremlin Nob","floor":10.0,"turns":4.0},{"damage":4.0,"enemies":"Jaw Worm","floor":12.0,"turns":3.0},{"damage":16.0,"enemies":"Lagavulin","floor":14.0,"turns":6.0},{"damage":53.0,"enemies":"Hexaghost","floor":16.0,"turns":9.0},{"damage":13.0,"enemies":"3 Byrds","floor":18.0,"turns":6.0},{"damage":30.0,"enemies":"2 Thieves","floor":20.0,"turns":4.0},{"damage":9.0,"enemies":"Gremlin Leader","floor":24.0,"turns":5.0},{"damage":32.0,"enemies":"Snecko","floor":25.0,"turns":6.0},{"damage":17.0,"enemies":"3 Cultists","floor":29.0,"turns":5.0},{"damage":43,"enemies":"Book of Stabbing","floor":30,"turns":6},{"damage":28,"enemies":"Shelled Parasite and Fungi","floor":31,"turns":2}],"seed_played":"2802755303352774915","potions_obtained":[{"floor":1.0,"key":"Weak Potion"},{"floor":7.0,"key":"Swift Potion"},{"floor":10.0,"key":"Fire Potion"},{"floor":12.0,"key":"Poison Potion"},{"floor":20.0,"key":"SkillPotion"},{"floor":24.0,"key":"Strength Potion"}],"is_trial":false,"path_per_floor":["M","$","?","$","?","R","E","M","T","E","R","M","?","E","R","B",null,"M","?","M","$","?","R","E","M","T","?","R","M","E"],"character_chosen":"IRONCLAD","items_purchased":["Dead Branch","Explosive Potion"],"campfire_rested":2,"item_purchase_floors":[21,21],"current_hp_per_floor":[74,74,79,79,55,55,61,67,67,51,51,53,73,63,63,16,64,57,51,27,27,27,66,63,37,37,37,76,65,28,0],"gold":51,"neow_bonus":"THREE_ENEMY_KILL","is_prod":false,"is_daily":false,"chose_seed":false,"campfire_upgraded":3,"win_rate":0,"timestamp":1541021389,"path_taken":["M","$","?","$","?","R","E","M","T","E","R","M","?","E","R","BOSS","M","?","M","$","?","R","E","M","T","?","R","?","E","M"],"build_version":"2018-10-25v2","purchased_purges":1,"victory":false,"max_hp_per_floor":[75,75,80,80,80,80,80,80,80,80,80,80,80,80,80,80,80,80,80,80,80,80,80,80,80,80,80,80,80,80,80],"card_choices":[{"not_picked":["Entrench","Second Wind"],"picked":"Rupture","floor":1.0},{"not_picked":["Heavy Blade","Headbutt"],"picked":"Brutality","floor":7.0},{"not_picked":["Inflame","Armaments"],"picked":"Anger","floor":8.0},{"not_picked":["Twin Strike","Havoc"],"picked":"True Grit","floor":10.0},{"not_picked":["Thunderclap","Bloodletting"],"picked":"Metallicize","floor":12.0},{"not_picked":["Carnage","Thunderclap"],"picked":"Heavy Blade","floor":14.0},{"not_picked":["Bludgeon","Fiend Fire"],"picked":"Offering","floor":16.0},{"not_picked":["True Grit","Clash"],"picked":"Cleave","floor":17.0},{"not_picked":["Sword Boomerang","True Grit"],"picked":"Pommel Strike","floor":17.0},{"not_picked":["True Grit","Hemokinesis"],"picked":"Shockwave","floor":17.0},{"not_picked":["True Grit","Thunderclap"],"picked":"Shrug It Off","floor":18.0},{"not_picked":["Anger","Warcry"],"picked":"Metallicize","floor":20.0},{"not_picked":["Berserk","Dual Wield","Infernal Blade"],"picked":"SKIP","floor":24.0},{"not_picked":["Thunderclap","Clash","Searing Blow+1"],"picked":"SKIP","floor":25.0},{"not_picked":["Shrug It Off","True Grit"],"picked":"Feel No Pain","floor":28.0},{"not_picked":["Burning Pact","Clothesline","Flex"],"picked":"SKIP","floor":29.0},{"not_picked":["Reckless Charge","Fire Breathing","Entrench+1"],"picked":"SKIP","floor":30}],"player_experience":874400,"relics_obtained":[{"floor":7.0,"key":"Regal Pillow"},{"floor":9.0,"key":"MawBank"},{"floor":10.0,"key":"Vajra"},{"floor":14.0,"key":"Bag of Preparation"},{"floor":24.0,"key":"Smiling Mask"},{"floor":26.0,"key":"Dream Catcher"},{"floor":30,"key":"Shuriken"}],"event_choices":[{"damage_healed":0.0,"max_hp_gain":5.0,"max_hp_loss":0.0,"gold_gain":0.0,"event_name":"Big Fish","player_choice":"Donut","floor":3.0,"gold_loss":0.0,"damage_taken":0.0},{"damage_healed":0.0,"max_hp_gain":0.0,"max_hp_loss":0.0,"gold_gain":0.0,"event_name":"Shining Light","player_choice":"Entered Light","floor":5.0,"gold_loss":0.0,"damage_taken":24.0,"cards_upgraded":["Strike_R","Defend_R"]},{"damage_healed":20.0,"max_hp_gain":0.0,"max_hp_loss":0.0,"gold_gain":0.0,"event_name":"The Cleric","player_choice":"Healed","floor":13.0,"gold_loss":35.0,"damage_taken":0.0},{"damage_healed":0.0,"max_hp_gain":0.0,"max_hp_loss":0.0,"gold_gain":0.0,"event_name":"Nest","player_choice":"Joined the Cult","floor":19.0,"gold_loss":0.0,"damage_taken":6.0,"cards_obtained":["RitualDagger"]},{"damage_healed":0.0,"max_hp_gain":0.0,"max_hp_loss":0.0,"gold_gain":0.0,"event_name":"Upgrade Shrine","player_choice":"Upgraded","floor":22.0,"gold_loss":0.0,"damage_taken":0.0,"cards_upgraded":["Metallicize"]},{"damage_healed":0.0,"max_hp_gain":0.0,"max_hp_loss":0.0,"gold_gain":0.0,"event_name":"Masked Bandits","player_choice":"Paid Fearfully","floor":27.0,"gold_loss":118.0,"damage_taken":0.0}],"is_beta":false,"boss_relics":[{"not_picked":["White Beast Statue","Pandora\u0027s Box"],"picked":"Orrery"}],"items_purged_floors":[2],"is_endless":false,"potions_floor_spawned":[1,7,10,12,20,24],"killed_by":"Shelled Parasite and Fungi","ascension_level":20}