{"gold_per_floor":[110,125,144,144,144,173,248,248,248,276,290,290,290,70,70,174,174,192,192,209,227,244,244,244],"floor_reached":24,"playtime":3352,"items_purged":["Defend_B"],"score":216,"play_id":"43488605-3286-4396-9aff-02a4ee5a7155","local_time":"20180818101023","is_ascension_mode":true,"campfire_choices":[{"data":"Defend_B","floor":8,"key":"PURGE"},{"data":"Strike_B","floor":13,"key":"PURGE"},{"floor":15,"key":"REST"},{"data":"RitualDagger","floor":23,"key":"SMITH"}],"neow_cost":"NONE","seed_source_timestamp":35379863446413,"circlet_count":0,"master_deck":["Strike_B","Strike_B","Defend_B","Zap","Dualcast","Cold Snap","BootSequence","Go for the Eyes","Biased Cognition","Defragment","RitualDagger+1","Glacier"],"relics":["Cracked Core","Bag of Preparation","Peace Pipe","Gambling Chip","Art of War","Orichalcum","Cursed Key"],"potions_floor_usage":[6,16,16,16,16,21,24],"damage_taken":[{"damage":0,"enemies":"Small Slimes","floor":1,"turns":2},{"damage":3,"enemies":"2 Louse","floor":2,"turns":2},{"damage":1,"enemies":"Jaw Worm","floor":3,"turns":3},{"damage":9,"enemies":"3 Sentries","floor":6,"turns":9},{"damage":20,"enemies":"Gremlin Nob","floor":10,"turns":4},{"damage":0,"enemies":"Blue Slaver","floor":11,"turns":3},{"damage":26,"enemies":"The Guardian","floor":16,"turns":11},{"damage":0,"enemies":"Chosen","floor":18,"turns":4},{"damage":5,"enemies":"2 Thieves","floor":20,"turns":4},{"damage":0,"enemies":"Snake Plant","floor":21,"turns":4},{"damage":14,"enemies":"Chosen and Byrds","floor":22,"turns":8},{"damage":50,"enemies":"Gremlin Leader","floor":24,"turns":8}],"seed_played":"-5542353213736799365","potions_obtained":[{"floor":1,"key":"SpeedPotion"},{"floor":10,"key":"Block Potion"},{"floor":11,"key":"EntropicBrew"},{"floor":18,"key":"SkillPotion"}],"is_trial":false,"path_per_floor":["M","M","M","?","?","E","?","R","T","E","M","?","R","$","R","B",null,"M","?","M","M","M","R"],"character_chosen":"DEFECT","items_purchased":["Orichalcum"],"campfire_rested":1,"item_purchase_floors":[14],"current_hp_per_floor":[75,72,71,71,71,62,51,51,51,31,31,24,24,24,46,20,75,75,69,64,64,50,50,0],"gold":244,"neow_bonus":"RANDOM_COMMON_RELIC","is_prod":false,"is_daily":false,"chose_seed":false,"campfire_upgraded":1,"win_rate":0,"timestamp":1534583423,"path_taken":["M","M","M","?","?","E","?","R","T","E","?","?","R","$","R","BOSS","M","?","M","M","M","R","E"],"build_version":"2018-08-09","purchased_purges":1,"victory":false,"max_hp_per_floor":[75,75,75,75,75,75,75,75,75,75,75,75,75,75,75,75,75,75,75,75,75,75,75,75],"card_choices":[{"not_picked":["Steam","Skim","Redo"],"picked":"SKIP","floor":1},{"not_picked":["Double Energy","Beam Cell"],"picked":"Cold Snap","floor":2},{"not_picked":["Recycle","Ball Lightning","Streamline"],"picked":"SKIP","floor":3},{"not_picked":["Loop","Stack"],"picked":"BootSequence","floor":6},{"not_picked":["Tempest","Rip and Tear","Blizzard"],"picked":"SKIP","floor":10},{"not_picked":["Compile Driver","Gash"],"picked":"Go for the Eyes","floor":11},{"not_picked":["Multi-Cast","Fission"],"picked":"Biased Cognition","floor":16},{"not_picked":["Darkness","Chaos"],"picked":"Defragment","floor":18},{"not_picked":["Go for the Eyes","Beam Cell","Coolheaded"],"picked":"SKIP","floor":20},{"not_picked":["Conserve Battery","Compile Driver"],"picked":"Glacier","floor":21},{"not_picked":["Steam Power+1","Streamline","Gash"],"picked":"SKIP","floor":22}],"player_experience":418128,"relics_obtained":[{"floor":6,"key":"Peace Pipe"},{"floor":9,"key":"Gambling Chip"},{"floor":10,"key":"Art of War"}],"event_choices":[{"event_name":"Living Wall","player_choice":"Forget","floor":4,"damage_taken":0},{"event_name":"Liars Game","player_choice":"disagreed","floor":5,"damage_taken":0},{"event_name":"World of Goop","player_choice":"Gather Gold","floor":7,"damage_taken":0},{"event_name":"Golden Wing","player_choice":"Card Removal","floor":12,"damage_taken":0},{"event_name":"Nest","player_choice":"Joined the Cult","floor":19,"damage_taken":0}],"is_beta":false,"boss_relics":[{"not_picked":["Sozu","Snecko Eye"],"picked":"Cursed Key"}],"items_purged_floors":[14],"is_endless":false,"potions_floor_spawned":[1,10,11,18],"killed_by":"Gremlin Leader","ascension_level":1}