{"gold_per_floor":[117,39,39,54,80,110,110,124,149,180,180,211,211,241,241,315,315,329,7,26,26,26,26],"floor_reached":23,"playtime":703,"items_purged":["Venomology"],"score":608,"play_id":"4bbfb790-11e6-40b9-967f-9ea2b457f490","local_time":"20190508213530","is_ascension_mode":true,"campfire_choices":[{"data":"Glass Knife","floor":7,"key":"SMITH"},{"floor":11,"key":"REST"},{"data":"A Thousand Cuts","floor":15,"key":"SMITH"}],"neow_cost":"NONE","seed_source_timestamp":271343543353382,"circlet_count":0,"master_deck":["AscendersBane","Defend_G+1","Defend_G+1","Defend_G+1","Defend_G","Defend_G","Survivor","Neutralize","Deadly Poison","Glass Knife+1","Dash","Predator","A Thousand Cuts+1","Bane","Tools of the Trade","Heel Hook","Backflip","Acrobatics","Cloak And Dagger","Cloak And Dagger","RitualDagger","Bite","Bite","Bite","Bite","Bite"],"relics":["Ring of the Snake","NeowsBlessing","Vajra","Snake Skull","Regal Pillow","Lantern","War Paint","Oddly Smooth Stone","Sozu","Chemical X"],"potions_floor_usage":[10,10,16,16],"damage_taken":[{"damage":0,"enemies":"Jaw Worm","floor":1,"turns":1},{"damage":0,"enemies":"Cultist","floor":4,"turns":1},{"damage":0,"enemies":"3 Sentries","floor":6,"turns":2},{"damage":0,"enemies":"2 Louse","floor":8,"turns":1},{"damage":0,"enemies":"Gremlin Nob","floor":10,"turns":3},{"damage":0,"enemies":"3 Sentries","floor":12,"turns":6},{"damage":0,"enemies":"Gremlin Nob","floor":14,"turns":3},{"damage":6,"enemies":"Hexaghost","floor":16,"turns":9},{"damage":10,"enemies":"Spheric Guardian","floor":18,"turns":4},{"damage":19,"enemies":"2 Thieves","floor":20,"turns":4},{"damage":0,"enemies":"Slavers","floor":23,"turns":1}],"seed_played":"-3191629082471803013","potions_obtained":[{"floor":6,"key":"Poison Potion"},{"floor":8,"key":"Swift Potion"},{"floor":10,"key":"Dexterity Potion"},{"floor":14,"key":"Poison Potion"},{"floor":16,"key":"Poison Potion"}],"is_trial":false,"path_per_floor":["M","$","?","M","T","E","R","M","T","E","R","E","?","E","R","B",null,"M","$","M","?","?","E"],"character_chosen":"THE_SILENT","items_purchased":["Glass Knife","Chemical X","Cloak And Dagger"],"campfire_rested":1,"item_purchase_floors":[2,19,19],"current_hp_per_floor":[59,59,39,39,39,39,39,39,39,39,66,66,66,66,66,60,65,55,55,36,30,30,30],"gold":26,"neow_bonus":"THREE_ENEMY_KILL","is_prod":false,"is_daily":false,"chose_seed":false,"campfire_upgraded":2,"win_rate":0,"timestamp":1557376530,"path_taken":["M","$","?","M","?","E","R","M","T","E","R","E","?","E","R","BOSS","M","$","M","?","?","E"],"build_version":"2019-01-23","purchased_purges":1,"victory":false,"max_hp_per_floor":[66,66,66,66,66,66,66,66,66,66,66,66,66,66,66,66,66,66,66,66,66,46,46],"card_choices":[{"not_picked":["Acrobatics","Accuracy"],"picked":"Deadly Poison","floor":1},{"not_picked":["Caltrops","Prepared"],"picked":"Dash","floor":4},{"not_picked":["Terror","Blade Dance"],"picked":"Predator","floor":6},{"not_picked":["Acrobatics","Dodge and Roll"],"picked":"A Thousand Cuts","floor":8},{"not_picked":["Underhanded Strike","All Out Attack"],"picked":"Bane","floor":10},{"not_picked":["Bane","Heel Hook"],"picked":"Tools of the Trade","floor":12},{"not_picked":["Choke","Accuracy"],"picked":"Backflip","floor":14},{"not_picked":["Storm of Steel","Bullet Time"],"picked":"Venomology","floor":16},{"not_picked":["Quick Slash","Prepared"],"picked":"Acrobatics","floor":18},{"not_picked":["Finisher","Leg Sweep"],"picked":"Cloak And Dagger","floor":20}],"player_experience":652572,"relics_obtained":[{"floor":5,"key":"Vajra"},{"floor":6,"key":"Snake Skull"},{"floor":9,"key":"Regal Pillow"},{"floor":10,"key":"Lantern"},{"floor":12,"key":"War Paint"},{"floor":14,"key":"Oddly Smooth Stone"}],"event_choices":[{"damage_healed":0,"gold_gain":0,"player_choice":"Entered Light","damage_taken":20,"max_hp_gain":0,"max_hp_loss":0,"event_name":"Shining Light","floor":3,"gold_loss":0,"cards_upgraded":["Strike_G","Defend_G"]},{"damage_healed":0,"gold_gain":0,"player_choice":"1 cards matched","damage_taken":0,"max_hp_gain":0,"max_hp_loss":0,"event_name":"Match and Keep!","floor":13,"gold_loss":0,"cards_obtained":["Heel Hook"]},{"damage_healed":0,"gold_gain":0,"player_choice":"1 cards matched","damage_taken":0,"max_hp_gain":0,"max_hp_loss":0,"event_name":"Match and Keep!","floor":13,"gold_loss":0,"cards_obtained":["Heel Hook"]},{"damage_healed":0,"gold_gain":0,"player_choice":"Joined the Cult","damage_taken":6,"max_hp_gain":0,"max_hp_loss":0,"event_name":"Nest","floor":21,"gold_loss":0,"cards_obtained":["RitualDagger"]},{"damage_healed":0,"gold_gain":0,"player_choice":"Became a vampire","damage_taken":0,"max_hp_gain":0,"max_hp_loss":20,"event_name":"Vampires","floor":22,"gold_loss":0,"cards_obtained":["Bite","Bite","Bite","Bite","Bite"]}],"is_beta":false,"boss_relics":[{"not_picked":["White Beast Statue","Orrery"],"picked":"Sozu"}],"items_purged_floors":[19],"is_endless":false,"potions_floor_spawned":[6,8,10,14,16,20],"killed_by":"Slavers","ascension_level":17}