{"gold_per_floor":[119,119,5,20,40,79,79,79,79,102,136,13,13,44,44,44],"floor_reached":16,"playtime":1580,"items_purged":["Defend_B","Strike_B"],"score":130,"play_id":"d4d39a82-0a37-4eff-9ef6-ef8e6eb687bc","local_time":"20180818173514","is_ascension_mode":true,"campfire_choices":[{"floor":8,"key":"REST"},{"floor":13,"key":"REST"},{"floor":15,"key":"REST"}],"neow_cost":"NONE","seed_source_timestamp":55721383381302,"circlet_count":0,"master_deck":["Strike_B","Strike_B","Defend_B","Defend_B","Zap","Dualcast","Coolheaded","Glacier","Conserve Battery","Go for the Eyes"],"relics":["Cracked Core","Golden Idol","Bottled Lightning","Ornamental Fan","Art of War","Bag of Marbles"],"potions_floor_usage":[6,11],"damage_taken":[{"damage":7,"enemies":"Small Slimes","floor":1,"turns":3},{"damage":3,"enemies":"Jaw Worm","floor":4,"turns":6},{"damage":0,"enemies":"Cultist","floor":5,"turns":5},{"damage":29,"enemies":"Lagavulin","floor":6,"turns":9},{"damage":2,"enemies":"Blue Slaver","floor":10,"turns":5},{"damage":2,"enemies":"3 Sentries","floor":11,"turns":13},{"damage":45,"enemies":"Gremlin Nob","floor":14,"turns":6},{"damage":12,"enemies":"Slime Boss","floor":16,"turns":5}],"seed_played":"5575980557397445610","potions_obtained":[{"floor":1,"key":"SpeedPotion"},{"floor":5,"key":"SteroidPotion"},{"floor":6,"key":"AttackPotion"},{"floor":10,"key":"Energy Potion"}],"is_trial":false,"path_per_floor":["M","?","$","M","M","E","?","R","T","M","E","$","R","E","R"],"character_chosen":"DEFECT","items_purchased":["Glacier","Conserve Battery"],"campfire_rested":3,"item_purchase_floors":[3,12],"current_hp_per_floor":[68,50,50,47,47,18,18,40,40,38,36,36,58,13,35,23],"gold":44,"neow_bonus":"REMOVE_CARD","is_prod":false,"is_daily":false,"chose_seed":false,"campfire_upgraded":0,"win_rate":0,"timestamp":1534610114,"path_taken":["M","?","$","M","M","E","?","R","T","M","E","$","R","E","R","BOSS"],"build_version":"2018-08-16","purchased_purges":2,"victory":false,"max_hp_per_floor":[75,75,75,75,75,75,75,75,75,75,75,75,75,75,75,75],"card_choices":[{"not_picked":["Steam","Double Energy"],"picked":"Coolheaded","floor":1},{"not_picked":["Recycle","Leap","Redo"],"picked":"SKIP","floor":4},{"not_picked":["Thunder Strike","Reprogram","Reinforced Body"],"picked":"SKIP","floor":5},{"not_picked":["Redo","Gash","Hello World"],"picked":"SKIP","floor":6},{"not_picked":["Barrage","Leap","Chaos"],"picked":"SKIP","floor":10},{"not_picked":["Streamline","Hyperbeam","Cold Snap"],"picked":"SKIP","floor":11},{"not_picked":["Heatsinks","Aggregate"],"picked":"Go for the Eyes","floor":14}],"player_experience":436577,"relics_obtained":[{"floor":6,"key":"Bottled Lightning"},{"floor":9,"key":"Ornamental Fan"},{"floor":11,"key":"Art of War"},{"floor":14,"key":"Bag of Marbles"}],"event_choices":[{"event_name":"Golden Idol","player_choice":"Take Damage","floor":2,"damage_taken":0},{"event_name":"Living Wall","player_choice":"Forget","floor":7,"damage_taken":0}],"is_beta":false,"boss_relics":[],"items_purged_floors":[3,12],"is_endless":false,"potions_floor_spawned":[1,5,6,10],"killed_by":"Slime Boss","ascension_level":2}