{"path_per_floor":["M","M","M","?","$","E","R","M","T","M","?","E","R","$","R","B",null,"M","$","M","M","M","R","M","?","T","R"],"character_chosen":"IRONCLAD","items_purchased":["Offering"],"gold_per_floor":[113,130,150,150,12,40,40,58,58,78,78,103,103,28,28,126,126,140,40,56,73,88,88,98,23,23,23],"floor_reached":28,"campfire_rested":2,"playtime":1230,"current_hp_per_floor":[80,77,80,80,80,61,61,55,55,49,49,47,71,71,71,39,80,77,77,57,29,13,52,39,39,39,39],"items_purged":["Strike_R","Strike_R"],"gold":23,"score":276,"play_id":"63775239-1357-4a98-8f65-c9aea82d9595","is_prod":false,"is_daily":false,"is_ascension_mode":true,"campfire_upgraded":3,"path_taken":["M","M","M","?","$","E","R","M","T","?","?","E","R","$","R","BOSS","M","$","M","M","M","R","M","?","T","R","E"],"build_version":"2018-02-15-PROD1","purchased_purges":2,"victory":false,"master_deck":["Strike_R+1","Defend_R","Defend_R","Defend_R","Defend_R+1","Bash","Decay","Bludgeon+1","Whirlwind+1","Pommel Strike","Offering","Immolate","Armaments+1","Juggernaut","Shrug It Off+1","Offering","Writhe","Writhe","Normality","Entrench","Feel No Pain","Iron Wave+1"],"max_hp_per_floor":[80,80,80,80,80,80,80,80,80,80,80,80,80,80,80,80,80,80,80,80,80,80,80,80,80,80,80],"relics":["Burning Blood","Whetstone","Unceasing Top","Prayer Wheel","Calling Bell","Blue Candle","Regal Pillow","War Paint","Frozen Eye"],"card_choices":[{"not_picked":["Berserk","Dark Embrace"],"picked":"Bludgeon"},{"not_picked":["Twin Strike","Pommel Strike"],"picked":"Whirlwind"},{"not_picked":["Infernal Blade","Body Slam"],"picked":"Pommel Strike"},{"not_picked":["Pommel Strike","Iron Wave"],"picked":"Immolate"},{"not_picked":["Body Slam","Flex"],"picked":"Armaments"},{"not_picked":["Clash","Flex"],"picked":"Shrug It Off"},{"not_picked":["Bludgeon","Exhume"],"picked":"Offering"},{"not_picked":["Bloodletting","Twin Strike"],"picked":"Entrench"},{"not_picked":["Reckless Charge","Seeing Red"],"picked":"Feel No Pain"},{"not_picked":["Dropkick","Clothesline"],"picked":"Iron Wave"}],"player_experience":160824,"potions_floor_usage":[12,12,12,20,21],"damage_taken":[{"damage":6,"enemies":"Small Slimes","floor":1,"turns":2},{"damage":9,"enemies":"2 Louse","floor":2,"turns":3},{"damage":0,"enemies":"Cultist","floor":3,"turns":2},{"damage":25,"enemies":"3 Sentries","floor":6,"turns":6},{"damage":12,"enemies":"Blue Slaver","floor":8,"turns":3},{"damage":12,"enemies":"Red Slaver","floor":10,"turns":4},{"damage":14,"enemies":"Gremlin Nob","floor":12,"turns":3},{"damage":38,"enemies":"The Guardian","floor":16,"turns":11},{"damage":9,"enemies":"3 Byrds","floor":18,"turns":3},{"damage":26,"enemies":"Shell Parasite","floor":20,"turns":7},{"damage":34,"enemies":"Sentry and Sphere","floor":21,"turns":6},{"damage":22,"enemies":"Chosen and Byrds","floor":22,"turns":6},{"damage":19,"enemies":"Snecko","floor":24,"turns":5},{"damage":39,"enemies":"Book of Stabbing","floor":28,"turns":6}],"event_choices":[{"event_name":"Living Wall","player_choice":"Forget","floor":4,"damage_taken":0},{"event_name":"Match and Keep!","player_choice":"1 cards matched","floor":11,"damage_taken":0},{"event_name":"Beggar","player_choice":"Gave Gold","floor":25,"damage_taken":0}],"boss_relics":[{"not_picked":["Question Card","Runic Cube"],"picked":"Calling Bell"}],"potions_floor_spawned":[3,8,10,16,20,24],"seed_played":"6385719870145420308","killed_by":"Book of Stabbing","ascension_level":4,"is_trial":false}