{"gold_per_floor":[118,118,128,203,46,76,76,87,157,157,157,157,184,199,199,294,294,314,6,6,6,19,19,38,52,79,108,127,138,138,152,152,257,257,271,132,0,0,0,11,11,11,11,11,41,41,67,87,87,87],"floor_reached":51,"playtime":2706,"items_purged":["Decay","Strike_G+1"],"score":1223,"play_id":"2e6af1e7-0c01-48ec-a66d-f63f14136d45","local_time":"20180712193439","is_ascension_mode":true,"campfire_choices":[{"data":"Footwork","floor":7,"key":"SMITH"},{"data":"Dagger Spray","floor":10,"key":"SMITH"},{"data":"Neutralize","floor":12,"key":"SMITH"},{"data":"Dagger Throw","floor":15,"key":"SMITH"},{"data":"A Thousand Cuts","floor":23,"key":"SMITH"},{"data":"After Image","floor":30,"key":"SMITH"},{"floor":32,"key":"REST"},{"data":"Panache","floor":42,"key":"SMITH"},{"floor":46,"key":"REST"},{"data":"Accuracy","floor":49,"key":"SMITH"}],"neow_cost":"NONE","seed_source_timestamp":164685921253762,"circlet_count":0,"master_deck":["Defend_G+1","Defend_G+1","Defend_G+1","Defend_G+1","Defend_G+1","Strike_G+1","Strike_G+1","Strike_G+1","Survivor","Neutralize+1","AscendersBane","Dagger Spray+1","Underhanded Strike","Footwork+1","Accuracy+1","Dagger Throw+1","Deflect","A Thousand Cuts+1","Dodge and Roll","Panache+1","Well Laid Plans","Acrobatics+1","Cloak And Dagger","Outmaneuver","Backflip","Accuracy","Cloak And Dagger+1","After Image+1","Leg Sweep+1","After Image","Backflip","Caltrops","Madness","Madness","Backflip+1","Blur","Well Laid Plans"],"relics":["Ring of the Snake","Oddly Smooth Stone","Bag of Preparation","Mummified Hand","Juzu Bracelet","Philosopher\u0027s Stone","Happy Flower","Ancient Tea Set","Sozu","Red Mask","Bottled Flame","War Paint","Matryoshka","Question Card"],"potions_floor_usage":[3,13,16,27,40],"damage_taken":[{"damage":1,"enemies":"Jaw Worm","floor":1,"turns":7},{"damage":0,"enemies":"Cultist","floor":3,"turns":4},{"damage":23,"enemies":"3 Sentries","floor":6,"turns":10},{"damage":0,"enemies":"2 Louse","floor":8,"turns":4},{"damage":8,"enemies":"Lagavulin","floor":13,"turns":7},{"damage":0,"enemies":"2 Fungi Beasts","floor":14,"turns":2},{"damage":1,"enemies":"The Guardian","floor":16,"turns":17},{"damage":5,"enemies":"2 Thieves","floor":18,"turns":4},{"damage":0,"enemies":"3 Byrds","floor":22,"turns":3},{"damage":5,"enemies":"Snake Plant","floor":24,"turns":5},{"damage":3,"enemies":"Snecko","floor":25,"turns":4},{"damage":13,"enemies":"Book of Stabbing","floor":27,"turns":7},{"damage":7,"enemies":"Centurion and Healer","floor":28,"turns":5},{"damage":6,"enemies":"Snake Plant","floor":29,"turns":3},{"damage":0,"enemies":"Snecko","floor":31,"turns":4},{"damage":13,"enemies":"Collector","floor":33,"turns":10},{"damage":0,"enemies":"Orb Walker","floor":35,"turns":3},{"damage":12,"enemies":"3 Darklings","floor":40,"turns":5},{"damage":0,"enemies":"Giant Head","floor":45,"turns":9},{"damage":0,"enemies":"2 Orb Walkers","floor":47,"turns":7},{"damage":0,"enemies":"4 Shapes","floor":48,"turns":2},{"damage":15,"enemies":"Donu and Deca","floor":50,"turns":11}],"seed_played":"2848925294553427254","potions_obtained":[{"floor":1,"key":"Regen Potion"},{"floor":3,"key":"FairyPotion"},{"floor":8,"key":"Block Potion"},{"floor":14,"key":"Explosive Potion"},{"floor":25,"key":"GhostInAJar"},{"floor":28,"key":"Weak Potion"}],"is_trial":false,"path_per_floor":["M","?","M","?","$","E","R","M","T","R","?","R","E","M","R","B",null,"M","$","?","?","M","R","M","M","T","E","M","M","R","M","R","B",null,"M","$","?","?","?","M","T","R","T","$","E","R","E","M","R","B"],"character_chosen":"THE_SILENT","items_purchased":["Footwork","Panache","Well Laid Plans","Acrobatics","Caltrops"],"campfire_rested":2,"item_purchase_floors":[5,19,19,19,36],"current_hp_per_floor":[62,62,70,70,70,47,47,47,47,47,70,70,62,62,62,61,68,63,63,63,63,63,63,58,55,55,42,35,29,29,29,50,37,62,62,62,62,53,53,41,41,41,41,41,41,62,62,62,62,47],"gold":87,"neow_bonus":"RANDOM_COMMON_RELIC","is_prod":false,"is_daily":false,"chose_seed":false,"campfire_upgraded":8,"win_rate":0,"timestamp":1531438479,"path_taken":["M","?","M","?","$","E","R","M","T","R","?","R","E","M","R","BOSS","M","$","?","?","M","R","M","M","T","E","M","M","R","M","R","BOSS","M","$","?","?","?","M","?","R","T","$","E","R","E","M","R","BOSS"],"build_version":"2018-07-05","purchased_purges":2,"victory":true,"max_hp_per_floor":[70,70,70,70,70,70,70,70,70,70,70,70,70,70,70,70,70,70,70,70,70,70,70,70,70,70,70,70,70,70,70,70,70,70,70,70,70,70,70,70,70,70,70,70,70,70,70,70,70,70],"card_choices":[{"not_picked":["Heel Hook","Prepared"],"picked":"Dagger Spray","floor":1},{"not_picked":["Dagger Spray","Bane"],"picked":"Underhanded Strike","floor":3},{"not_picked":["Outmaneuver","Dagger Spray"],"picked":"Accuracy","floor":6},{"not_picked":["Deadly Poison","Underhanded Strike"],"picked":"Dagger Throw","floor":8},{"not_picked":["Deadly Poison","Bane","All Out Attack"],"picked":"SKIP","floor":13},{"not_picked":["Corpse Explosion","Outmaneuver"],"picked":"Deflect","floor":14},{"not_picked":["Venomology","Burst"],"picked":"A Thousand Cuts","floor":16},{"not_picked":["Dagger Spray","Slice"],"picked":"Dodge and Roll","floor":18},{"not_picked":["Dagger Spray","Heel Hook"],"picked":"Cloak And Dagger","floor":22},{"not_picked":["Dagger Throw","Doppelganger"],"picked":"Outmaneuver","floor":24},{"not_picked":["Prepared","Outmaneuver"],"picked":"Backflip","floor":25},{"not_picked":["Slice","Outmaneuver+1"],"picked":"Accuracy","floor":27},{"not_picked":["Reflex","Sucker Punch"],"picked":"Cloak And Dagger+1","floor":28},{"not_picked":["Quick Slash","Prepared"],"picked":"After Image","floor":29},{"not_picked":["Flying Knee","Bane"],"picked":"Leg Sweep+1","floor":31},{"not_picked":["Grand Finale","Night Terror"],"picked":"After Image","floor":33},{"not_picked":["Poisoned Stab","Predator"],"picked":"Backflip","floor":35},{"not_picked":["Sucker Punch+1","Slice+1"],"picked":"Backflip","floor":40},{"not_picked":["Cloak And Dagger","Malaise"],"picked":"Blur","floor":45},{"not_picked":["Poisoned Stab","Cloak And Dagger"],"picked":"Well Laid Plans","floor":47},{"not_picked":["Underhanded Strike","Dagger Throw","Dodge and Roll","Poisoned Stab+1"],"picked":"SKIP","floor":48}],"player_experience":441878,"relics_obtained":[{"floor":6,"key":"Bag of Preparation"},{"floor":9,"key":"Mummified Hand"},{"floor":13,"key":"Juzu Bracelet"},{"floor":26,"key":"Happy Flower"},{"floor":27,"key":"Ancient Tea Set"},{"floor":41,"key":"Bottled Flame"},{"floor":43,"key":"War Paint"},{"floor":45,"key":"Matryoshka"},{"floor":47,"key":"Question Card"}],"event_choices":[{"event_name":"Wheel of Change","player_choice":"Curse","floor":2,"damage_taken":0},{"event_name":"Golden Wing","player_choice":"Gained Gold","floor":4,"damage_taken":0},{"event_name":"Big Fish","player_choice":"Banana","floor":11,"damage_taken":0},{"event_name":"Back to Basics","player_choice":"Simplicity","floor":20,"damage_taken":0},{"event_name":"Vampires","player_choice":"Ignored","floor":21,"damage_taken":0},{"event_name":"Tomb of Lord Red Mask","player_choice":"Paid","floor":37,"damage_taken":0},{"event_name":"Winding Halls","player_choice":"Embrace Madness","floor":38,"damage_taken":0},{"event_name":"Falling","player_choice":"Removed Attack","floor":39,"damage_taken":0}],"boss_relics":[{"not_picked":["Runic Pyramid","Calling Bell"],"picked":"Philosopher\u0027s Stone"},{"not_picked":["White Beast Statue","Busted Crown"],"picked":"Sozu"}],"items_purged_floors":[5,36],"is_endless":false,"potions_floor_spawned":[1,3,8,14,25,28,29,33,35,48],"ascension_level":12}