{"gold_per_floor":[109,119,134,154,229,229,262,262,308,320,339,339,352,371,371,445,445,458,383,108,93,110,140,160,178,178,195,195,195,207,207],"floor_reached":31,"playtime":1663,"items_purged":["Strike_B"],"score":477,"play_id":"ff345d9a-7bc2-4fca-90be-a1869bcc78d7","local_time":"20180913202041","is_ascension_mode":true,"campfire_choices":[{"data":"Machine Learning","floor":6,"key":"SMITH"},{"floor":8,"key":"REST"},{"floor":15,"key":"REST"},{"floor":29,"key":"REST"}],"neow_cost":"PERCENT_DAMAGE","seed_source_timestamp":87290235702677,"circlet_count":0,"master_deck":["Strike_B","Defend_B+1","Defend_B","Zap","Dualcast","AscendersBane","Lockon","Melter","Chill","BootSequence+1","Auto Shields","Machine Learning+1","Auto Shields","Ball Lightning","Compile Driver","Capacitor","Go for the Eyes","Reboot","Storm","Panacea","Reinforced Body","Streamline","Leap","Coolheaded"],"relics":["Cracked Core","Mummified Hand","Oddly Smooth Stone","Nuclear Battery","War Paint","Smiling Mask"],"potions_floor_usage":[7,16,16,23,27],"damage_taken":[{"damage":4,"enemies":"Jaw Worm","floor":1,"turns":3},{"damage":4,"enemies":"Small Slimes","floor":2,"turns":3},{"damage":1,"enemies":"2 Louse","floor":3,"turns":2},{"damage":0,"enemies":"Looter","floor":4,"turns":2},{"damage":9,"enemies":"3 Sentries","floor":7,"turns":7},{"damage":0,"enemies":"2 Fungi Beasts","floor":10,"turns":4},{"damage":1,"enemies":"Exordium Wildlife","floor":11,"turns":4},{"damage":3,"enemies":"Looter","floor":13,"turns":3},{"damage":7,"enemies":"Lots of Slimes","floor":14,"turns":4},{"damage":9,"enemies":"Slime Boss","floor":16,"turns":9},{"damage":8,"enemies":"3 Byrds","floor":18,"turns":5},{"damage":10,"enemies":"2 Thieves","floor":21,"turns":4},{"damage":2,"enemies":"Sentry and Sphere","floor":22,"turns":3},{"damage":20,"enemies":"Book of Stabbing","floor":23,"turns":6},{"damage":6,"enemies":"Shelled Parasite and Fungi","floor":24,"turns":6},{"damage":0,"enemies":"Snake Plant","floor":25,"turns":6},{"damage":7,"enemies":"Centurion and Healer","floor":27,"turns":9},{"damage":21,"enemies":"Snecko","floor":30,"turns":6},{"damage":10,"enemies":"Shelled Parasite and Fungi","floor":31,"turns":3}],"seed_played":"-1380127945335860900","potions_obtained":[{"floor":3,"key":"PowerPotion"},{"floor":7,"key":"FocusPotion"},{"floor":10,"key":"Weak Potion"},{"floor":16,"key":"Dexterity Potion"},{"floor":22,"key":"PowerPotion"},{"floor":24,"key":"EssenceOfSteel"}],"is_trial":false,"path_per_floor":["M","M","M","M","?","R","E","R","T","M","M","?","M","M","R","B",null,"M","?","$","M","M","E","M","M","T","M","?","R","M"],"character_chosen":"DEFECT","items_purchased":["Storm","Panacea"],"campfire_rested":3,"item_purchase_floors":[20,20],"current_hp_per_floor":[42,38,37,37,26,26,17,38,38,38,37,30,27,20,41,32,61,53,53,53,43,41,21,15,15,15,8,8,29,8,0],"gold":207,"neow_bonus":"TRANSFORM_TWO_CARDS","is_prod":false,"is_daily":false,"chose_seed":false,"campfire_upgraded":1,"win_rate":0,"timestamp":1536884441,"path_taken":["M","M","M","M","?","R","E","R","T","M","M","?","M","?","R","BOSS","M","?","$","M","?","E","M","M","T","M","?","R","M","?"],"build_version":"2018-09-06","purchased_purges":1,"victory":false,"max_hp_per_floor":[71,71,71,71,71,71,71,71,71,71,71,71,71,71,71,71,71,71,71,71,71,71,71,71,71,71,71,71,71,71,71],"card_choices":[{"not_picked":["Hologram","Compile Driver"],"picked":"Chill","floor":1},{"not_picked":["Skim","Coolheaded"],"picked":"BootSequence","floor":2},{"not_picked":["Gash","Lockon"],"picked":"Auto Shields","floor":3},{"not_picked":["White Noise","Conserve Battery"],"picked":"Machine Learning","floor":4},{"not_picked":["Redo","Gash"],"picked":"Auto Shields","floor":7},{"not_picked":["Redo","Cold Snap"],"picked":"Ball Lightning","floor":10},{"not_picked":["FTL","Rebound"],"picked":"Compile Driver","floor":11},{"not_picked":["Go for the Eyes","Glacier"],"picked":"Capacitor","floor":13},{"not_picked":["Beam Cell","Compile Driver"],"picked":"Go for the Eyes","floor":14},{"not_picked":["Hyperbeam","Thunder Strike"],"picked":"Reboot","floor":16},{"not_picked":["Compile Driver","Chaos","Genetic Algorithm"],"picked":"SKIP","floor":18},{"not_picked":["Blizzard","Doom and Gloom"],"picked":"Reinforced Body","floor":21},{"not_picked":["Hologram","Turbo"],"picked":"Streamline","floor":22},{"not_picked":["Barrage","Stack+1","Doom and Gloom"],"picked":"SKIP","floor":23},{"not_picked":["Beam Cell","Conserve Battery"],"picked":"Leap","floor":24},{"not_picked":["Steam Power","Aggregate","Reinforced Body"],"picked":"SKIP","floor":25},{"not_picked":["Barrage","All For One"],"picked":"Coolheaded","floor":27},{"not_picked":["Steam","Cold Snap","Rebound"],"picked":"SKIP","floor":30}],"player_experience":649034,"relics_obtained":[{"floor":7,"key":"Mummified Hand"},{"floor":9,"key":"Oddly Smooth Stone"},{"floor":23,"key":"War Paint"},{"floor":26,"key":"Smiling Mask"}],"event_choices":[{"event_name":"World of Goop","player_choice":"Gather Gold","floor":5,"damage_taken":0},{"event_name":"Golden Wing","player_choice":"Card Removal","floor":12,"damage_taken":0},{"event_name":"Beggar","player_choice":"Gave Gold","floor":19,"damage_taken":0},{"event_name":"Cursed Tome","player_choice":"Ignored","floor":28,"damage_taken":0}],"is_beta":false,"boss_relics":[{"not_picked":["Eternal Feather","Lizard Tail"],"picked":"Nuclear Battery"}],"items_purged_floors":[20],"is_endless":false,"potions_floor_spawned":[3,7,10,13,16,22,24,25],"killed_by":"Shelled Parasite and Fungi","ascension_level":16}