{"path_per_floor":["M","M","M","?","$","R","M","M","T","M","M","R","$","M","R","B",null,"M","?","$","M","M","R","?","R","T","R"],"character_chosen":"IRONCLAD","items_purchased":["Shrug It Off","Spot Weakness"],"gold_per_floor":[113,124,138,88,13,13,29,47,47,59,70,70,21,41,41,141,141,154,154,81,98,116,116,116,116,161,161],"floor_reached":28,"campfire_rested":2,"playtime":1525,"current_hp_per_floor":[77,75,80,80,80,80,69,57,57,44,46,46,46,42,66,72,78,80,80,80,46,39,39,39,39,39,63],"items_purged":["Strike_R"],"gold":161,"score":380,"play_id":"5f2be18c-73a9-4e28-8e20-a1da6963b56f","is_prod":false,"is_daily":false,"is_ascension_mode":true,"campfire_upgraded":4,"path_taken":["M","M","?","?","$","R","M","M","T","M","M","R","$","M","R","BOSS","M","?","$","?","M","R","?","R","T","R","E"],"build_version":"2018-02-22-PROD1","purchased_purges":1,"victory":false,"master_deck":["Strike_R","Strike_R","Strike_R","Defend_R","Defend_R","Defend_R","Defend_R","Bash+1","Iron Wave","Entrench+1","Evolve","Wild Strike+1","Barricade+1","Second Wind+1","Shrug It Off","Ghostly Armor","Fiend Fire","Spot Weakness","Armaments+1"],"max_hp_per_floor":[80,80,80,80,80,80,80,80,80,80,80,80,80,80,80,80,80,80,80,80,80,80,80,80,80,80,80],"relics":["Burning Blood","Thread and Needle","Black Star","Bag of Preparation"],"card_choices":[{"not_picked":["Shrug It Off","Flex"],"picked":"Iron Wave"},{"not_picked":["Inflame","Warcry"],"picked":"Entrench"},{"not_picked":["Inflame","Heavy Blade"],"picked":"Evolve"},{"not_picked":["Anger","Warcry"],"picked":"Wild Strike"},{"not_picked":["Infernal Blade","Searing Blow"],"picked":"Barricade"},{"not_picked":["Clash","Sword Boomerang"],"picked":"Second Wind"},{"not_picked":["Clash","Shockwave"],"picked":"Ghostly Armor"},{"not_picked":["Berserk","Barricade"],"picked":"Fiend Fire"},{"not_picked":["Warcry","Thunderclap"],"picked":"Armaments"}],"player_experience":233314,"potions_floor_usage":[8,14,21,28,28],"damage_taken":[{"damage":1,"enemies":"Cultist","floor":1,"turns":3},{"damage":8,"enemies":"2 Louse","floor":2,"turns":3},{"damage":0,"enemies":"Small Slimes","floor":3,"turns":3},{"damage":17,"enemies":"Exordium Wildlife","floor":7,"turns":4},{"damage":18,"enemies":"Exordium Thugs","floor":8,"turns":5},{"damage":19,"enemies":"Gremlin Gang","floor":10,"turns":7},{"damage":4,"enemies":"3 Louse","floor":11,"turns":4},{"damage":10,"enemies":"Lots of Slimes","floor":14,"turns":3},{"damage":0,"enemies":"Slime Boss","floor":16,"turns":24},{"damage":0,"enemies":"Spheric Guardian","floor":18,"turns":18},{"damage":40,"enemies":"3 Byrds","floor":21,"turns":11},{"damage":13,"enemies":"Centurion and Healer","floor":22,"turns":13},{"damage":75,"enemies":"Slavers","floor":28,"turns":6}],"event_choices":[{"event_name":"The Cleric","player_choice":"Card Removal","floor":4,"damage_taken":0},{"event_name":"The Woman in Blue","player_choice":"Bought 0 Potions","floor":19,"damage_taken":0},{"event_name":"Vampires","player_choice":"Ignored","floor":24,"damage_taken":0}],"boss_relics":[{"not_picked":["Tiny House","Lizard Tail"],"picked":"Black Star"}],"potions_floor_spawned":[7,8,10,11,14,16,18,22],"seed_played":"6158959738382124150","killed_by":"Slavers","ascension_level":9,"is_trial":false}