{"gold_per_floor":[111,131,149,162,162,189,189,189,189,207,225,14,31,66,66,165,165,165,165,165,165,165,165,165,165,165,165,90,90,90,90,90,90,90,90,90,0,0,0,0],"floor_reached":40,"playtime":3395,"items_purged":["Strike_B"],"score":801,"play_id":"085e4c40-efe1-4b80-9a9f-edda866717ce","local_time":"20180704180307","is_ascension_mode":true,"campfire_choices":[{"data":"Self Repair","floor":7,"key":"SMITH"},{"data":"Apotheosis","floor":15,"key":"SMITH"},{"data":"Ghostly","floor":32,"key":"SMITH"}],"neow_cost":"NONE","seed_source_timestamp":381260451873333,"circlet_count":0,"master_deck":["Strike_B","Strike_B","Defend_B","Defend_B","Defend_B","Defend_B","Zap","Dualcast","Cold Snap","Sweeping Beam+1","Self Repair+1","Auto Shields","Apotheosis+1","Streamline","Multi-Cast","Ghostly+1","Ghostly","Ghostly","Ghostly","Ghostly","Conserve Battery","Chill+1","Turbo+1","Conserve Battery+1","Echo Form","Beam Cell+1","Secret Weapon","Blind","Rebound+1"],"relics":["Runic Pyramid","Gremlin Horn","Blue Candle","Bottled Tornado","Ectoplasm","Matryoshka","Juzu Bracelet","Centennial Puzzle","Blood Vial","Lantern","Fusion Hammer","Girya","Red Mask"],"potions_floor_usage":[6,16,16,18,23,27,31],"damage_taken":[{"damage":6,"enemies":"Jaw Worm","floor":1,"turns":4},{"damage":10,"enemies":"Small Slimes","floor":2,"turns":3},{"damage":0,"enemies":"2 Louse","floor":3,"turns":4},{"damage":3,"enemies":"2 Fungi Beasts","floor":4,"turns":4},{"damage":16,"enemies":"3 Sentries","floor":6,"turns":6},{"damage":3,"enemies":"3 Louse","floor":10,"turns":2},{"damage":5,"enemies":"Blue Slaver","floor":11,"turns":5},{"damage":0,"enemies":"Gremlin Gang","floor":13,"turns":3},{"damage":10,"enemies":"Lagavulin","floor":14,"turns":5},{"damage":28,"enemies":"The Guardian","floor":16,"turns":13},{"damage":0,"enemies":"Chosen","floor":18,"turns":5},{"damage":3,"enemies":"Shell Parasite","floor":21,"turns":6},{"damage":18,"enemies":"Snake Plant","floor":22,"turns":7},{"damage":0,"enemies":"Gremlin Leader","floor":23,"turns":11},{"damage":18,"enemies":"Slaver and Parasite","floor":25,"turns":8},{"damage":0,"enemies":"Slavers","floor":27,"turns":6},{"damage":0,"enemies":"Centurion and Healer","floor":29,"turns":8},{"damage":0,"enemies":"Gremlin Leader","floor":30,"turns":9},{"damage":1,"enemies":"Chosen and Byrds","floor":31,"turns":9},{"damage":19,"enemies":"Collector","floor":33,"turns":17},{"damage":2,"enemies":"Orb Walker","floor":35,"turns":5},{"damage":11,"floor":36,"turns":9},{"damage":5,"enemies":"3 Shapes","floor":39,"turns":8},{"damage":37,"enemies":"Giant Head","floor":40,"turns":10}],"seed_played":"4882179632330918095","potions_obtained":[{"floor":4,"key":"Fire Potion"},{"floor":11,"key":"Energy Potion"},{"floor":13,"key":"Ancient Potion"},{"floor":14,"key":"PowerPotion"},{"floor":16,"key":"Ancient Potion"},{"floor":21,"key":"LiquidBronze"},{"floor":23,"key":"Strength Potion"},{"floor":31,"key":"FocusPotion"},{"floor":35,"key":"Strength Potion"},{"floor":36,"key":"Poison Potion"}],"is_trial":false,"path_per_floor":["M","M","M","M","?","E","R","?","T","M","M","$","M","E","R","B",null,"M","?","?","M","M","E","?","M","T","E","$","M","E","M","R","B",null,"M","?","?","?","M"],"character_chosen":"DEFECT","items_purchased":["Apotheosis"],"campfire_rested":0,"item_purchase_floors":[12],"current_hp_per_floor":[62,52,52,49,49,33,33,26,26,33,38,38,48,38,38,20,61,71,37,37,37,29,37,37,29,29,37,37,37,37,37,37,28,35,37,36,36,31,37,0],"gold":0,"neow_bonus":"BOSS_RELIC","is_prod":false,"is_daily":false,"chose_seed":false,"campfire_upgraded":3,"win_rate":0,"timestamp":1530741787,"path_taken":["M","M","M","M","?","E","R","?","T","M","M","$","M","E","R","BOSS","M","?","?","M","M","E","?","M","T","E","$","M","E","M","R","BOSS","M","?","?","?","M","E"],"build_version":"2018-06-28","purchased_purges":1,"victory":false,"max_hp_per_floor":[75,75,75,75,75,75,75,75,75,75,75,75,75,75,75,75,75,75,37,37,37,37,37,37,37,37,37,37,37,37,37,37,37,37,37,37,37,37,37,37],"card_choices":[{"not_picked":["Coolheaded","Barrage","Force Field"],"picked":"SKIP","floor":1},{"not_picked":["Skim","Undo"],"picked":"Cold Snap","floor":2},{"not_picked":["Steam","Gash","Tempest"],"picked":"SKIP","floor":3},{"not_picked":["Skim","Loop"],"picked":"Sweeping Beam","floor":4},{"not_picked":["All For One","Consume"],"picked":"Self Repair","floor":6},{"not_picked":["Barrage","Darkness","Force Field"],"picked":"SKIP","floor":10},{"not_picked":["Loop","Sweeping Beam"],"picked":"Auto Shields","floor":11},{"not_picked":["Reinforced Body","Conserve Battery"],"picked":"Streamline","floor":13},{"not_picked":["Seek","Sweeping Beam","Force Field"],"picked":"SKIP","floor":14},{"not_picked":["Machine Learning","Thunder Strike"],"picked":"Multi-Cast","floor":16},{"not_picked":["Skim+1","White Noise","Capacitor"],"picked":"SKIP","floor":18},{"not_picked":["Undo+1","Compile Driver+1"],"picked":"Chill+1","floor":21},{"not_picked":["Redo","Compile Driver+1","Sweeping Beam"],"picked":"SKIP","floor":22},{"not_picked":["Coolheaded","Conserve Battery","Sweeping Beam"],"picked":"SKIP","floor":23},{"not_picked":["Ball Lightning","Hyperbeam"],"picked":"Turbo+1","floor":25},{"not_picked":["Stack","Skim+1","Beam Cell"],"picked":"SKIP","floor":27},{"not_picked":["Chill+1","Compile Driver"],"picked":"Conserve Battery+1","floor":29},{"not_picked":["Conserve Battery","Redo+1","Beam Cell"],"picked":"SKIP","floor":30},{"not_picked":["BootSequence","Cold Snap","Reprogram"],"picked":"SKIP","floor":31},{"not_picked":["Biased Cognition","All For One"],"picked":"Echo Form","floor":33},{"not_picked":["Stack+1","Ball Lightning+1","Turbo"],"picked":"SKIP","floor":35},{"not_picked":["Sweeping Beam+1","Consume"],"picked":"Beam Cell+1","floor":36},{"not_picked":["Dramatic Entrance","Master of Strategy"],"picked":"Secret Weapon","floor":38},{"not_picked":["Sadistic Nature","Secret Weapon"],"picked":"Blind","floor":38},{"not_picked":["Redo","Turbo+1"],"picked":"Rebound+1","floor":39}],"player_experience":371389,"relics_obtained":[{"floor":6,"key":"Gremlin Horn"},{"floor":9,"key":"Blue Candle"},{"floor":14,"key":"Bottled Tornado"},{"floor":23,"key":"Matryoshka"},{"floor":26,"key":"Juzu Bracelet"},{"floor":26,"key":"Centennial Puzzle"},{"floor":27,"key":"Blood Vial"},{"floor":30,"key":"Lantern"},{"floor":36,"key":"Girya"}],"event_choices":[{"event_name":"Living Wall","player_choice":"Grow","floor":5,"damage_taken":0},{"event_name":"Golden Wing","player_choice":"Card Removal","floor":8,"damage_taken":0},{"event_name":"Ghosts","player_choice":"Became a Ghost","floor":19,"damage_taken":0},{"event_name":"The Library","player_choice":"Read","floor":20,"damage_taken":0},{"event_name":"Vampires","player_choice":"Ignored","floor":24,"damage_taken":0},{"event_name":"Mysterious Sphere","player_choice":"Fight","floor":36,"damage_taken":0},{"event_name":"Tomb of Lord Red Mask","player_choice":"Paid","floor":37,"damage_taken":0},{"event_name":"SensoryStone","player_choice":"Memory 2","floor":38,"damage_taken":0}],"boss_relics":[{"not_picked":["Nuclear Battery","Orrery"],"picked":"Ectoplasm"},{"not_picked":["Astrolabe","Tiny House"],"picked":"Fusion Hammer"}],"items_purged_floors":[28],"is_endless":false,"potions_floor_spawned":[4,11,13,14,16,21,23,31,35,36],"killed_by":"Giant Head","ascension_level":9}