{"gold_per_floor":[144,19,64,109,109,109,199,199,199,22,22,112,157,202,202,502,502,547,547,592,637,141,141,231,231,256,301,271,271,316,406,406,706,706,751,796,246,291,29,119,119,119,119],"floor_reached":44,"playtime":1811,"items_purged":["Strike_R","Strike_R","Strike_R","Defend_R"],"score":961,"play_id":"4e8e953c-c718-4299-9008-dbeb16459008","local_time":"20180624122214","daily_mods":["Heirloom","Midas","Vintage"],"is_ascension_mode":false,"campfire_choices":[{"floor":6,"key":"REST"},{"floor":8,"key":"REST"},{"floor":11,"key":"REST"},{"floor":15,"key":"REST"},{"floor":23,"key":"REST"},{"floor":25,"key":"REST"},{"floor":32,"key":"REST"}],"neow_cost":"","seed_source_timestamp":700121300381350,"circlet_count":0,"master_deck":["Strike_R+1","Strike_R+1","Defend_R","Defend_R+1","Defend_R+1","Bash","Armaments+1","Inflame","Uppercut+1","Flex+1","Juggernaut","Necronomicurse","Battle Trance","Cleave+1","Demon Form","Bludgeon+1","Apotheosis","Metallicize+1"],"special_seed":17706,"relics":["Black Blood","Red Skull","Pear","Whetstone","Mummified Hand","Orichalcum","Molten Egg 2","War Paint","Pen Nib","Paper Frog","Lantern","White Beast Statue","Bag of Preparation","Necronomicon","Blood Vial","Ornamental Fan","Vajra","Potion Belt","Bag of Marbles","Oddly Smooth Stone","Thread and Needle","Meat on the Bone","Singing Bowl","Happy Flower","Ginger","Blue Candle","Ancient Tea Set","Frozen Egg 2","Anchor","Dream Catcher","Charon\u0027s Ashes"],"potions_floor_usage":[16,16,18,24,24,33,33,33,33,43,43,43,43,43],"damage_taken":[{"damage":1,"enemies":"Small Slimes","floor":1,"turns":3},{"damage":2,"enemies":"2 Louse","floor":3,"turns":4},{"damage":6,"enemies":"Cultist","floor":4,"turns":3},{"damage":48,"enemies":"Lagavulin","floor":7,"turns":7},{"damage":19,"enemies":"3 Sentries","floor":12,"turns":6},{"damage":8,"enemies":"Blue Slaver","floor":13,"turns":3},{"damage":5,"enemies":"2 Fungi Beasts","floor":14,"turns":4},{"damage":30,"enemies":"Slime Boss","floor":16,"turns":11},{"damage":7,"enemies":"2 Thieves","floor":18,"turns":4},{"damage":1,"enemies":"3 Byrds","floor":20,"turns":5},{"damage":10,"enemies":"Cultist and Chosen","floor":21,"turns":4},{"damage":22,"enemies":"Slavers","floor":24,"turns":4},{"damage":2,"enemies":"3 Cultists","floor":27,"turns":3},{"damage":1,"enemies":"Chosen and Byrds","floor":30,"turns":3},{"damage":0,"enemies":"Gremlin Leader","floor":31,"turns":2},{"damage":0,"enemies":"Champ","floor":33,"turns":6},{"damage":0,"enemies":"Orb Walker","floor":35,"turns":2},{"damage":6,"enemies":"3 Darklings","floor":36,"turns":4},{"damage":1,"enemies":"Sphere and 2 Shapes","floor":38,"turns":3},{"damage":15,"enemies":"Nemesis","floor":40,"turns":5},{"damage":18,"enemies":"Time Eater","floor":43,"turns":4}],"seed_played":"1648767843045410124","potions_obtained":[{"floor":1,"key":"Ancient Potion"},{"floor":4,"key":"SteroidPotion"},{"floor":12,"key":"FearPotion"},{"floor":18,"key":"GamblersBrew"},{"floor":20,"key":"LiquidBronze"},{"floor":21,"key":"Poison Potion"},{"floor":24,"key":"SteroidPotion"},{"floor":27,"key":"Ancient Potion"},{"floor":28,"key":"Regen Potion"},{"floor":28,"key":"PowerPotion"},{"floor":30,"key":"Poison Potion"},{"floor":31,"key":"EssenceOfSteel"},{"floor":33,"key":"Block Potion"},{"floor":35,"key":"SpeedPotion"},{"floor":36,"key":"Poison Potion"},{"floor":38,"key":"Fire Potion"},{"floor":40,"key":"PowerPotion"}],"is_trial":false,"path_per_floor":["M","$","M","M","?","R","E","R","T","$","R","E","M","M","R","B",null,"M","?","M","M","$","R","E","R","T","M","?","T","M","E","R","B",null,"M","M","$","M","$","E","?","?","B"],"character_chosen":"IRONCLAD","items_purchased":["Armaments","Uppercut+1","Vajra","Battle Trance","Potion Belt","Frozen Egg 2","Anchor","Apotheosis","Metallicize+1"],"campfire_rested":7,"item_purchase_floors":[2,10,22,22,22,37,37,39,39],"current_hp_per_floor":[90,90,90,90,72,90,48,75,75,75,90,77,75,76,90,66,90,89,73,78,76,76,90,74,90,90,90,90,90,90,90,90,90,90,90,90,90,90,90,87,87,87,81],"gold":119,"neow_bonus":"","is_prod":false,"is_daily":true,"chose_seed":false,"campfire_upgraded":0,"win_rate":0,"timestamp":1529857334,"path_taken":["M","$","M","M","?","R","E","R","T","$","R","E","?","M","R","BOSS","M","?","?","M","$","R","E","R","T","M","?","?","M","E","R","BOSS","M","M","$","M","$","E","?","?","BOSS"],"build_version":"2018-06-21v2","purchased_purges":4,"victory":true,"max_hp_per_floor":[90,90,90,90,90,90,90,90,90,90,90,90,90,90,90,90,90,90,90,90,90,90,90,90,90,90,90,90,90,90,90,90,90,90,90,90,90,90,90,92,92,92,92],"card_choices":[{"not_picked":["Entrench","Seeing Red"],"picked":"Inflame","floor":7},{"not_picked":["Iron Wave+1","Thunderclap+1"],"picked":"Flex","floor":12},{"not_picked":["Dark Embrace","Fiend Fire+1"],"picked":"Juggernaut","floor":16},{"not_picked":["Sword Boomerang+1","Combust"],"picked":"Cleave+1","floor":24},{"not_picked":["Ghostly Armor+1","Flame Barrier"],"picked":"Demon Form","floor":31},{"not_picked":["Limit Break","Berserk"],"picked":"Bludgeon+1","floor":33},{"not_picked":["Flame Barrier","Sentinel","Warcry"],"picked":"Singing Bowl","floor":40}],"player_experience":295540,"relics_obtained":[{"floor":1,"key":"Pear"},{"floor":3,"key":"Whetstone"},{"floor":4,"key":"Mummified Hand"},{"floor":7,"key":"Orichalcum"},{"floor":9,"key":"Molten Egg 2"},{"floor":12,"key":"War Paint"},{"floor":13,"key":"Pen Nib"},{"floor":14,"key":"Paper Frog"},{"floor":16,"key":"Lantern"},{"floor":18,"key":"Bag of Preparation"},{"floor":19,"key":"Necronomicon"},{"floor":20,"key":"Blood Vial"},{"floor":21,"key":"Ornamental Fan"},{"floor":24,"key":"Bag of Marbles"},{"floor":26,"key":"Oddly Smooth Stone"},{"floor":27,"key":"Thread and Needle"},{"floor":29,"key":"Meat on the Bone"},{"floor":30,"key":"Singing Bowl"},{"floor":31,"key":"Happy Flower"},{"floor":33,"key":"Ginger"},{"floor":35,"key":"Blue Candle"},{"floor":36,"key":"Ancient Tea Set"},{"floor":38,"key":"Dream Catcher"},{"floor":40,"key":"Charon\u0027s Ashes"}],"event_choices":[{"event_name":"Shining Light","player_choice":"Entered Light","floor":5,"damage_taken":0},{"event_name":"Cursed Tome","player_choice":"Obtained Book","floor":19,"damage_taken":0},{"event_name":"The Woman in Blue","player_choice":"Bought 2 Potions","floor":28,"damage_taken":0},{"event_name":"Mysterious Sphere","player_choice":"Ignore","floor":41,"damage_taken":0},{"event_name":"SecretPortal","player_choice":"Took Portal.","floor":42,"damage_taken":0}],"boss_relics":[{"not_picked":["Runic Cube","Astrolabe"],"picked":"White Beast Statue"},{"not_picked":["Sozu","Orrery"],"picked":"Black Blood"}],"items_purged_floors":[2,10,22,37],"is_endless":false,"potions_floor_spawned":[1,4,12,18,20,21,24,27,30,31,33,35,36,38,40],"ascension_level":0}