{"gold_per_floor":[119,119,119,133,147,147,176,189,189,222,222,237,312,312,312,407,407,374,386,27,40,40],"floor_reached":22,"playtime":1024,"items_purged":["Regret"],"score":260,"play_id":"ecd8d28d-9acb-4f0e-94f3-dc274c0aeeb0","local_time":"20190119111141","is_ascension_mode":true,"campfire_choices":[{"data":"Wild Strike","floor":6,"key":"SMITH"},{"data":"Feed","floor":11,"key":"SMITH"},{"data":"Havoc","floor":15,"key":"SMITH"}],"neow_cost":"NONE","seed_source_timestamp":150144460460080,"circlet_count":0,"master_deck":["Strike_R","Strike_R+1","Strike_R+1","Strike_R","Defend_R","Defend_R","Defend_R","Defend_R","Bash","Flex","Wild Strike+1","True Grit","Havoc+1","Pommel Strike","Feed+1","Dropkick","Exhume","Shame","Writhe","Bloodletting","Twin Strike+1","Rampage","Fire Breathing+1"],"relics":["Burning Blood","Juzu Bracelet","Anchor","Whetstone","Pantograph","Self Forming Clay","Calling Bell","Boot","Paper Frog","Nunchaku","Bottled Flame"],"potions_floor_usage":[10,16,19,22],"damage_taken":[{"damage":6,"enemies":"2 Louse","floor":1,"turns":5},{"damage":7,"enemies":"Jaw Worm","floor":4,"turns":3},{"damage":0,"enemies":"Small Slimes","floor":5,"turns":2},{"damage":26,"enemies":"Gremlin Nob","floor":7,"turns":4},{"damage":4,"enemies":"Exordium Thugs","floor":8,"turns":4},{"damage":8,"enemies":"Lagavulin","floor":10,"turns":3},{"damage":3,"enemies":"Blue Slaver","floor":12,"turns":3},{"damage":68,"enemies":"Slime Boss","floor":16,"turns":11},{"damage":36,"enemies":"2 Thieves","floor":18,"turns":5},{"damage":16,"enemies":"Shell Parasite","floor":19,"turns":3},{"damage":23,"enemies":"Chosen and Byrds","floor":21,"turns":8},{"damage":60,"enemies":"Centurion and Healer","floor":22,"turns":7}],"seed_played":"-815677259081293261","potions_obtained":[{"floor":4,"key":"BloodPotion"},{"floor":8,"key":"SteroidPotion"},{"floor":12,"key":"Energy Potion"},{"floor":16,"key":"Energy Potion"}],"is_trial":false,"path_per_floor":["M","?","T","M","M","R","E","M","T","E","R","M","?","?","R","B",null,"M","M","$","M","M"],"character_chosen":"IRONCLAD","items_purchased":["Bottled Flame","Rampage"],"campfire_rested":0,"item_purchase_floors":[20,20],"current_hp_per_floor":[80,73,73,72,78,78,58,60,60,58,58,61,50,55,55,18,85,59,53,53,40,0],"gold":40,"neow_bonus":"RANDOM_COMMON_RELIC","is_prod":false,"is_daily":false,"chose_seed":false,"campfire_upgraded":3,"win_rate":0,"timestamp":1547914301,"path_taken":["M","?","?","M","M","R","E","M","T","E","R","M","?","?","R","BOSS","M","M","$","M","M"],"build_version":"2019-01-17v2","purchased_purges":1,"victory":false,"max_hp_per_floor":[80,80,80,80,80,80,80,80,80,80,80,80,80,85,85,85,85,89,93,93,97,97],"card_choices":[{"not_picked":["Cleave","Havoc"],"picked":"Flex","floor":1},{"not_picked":["Heavy Blade","Spot Weakness"],"picked":"Wild Strike","floor":4},{"not_picked":["Clothesline","Thunderclap"],"picked":"True Grit","floor":5},{"not_picked":["Bloodletting","Metallicize"],"picked":"Havoc","floor":7},{"not_picked":["True Grit","Burning Pact"],"picked":"Pommel Strike","floor":8},{"not_picked":["Rage","Inflame"],"picked":"Feed","floor":10},{"not_picked":["Metallicize","Havoc"],"picked":"Dropkick","floor":12},{"not_picked":["Brutality","Barricade"],"picked":"Exhume","floor":16},{"not_picked":["Entrench","Shrug It Off"],"picked":"Bloodletting","floor":18},{"not_picked":["Evolve","Body Slam"],"picked":"Twin Strike+1","floor":19},{"not_picked":["Second Wind","Heavy Blade"],"picked":"Fire Breathing+1","floor":21}],"player_experience":182935,"relics_obtained":[{"floor":3,"key":"Anchor"},{"floor":7,"key":"Whetstone"},{"floor":9,"key":"Pantograph"},{"floor":10,"key":"Self Forming Clay"},{"floor":17,"key":"Boot"},{"floor":17,"key":"Paper Frog"},{"floor":17,"key":"Nunchaku"}],"event_choices":[{"cards_removed":["Strike_R"],"damage_healed":0,"gold_gain":0,"player_choice":"Card Removal","damage_taken":7,"max_hp_gain":0,"max_hp_loss":0,"event_name":"Golden Wing","floor":2,"gold_loss":0},{"damage_healed":0,"gold_gain":75,"player_choice":"Gather Gold","damage_taken":11,"max_hp_gain":0,"max_hp_loss":0,"event_name":"World of Goop","floor":13,"gold_loss":0},{"damage_healed":0,"gold_gain":0,"player_choice":"Donut","damage_taken":0,"max_hp_gain":5,"max_hp_loss":0,"event_name":"Big Fish","floor":14,"gold_loss":0}],"is_beta":false,"boss_relics":[{"not_picked":["Runic Dome","Empty Cage"],"picked":"Calling Bell"}],"items_purged_floors":[20],"is_endless":false,"potions_floor_spawned":[4,8,12,16],"killed_by":"Centurion and Healer","ascension_level":4}