{"gold_per_floor":[118,268,278,15,25,56,73,73,73,101,112,139,139,156,156,229,229,248,348,348],"floor_reached":20,"playtime":825,"items_purged":["Doubt"],"score":340,"play_id":"5b961cdb-f7a4-4a18-8c5b-2f3402423658","local_time":"20180824205918","is_ascension_mode":true,"campfire_choices":[{"data":"Inflame","floor":8.0,"key":"SMITH"},{"floor":13.0,"key":"REST"},{"data":"True Grit","floor":15.0,"key":"SMITH"}],"neow_cost":"NONE","seed_source_timestamp":0,"circlet_count":0,"master_deck":["Strike_R","Strike_R","Strike_R","Strike_R","Strike_R","Defend_R","Defend_R","Defend_R","Defend_R","Bash","AscendersBane","Twin Strike","Thunderclap","Metamorphosis","Inflame+1","Pummel","Cleave","Shockwave","Battle Trance","Iron Wave+1","True Grit+1","Limit Break","Limit Break"],"special_seed":0,"relics":["Burning Blood","Bag of Preparation","Blood Vial","Molten Egg 2","Self Forming Clay","Art of War","Sozu","Girya","Mercury Hourglass"],"potions_floor_usage":[19],"damage_taken":[{"damage":0.0,"enemies":"2 Louse","floor":1.0,"turns":3.0},{"damage":13.0,"enemies":"Jaw Worm","floor":3.0,"turns":4.0},{"damage":6.0,"enemies":"Cultist","floor":5.0,"turns":3.0},{"damage":32.0,"enemies":"Gremlin Nob","floor":6.0,"turns":4.0},{"damage":12.0,"enemies":"3 Louse","floor":7.0,"turns":4.0},{"damage":30.0,"enemies":"Lagavulin","floor":10.0,"turns":7.0},{"damage":4.0,"enemies":"Exordium Wildlife","floor":11.0,"turns":3.0},{"damage":12.0,"enemies":"Gremlin Nob","floor":12.0,"turns":4.0},{"damage":12.0,"enemies":"Large Slime","floor":14.0,"turns":4.0},{"damage":21.0,"enemies":"Hexaghost","floor":16.0,"turns":9.0},{"damage":12,"enemies":"3 Byrds","floor":18,"turns":3},{"damage":19,"enemies":"Colosseum Slavers","floor":19,"turns":3},{"damage":42,"enemies":"Colosseum Nobs","floor":19,"turns":5},{"damage":0,"enemies":"2 Thieves","floor":20,"turns":1}],"seed_played":"1906077231519448488","potions_obtained":[{"floor":10.0,"key":"Weak Potion"},{"floor":14.0,"key":"Explosive Potion"},{"floor":16.0,"key":"Weak Potion"}],"is_trial":false,"path_per_floor":["M","?","M","$","M","E","M","R","T","E","M","E","R","M","R","B",null,"M","?"],"character_chosen":"IRONCLAD","items_purchased":["Metamorphosis"],"campfire_rested":1,"item_purchase_floors":[4],"current_hp_per_floor":[74,74,67,67,67,41,37,37,37,15,19,15,37,33,33,20,61,57,12,14],"gold":348,"neow_bonus":"RANDOM_COMMON_RELIC","is_prod":false,"is_daily":false,"chose_seed":false,"campfire_upgraded":2,"win_rate":0,"timestamp":1535158758,"path_taken":["M","?","M","$","M","E","?","R","T","E","M","E","R","M","R","BOSS","M","?","M"],"build_version":"2018-08-23v2","purchased_purges":1,"victory":false,"max_hp_per_floor":[75,75,75,75,75,75,75,75,75,75,75,75,75,75,75,75,75,75,75,75],"card_choices":[{"not_picked":["Shrug It Off","Headbutt"],"picked":"Twin Strike","floor":1.0},{"not_picked":["Flame Barrier","Havoc"],"picked":"Thunderclap","floor":3.0},{"not_picked":["Wild Strike","Metallicize"],"picked":"Inflame","floor":5.0},{"not_picked":["Blood for Blood","Clash"],"picked":"Pummel","floor":6.0},{"not_picked":["Power Through","Feel No Pain"],"picked":"Cleave","floor":7.0},{"not_picked":["Immolate+1","Sever Soul+1"],"picked":"Shockwave","floor":10.0},{"not_picked":["Twin Strike+1","Searing Blow+1"],"picked":"Battle Trance","floor":11.0},{"not_picked":["Havoc","Armaments"],"picked":"Iron Wave+1","floor":12.0},{"not_picked":["Rage","Entrench"],"picked":"True Grit","floor":14.0},{"not_picked":["Brutality","Immolate+1"],"picked":"Limit Break","floor":16.0},{"not_picked":["Anger+1","True Grit","Warcry"],"picked":"SKIP","floor":18},{"not_picked":["Burning Pact+1","Warcry"],"picked":"Limit Break","floor":19}],"player_experience":605728,"relics_obtained":[{"floor":6.0,"key":"Blood Vial"},{"floor":9.0,"key":"Molten Egg 2"},{"floor":10.0,"key":"Self Forming Clay"},{"floor":12.0,"key":"Art of War"},{"floor":19,"key":"Girya"},{"floor":19,"key":"Mercury Hourglass"}],"event_choices":[{"event_name":"Liars Game","player_choice":"agreed","floor":2.0,"damage_taken":0.0},{"event_name":"Colosseum","player_choice":"Fight","floor":19,"damage_taken":0},{"event_name":"Colosseum","player_choice":"Fought Nobs","floor":19,"damage_taken":0}],"is_beta":false,"boss_relics":[{"not_picked":["White Beast Statue","Ectoplasm"],"picked":"Sozu"}],"items_purged_floors":[4],"is_endless":false,"potions_floor_spawned":[10,14,16,18,19,19],"killed_by":"2 Thieves","ascension_level":15}