{"gold_per_floor":[119,119,44,9,22,22,55,55,55,65,2,2,31,31,31,31],"floor_reached":16,"playtime":590,"items_purged":["Regret"],"score":186,"play_id":"320309a9-d020-4625-a770-426c51a4d4c4","local_time":"20180722102419","is_ascension_mode":true,"campfire_choices":[{"data":"Neutralize","floor":6.0,"key":"SMITH"},{"floor":8.0,"key":"DIG"},{"data":"Noxious Fumes","floor":12.0,"key":"SMITH"},{"floor":15.0,"key":"DIG"}],"neow_cost":"TEN_PERCENT_HP_LOSS","seed_source_timestamp":702296501830703,"circlet_count":0,"master_deck":["Defend_G","Defend_G+1","Defend_G","Defend_G","Defend_G","Strike_G","Strike_G","Strike_G","Strike_G","Strike_G","Survivor+1","Neutralize+1","AscendersBane","Tools of the Trade","Dagger Spray","Tactician","Skewer","Noxious Fumes+1","Cloak And Dagger"],"special_seed":0,"relics":["Ring of the Snake","Dead Branch","Shovel","Blue Candle","The Courier","Gremlin Horn","War Paint"],"potions_floor_usage":[],"damage_taken":[{"damage":9.0,"enemies":"Cultist","floor":1.0,"turns":5.0},{"damage":1.0,"enemies":"Jaw Worm","floor":5.0,"turns":4.0},{"damage":13.0,"enemies":"3 Sentries","floor":7.0,"turns":10.0},{"damage":4.0,"enemies":"Small Slimes","floor":10.0,"turns":4.0},{"damage":22.0,"enemies":"Lagavulin","floor":13.0,"turns":7.0},{"damage":36,"enemies":"The Guardian","floor":16,"turns":2}],"seed_played":"3325297586342275802","potions_obtained":[{"floor":1.0,"key":"LiquidBronze"},{"floor":10.0,"key":"LiquidBronze"}],"is_trial":false,"path_per_floor":["M","?","$","?","M","R","E","R","T","M","$","R","E","?","R"],"character_chosen":"THE_SILENT","items_purchased":["Noxious Fumes"],"campfire_rested":0,"item_purchase_floors":[11],"current_hp_per_floor":[50,50,50,60,59,59,46,46,46,42,42,42,20,20,20,0],"gold":31,"neow_bonus":"THREE_RARE_CARDS","is_prod":false,"is_daily":false,"chose_seed":false,"campfire_upgraded":2,"win_rate":0,"timestamp":1532269459,"path_taken":["M","?","$","?","M","R","E","R","T","?","$","R","E","?","R","BOSS"],"build_version":"2018-07-19v2","purchased_purges":1,"victory":false,"max_hp_per_floor":[60,60,60,60,60,60,60,60,60,60,60,60,60,60,60,60],"card_choices":[{"not_picked":["A Thousand Cuts","Phantasmal Killer"],"picked":"Tools of the Trade","floor":0.0},{"not_picked":["Terror","Outmaneuver"],"picked":"Dagger Spray","floor":1.0},{"not_picked":["Acrobatics","Deflect"],"picked":"Tactician","floor":5.0},{"not_picked":["Dagger Throw","Deadly Poison"],"picked":"Skewer","floor":7.0},{"not_picked":["Poisoned Stab","Outmaneuver","Prepared"],"picked":"SKIP","floor":10.0},{"not_picked":["Deadly Poison","Backflip"],"picked":"Cloak And Dagger","floor":13.0}],"player_experience":515521,"relics_obtained":[{"floor":7.0,"key":"Shovel"},{"floor":8.0,"key":"Blue Candle"},{"floor":9.0,"key":"The Courier"},{"floor":13.0,"key":"Gremlin Horn"},{"floor":15.0,"key":"War Paint"}],"event_choices":[{"event_name":"Big Fish","player_choice":"Box","floor":2.0,"damage_taken":0.0},{"event_name":"The Cleric","player_choice":"Healed","floor":4.0,"damage_taken":0.0},{"event_name":"Golden Wing","player_choice":"Ignored","floor":14.0,"damage_taken":0.0}],"is_beta":false,"boss_relics":[],"items_purged_floors":[3],"is_endless":false,"potions_floor_spawned":[1,10],"killed_by":"The Guardian","ascension_level":15}