{"gold_per_floor":[115,115,115,128,142,167,167,187,187,197,55,81,98,118,118,213,213,224,50,67,67,77,102,102,130,155,173,173,208,223,49,49,148,148,161,261,261,261,271,271],"floor_reached":40,"playtime":2484,"items_purged":["Strike_B","Strike_B","Defend_B"],"score":851,"play_id":"e54d8604-12a9-4f5d-b8cd-42f77f6ab22d","local_time":"20190127213727","is_ascension_mode":true,"campfire_choices":[{"data":"Buffer","floor":7.0,"key":"SMITH"},{"data":"Loop","floor":15.0,"key":"SMITH"},{"data":"Zap","floor":24,"key":"SMITH"},{"floor":32,"key":"REST"}],"neow_cost":"NONE","seed_source_timestamp":0,"circlet_count":0,"master_deck":["Strike_B","Defend_B+1","Defend_B","Defend_B+1","Zap+1","Dualcast+1","Glacier","Rainbow","Turbo+1","FTL","Buffer+1","Compile Driver","Hologram","Loop+1","Go for the Eyes","Auto Shields","Electrodynamics","Cold Snap","Redo","Ball Lightning","Coolheaded","Leap+1","Steam Power","Echo Form","Steam","Conserve Battery","Electrodynamics","Doom and Gloom","Leap+1","Writhe","Bandage Up","Conserve Battery+1"],"special_seed":0,"relics":["FrozenCore","FossilizedHelix","Shovel","Ice Cream","Black Star","Nloth\u0027s Gift","Sundial","War Paint","Gambling Chip","Turnip","Bag of Preparation","Girya","Pen Nib","Thread and Needle"],"potions_floor_usage":[23,23,25,25,29,33,40],"damage_taken":[{"damage":0.0,"enemies":"2 Louse","floor":1.0,"turns":1.0},{"damage":0.0,"enemies":"Small Slimes","floor":4.0,"turns":1.0},{"damage":0.0,"enemies":"Jaw Worm","floor":5.0,"turns":1.0},{"damage":7.0,"enemies":"3 Sentries","floor":6.0,"turns":11.0},{"damage":0.0,"enemies":"Large Slime","floor":8.0,"turns":6.0},{"damage":0.0,"enemies":"Gremlin Gang","floor":10.0,"turns":5.0},{"damage":0.0,"enemies":"Gremlin Nob","floor":12.0,"turns":4.0},{"damage":0.0,"enemies":"2 Fungi Beasts","floor":13.0,"turns":5.0},{"damage":0.0,"enemies":"Blue Slaver","floor":14.0,"turns":4.0},{"damage":0.0,"enemies":"Slime Boss","floor":16.0,"turns":6.0},{"damage":11.0,"enemies":"2 Thieves","floor":18.0,"turns":5.0},{"damage":0.0,"enemies":"Spheric Guardian","floor":20.0,"turns":4.0},{"damage":0.0,"enemies":"Centurion and Healer","floor":22.0,"turns":6.0},{"damage":15,"enemies":"Slavers","floor":23,"turns":5},{"damage":30,"enemies":"Gremlin Leader","floor":25,"turns":8},{"damage":7,"enemies":"Shelled Parasite and Fungi","floor":27,"turns":7},{"damage":0,"enemies":"Book of Stabbing","floor":29,"turns":7},{"damage":0,"enemies":"Snake Plant","floor":30,"turns":6},{"damage":0,"enemies":"Collector","floor":33,"turns":10},{"damage":0,"enemies":"Orb Walker","floor":35,"turns":3},{"damage":0,"enemies":"Mind Bloom Boss Battle","floor":36,"turns":5},{"damage":26,"enemies":"3 Darklings","floor":39,"turns":5},{"damage":59,"enemies":"Giant Head","floor":40,"turns":11}],"seed_played":"5165935535606411494","potions_obtained":[{"floor":1.0,"key":"Weak Potion"},{"floor":10.0,"key":"FearPotion"},{"floor":12.0,"key":"Regen Potion"},{"floor":14.0,"key":"LiquidBronze"},{"floor":16.0,"key":"FearPotion"},{"floor":20.0,"key":"Block Potion"},{"floor":23,"key":"Dexterity Potion"},{"floor":27,"key":"AttackPotion"},{"floor":30,"key":"FocusPotion"},{"floor":35,"key":"Explosive Potion"},{"floor":39,"key":"AttackPotion"}],"is_trial":false,"path_per_floor":["M","?","?","M","M","E","R","M","T","M","$","E","M","M","R","B",null,"M","$","M","?","M","E","R","E","T","M","?","E","M","$","R","B",null,"M","?","?","?","M","E"],"character_chosen":"DEFECT","items_purchased":["Loop","Redo","Ball Lightning","Conserve Battery"],"campfire_rested":1,"item_purchase_floors":[11,19,19,31],"current_hp_per_floor":[68,53,53,53,53,46,46,46,46,46,46,46,46,46,46,46,68,57,57,57,57,57,54,54,24,24,17,17,17,17,17,39,39,66,66,66,75,75,53,0],"gold":271,"neow_bonus":"THREE_ENEMY_KILL","is_prod":false,"is_daily":false,"chose_seed":false,"campfire_upgraded":3,"win_rate":0,"timestamp":1548643047,"path_taken":["M","?","?","?","M","E","R","M","T","M","$","E","M","M","R","BOSS","M","$","M","?","?","E","R","E","T","M","?","E","M","$","R","BOSS","M","?","?","?","M","E"],"build_version":"2019-01-23","purchased_purges":3,"victory":false,"max_hp_per_floor":[75,75,75,75,75,75,75,75,75,75,75,75,75,75,75,75,75,75,75,75,75,75,75,75,75,75,75,75,75,75,75,75,75,75,75,75,75,75,75,75],"card_choices":[{"not_picked":["Compile Driver","Stack"],"picked":"Glacier","floor":1.0},{"not_picked":["Barrage","Scrape"],"picked":"Turbo","floor":4.0},{"not_picked":["Leap","Storm"],"picked":"FTL","floor":5.0},{"not_picked":["Recycle","Hello World"],"picked":"Buffer","floor":6.0},{"not_picked":["Sunder","Steam"],"picked":"Compile Driver","floor":8.0},{"not_picked":["Ball Lightning","Gash"],"picked":"Hologram","floor":10.0},{"not_picked":["Recycle","Amplify"],"picked":"Go for the Eyes","floor":12.0},{"not_picked":["Undo","Go for the Eyes"],"picked":"Auto Shields","floor":13.0},{"not_picked":["Recycle","Capacitor","Static Discharge"],"picked":"SKIP","floor":14.0},{"not_picked":["Recycle","Capacitor","Static Discharge"],"picked":"SKIP","floor":14.0},{"not_picked":["All For One","Hyperbeam"],"picked":"Electrodynamics","floor":16.0},{"not_picked":["Streamline","Gash+1"],"picked":"Cold Snap","floor":18.0},{"not_picked":["Go for the Eyes","Rebound"],"picked":"Coolheaded","floor":20.0},{"not_picked":["Scrape","Go for the Eyes"],"picked":"Leap+1","floor":22.0},{"not_picked":["Beam Cell","Sweeping Beam"],"picked":"Steam Power","floor":23},{"not_picked":["Scrape","Beam Cell","Leap"],"picked":"SKIP","floor":25},{"not_picked":["Static Discharge","Leap","Redo"],"picked":"SKIP","floor":27},{"not_picked":["Coolheaded","Capacitor"],"picked":"Echo Form","floor":29},{"not_picked":["Hyperbeam","Streamline+1"],"picked":"Steam","floor":30},{"not_picked":["Hyperbeam","Core Surge"],"picked":"Electrodynamics","floor":33},{"not_picked":["Biased Cognition","Turbo"],"picked":"Doom and Gloom","floor":35},{"not_picked":["Melter","Gash+1"],"picked":"Leap+1","floor":36},{"not_picked":["Good Instincts","PanicButton"],"picked":"Bandage Up","floor":38},{"not_picked":["Darkness","Gash+1"],"picked":"Conserve Battery+1","floor":39}],"player_experience":229345,"relics_obtained":[{"floor":6.0,"key":"FossilizedHelix"},{"floor":9.0,"key":"Shovel"},{"floor":12.0,"key":"Ice Cream"},{"floor":23,"key":"Sundial"},{"floor":23,"key":"War Paint"},{"floor":25,"key":"Gambling Chip"},{"floor":25,"key":"Turnip"},{"floor":26,"key":"Bag of Preparation"},{"floor":29,"key":"Girya"},{"floor":29,"key":"Pen Nib"},{"floor":36,"key":"Thread and Needle"}],"event_choices":[{"damage_healed":0.0,"max_hp_gain":0.0,"max_hp_loss":0.0,"gold_gain":0.0,"event_name":"Shining Light","player_choice":"Entered Light","floor":2.0,"gold_loss":0.0,"damage_taken":15.0,"cards_upgraded":["Defend_B","Defend_B"]},{"damage_healed":0.0,"max_hp_gain":0.0,"max_hp_loss":0.0,"gold_gain":0.0,"cards_transformed":["Strike_B"],"event_name":"Living Wall","player_choice":"Change","floor":3.0,"gold_loss":0.0,"damage_taken":0.0,"cards_obtained":["Rainbow"]},{"damage_healed":0.0,"max_hp_gain":0.0,"max_hp_loss":0.0,"gold_gain":0.0,"event_name":"N\u0027loth","player_choice":"Traded Relic","floor":21.0,"relics_lost":["NeowsBlessing"],"gold_loss":0.0,"damage_taken":0.0,"relics_obtained":["Nloth\u0027s Gift"]},{"damage_healed":0,"gold_gain":0,"player_choice":"Ignored","damage_taken":0,"max_hp_gain":0,"max_hp_loss":0,"event_name":"Ghosts","floor":28,"gold_loss":0},{"damage_healed":0,"gold_gain":0,"player_choice":"Fight","damage_taken":0,"max_hp_gain":0,"max_hp_loss":0,"event_name":"MindBloom","floor":36,"gold_loss":0},{"damage_healed":19,"gold_gain":0,"player_choice":"Writhe","damage_taken":0,"max_hp_gain":0,"max_hp_loss":0,"event_name":"Winding Halls","floor":37,"gold_loss":0,"cards_obtained":["Writhe"]},{"damage_healed":0,"gold_gain":0,"player_choice":"Memory 1","damage_taken":0,"max_hp_gain":0,"max_hp_loss":0,"event_name":"SensoryStone","floor":38,"gold_loss":0}],"is_beta":false,"boss_relics":[{"not_picked":["Coffee Dripper","Runic Dome"],"picked":"Black Star"},{"not_picked":["White Beast Statue","Lizard Tail"],"picked":"FrozenCore"}],"items_purged_floors":[11,19,31],"is_endless":false,"potions_floor_spawned":[1,10,12,14,16,20,22,23,27,30,35,39],"killed_by":"Giant Head","ascension_level":8}