{"gold_per_floor":[115,115,132,149,159,159,172,172,172,203,203,232,243,271,271,271],"floor_reached":16,"playtime":578,"items_purged":[],"score":274,"play_id":"b5152259-7766-49e6-b1d5-8bf5444998ca","local_time":"20190104212508","is_ascension_mode":true,"campfire_choices":[{"data":"Barrage","floor":6,"key":"SMITH"},{"data":"Sweeping Beam","floor":8,"key":"SMITH"},{"data":"Biased Cognition","floor":11,"key":"SMITH"},{"floor":15,"key":"REST"}],"neow_cost":"NONE","seed_source_timestamp":12994111093441,"circlet_count":0,"master_deck":["AscendersBane","Strike_B","Strike_B","Strike_B","Strike_B","Defend_B","Defend_B","Defend_B","Zap","Dualcast","Auto Shields","Coolheaded","Barrage+1","Sweeping Beam+1","Biased Cognition+1","Hologram","Machine Learning"],"relics":["Cracked Core","Anchor","Ice Cream","Singing Bowl","Peace Pipe","Odd Mushroom"],"potions_floor_usage":[10,12,12,16],"damage_taken":[{"damage":0,"enemies":"2 Louse","floor":1,"turns":1},{"damage":1,"enemies":"Cultist","floor":3,"turns":3},{"damage":0,"enemies":"Small Slimes","floor":4,"turns":3},{"damage":17,"enemies":"3 Louse","floor":5,"turns":3},{"damage":2,"enemies":"Red Slaver","floor":7,"turns":3},{"damage":0,"enemies":"Lagavulin","floor":10,"turns":6},{"damage":8,"enemies":"Gremlin Nob","floor":12,"turns":3},{"damage":2,"enemies":"Blue Slaver","floor":13,"turns":3},{"damage":18,"enemies":"The Mushroom Lair","floor":14,"turns":3},{"damage":41,"enemies":"Hexaghost","floor":16,"turns":10}],"seed_played":"-3581445734007656929","potions_obtained":[{"floor":1,"key":"LiquidBronze"},{"floor":5,"key":"EssenceOfSteel"},{"floor":10,"key":"Explosive Potion"},{"floor":14,"key":"Weak Potion"}],"is_trial":false,"path_per_floor":["M","?","M","M","M","R","M","R","T","E","R","E","M","?","R","B"],"character_chosen":"DEFECT","items_purchased":[],"campfire_rested":1,"item_purchase_floors":[],"current_hp_per_floor":[64,64,63,63,46,46,44,44,44,44,44,38,36,18,39,0],"gold":271,"neow_bonus":"RANDOM_COMMON_RELIC","is_prod":false,"is_daily":false,"chose_seed":false,"campfire_upgraded":3,"win_rate":0,"timestamp":1546655108,"path_taken":["M","?","M","M","?","R","M","R","T","E","R","E","?","?","R","BOSS"],"build_version":"2019-01-03v4","purchased_purges":0,"victory":false,"max_hp_per_floor":[71,71,71,71,71,71,71,71,71,71,71,73,73,73,73,73],"card_choices":[{"not_picked":["Force Field","Beam Cell"],"picked":"Auto Shields","floor":1},{"not_picked":["Hologram","Turbo","Force Field"],"picked":"SKIP","floor":3},{"not_picked":["Conserve Battery","Undo"],"picked":"Coolheaded","floor":4},{"not_picked":["Compile Driver","Leap"],"picked":"Barrage","floor":5},{"not_picked":["Cold Snap","Coolheaded"],"picked":"Sweeping Beam","floor":7},{"not_picked":["Leap","Blizzard"],"picked":"Biased Cognition","floor":10},{"not_picked":["Reprogram","Compile Driver","Go for the Eyes"],"picked":"Singing Bowl","floor":12},{"not_picked":["Streamline","Sweeping Beam"],"picked":"Hologram","floor":13},{"not_picked":["Barrage","Beam Cell"],"picked":"Machine Learning","floor":14}],"player_experience":994925,"relics_obtained":[{"floor":9,"key":"Ice Cream"},{"floor":10,"key":"Singing Bowl"},{"floor":12,"key":"Peace Pipe"},{"floor":14,"key":"Odd Mushroom"}],"event_choices":[{"cards_removed":["Defend_B"],"damage_healed":0,"gold_gain":0,"player_choice":"Offered Basic","damage_taken":0,"max_hp_gain":0,"max_hp_loss":0,"event_name":"Bonfire Elementals","floor":2,"gold_loss":0},{"damage_healed":0,"gold_gain":0,"player_choice":"Fought Mushrooms","damage_taken":0,"max_hp_gain":0,"max_hp_loss":0,"event_name":"Mushrooms","floor":14,"gold_loss":0}],"is_beta":false,"boss_relics":[],"items_purged_floors":[],"is_endless":false,"potions_floor_spawned":[1,5,10,14],"killed_by":"Hexaghost","ascension_level":20}