{"gold_per_floor":[114,114,126,91,106,106,123,138,185,197,235,259,290,100,100,197,197,208,226,238,338,338],"floor_reached":22,"playtime":999,"items_purged":[],"score":190,"play_id":"166ed56f-d3fe-4a66-965b-8db95722f31e","local_time":"20190522051725","is_ascension_mode":false,"campfire_choices":[{"data":"Backstab","floor":6,"key":"SMITH"},{"floor":15,"key":"REST"}],"neow_cost":"NONE","seed_source_timestamp":476101937493900,"circlet_count":0,"master_deck":["Survivor","Neutralize","Distraction","Accuracy+1","Accuracy","Backflip","Escape Plan","Slice","Backstab+1","Backstab+1","Blur","Caltrops","Cloak And Dagger","Endless Agony","Noxious Fumes","Glass Knife+1","Poisoned Stab","Blade Dance","Infinite Blades","Blade Dance","Corpse Explosion","Doubt","Decay","Writhe","Footwork"],"relics":["Pandora\u0027s Box","MawBank","Bottled Flame","Snake Skull","Calling Bell","Bag of Preparation","Mercury Hourglass","Calipers","Ginger","Toxic Egg 2"],"potions_floor_usage":[16,16],"damage_taken":[{"damage":0,"enemies":"Jaw Worm","floor":1,"turns":3},{"damage":5,"enemies":"Small Slimes","floor":3,"turns":2},{"damage":0,"enemies":"2 Louse","floor":5,"turns":1},{"damage":11,"enemies":"Exordium Wildlife","floor":7,"turns":4},{"damage":7,"enemies":"Looter","floor":8,"turns":2},{"damage":10,"enemies":"3 Sentries","floor":11,"turns":5},{"damage":10,"enemies":"Exordium Thugs","floor":12,"turns":2},{"damage":0,"enemies":"3 Louse","floor":13,"turns":1},{"damage":27,"enemies":"The Guardian","floor":16,"turns":8},{"damage":0,"enemies":"Spheric Guardian","floor":18,"turns":1},{"damage":6,"enemies":"Chosen","floor":19,"turns":2},{"damage":23,"enemies":"Snecko","floor":20,"turns":5},{"damage":13,"enemies":"Colosseum Slavers","floor":21,"turns":4},{"damage":18,"enemies":"Colosseum Nobs","floor":21,"turns":4},{"damage":10,"enemies":"Chosen and Byrds","floor":22,"turns":1}],"seed_played":"2650371728472062438","potions_obtained":[{"floor":1,"key":"Strength Potion"},{"floor":5,"key":"Poison Potion"},{"floor":7,"key":"Weak Potion"},{"floor":18,"key":"Ancient Potion"},{"floor":21,"key":"Fire Potion"}],"is_trial":false,"path_per_floor":["M","?","M","?","M","R","M","M","T","?","E","M","M","$","R","B",null,"M","M","M","?","M"],"character_chosen":"THE_SILENT","items_purchased":["Snake Skull","Blade Dance"],"campfire_rested":1,"item_purchase_floors":[14,14],"current_hp_per_floor":[70,56,51,68,68,68,57,50,50,50,40,30,30,30,51,24,70,70,64,41,10,0],"gold":338,"neow_bonus":"BOSS_RELIC","is_prod":false,"is_daily":false,"chose_seed":false,"campfire_upgraded":1,"win_rate":0,"timestamp":1558531045,"path_taken":["M","?","M","?","M","R","M","?","T","?","E","M","M","?","R","BOSS","M","M","M","?","M"],"build_version":"2019-01-23","purchased_purges":0,"victory":false,"max_hp_per_floor":[70,70,70,70,70,70,70,70,70,70,70,70,70,70,70,70,70,70,70,70,70,70],"card_choices":[{"not_picked":["Bouncing Flask","Outmaneuver"],"picked":"Cloak And Dagger","floor":1},{"not_picked":["Deflect","Tactician"],"picked":"Endless Agony","floor":3},{"not_picked":["Skewer","Quick Slash"],"picked":"Noxious Fumes","floor":5},{"not_picked":["Sucker Punch","Escape Plan"],"picked":"Glass Knife","floor":7},{"not_picked":["PiercingWail","Tactician"],"picked":"Poisoned Stab","floor":8},{"not_picked":["Dagger Throw","PiercingWail"],"picked":"Blade Dance","floor":11},{"not_picked":["Escape Plan","Calculated Gamble","Concentrate"],"picked":"SKIP","floor":12},{"not_picked":["Deflect","PiercingWail"],"picked":"Infinite Blades","floor":13},{"not_picked":["Unload","Die Die Die"],"picked":"Corpse Explosion","floor":16},{"not_picked":["Acrobatics","Deflect","PiercingWail"],"picked":"SKIP","floor":18},{"not_picked":["Expertise+1","Heel Hook","Sucker Punch"],"picked":"SKIP","floor":19},{"not_picked":["Masterful Stab","Bane"],"picked":"Footwork","floor":20}],"player_experience":398129,"relics_obtained":[{"floor":9,"key":"MawBank"},{"floor":11,"key":"Bottled Flame"},{"floor":17,"key":"Bag of Preparation"},{"floor":17,"key":"Mercury Hourglass"},{"floor":17,"key":"Calipers"},{"floor":21,"key":"Ginger"},{"floor":21,"key":"Toxic Egg 2"}],"event_choices":[{"damage_healed":0,"gold_gain":0,"player_choice":"Entered Light","damage_taken":14,"max_hp_gain":0,"max_hp_loss":0,"event_name":"Shining Light","floor":2,"gold_loss":0,"cards_upgraded":["Accuracy","Backstab"]},{"damage_healed":17,"gold_gain":0,"player_choice":"Healed","damage_taken":0,"max_hp_gain":0,"max_hp_loss":0,"event_name":"The Cleric","floor":4,"gold_loss":35},{"damage_healed":0,"gold_gain":0,"player_choice":"Grow","damage_taken":0,"max_hp_gain":0,"max_hp_loss":0,"event_name":"Living Wall","floor":10,"gold_loss":0,"cards_upgraded":["Glass Knife"]},{"damage_healed":0,"gold_gain":0,"player_choice":"Fight","damage_taken":0,"max_hp_gain":0,"max_hp_loss":0,"event_name":"Colosseum","floor":21,"gold_loss":0},{"damage_healed":0,"gold_gain":0,"player_choice":"Fought Nobs","damage_taken":0,"max_hp_gain":0,"max_hp_loss":0,"event_name":"Colosseum","floor":21,"gold_loss":0}],"is_beta":false,"boss_relics":[{"not_picked":["Runic Dome","Coffee Dripper"],"picked":"Calling Bell"}],"items_purged_floors":[],"is_endless":false,"potions_floor_spawned":[1,5,7,11,12,18,21,21],"killed_by":"Chosen and Byrds","ascension_level":0}