{"path_per_floor":["M","?","M","$","M","E","M","R","T","E","?","R","M","M","R","B",null,"M","$","?","M","?","R","M","E","T","$","?","?","R","?","R","B",null,"M","?","M","M","?","R","?","R","T","R","M"],"character_chosen":"THE_SILENT","items_purchased":["Noxious Fumes","Slice","Shuriken","Backflip"],"gold_per_floor":[115,115,131,41,61,89,108,108,155,184,184,184,197,213,213,308,308,319,24,24,34,34,34,48,77,77,77,77,77,77,107,107,211,211,226,226,236,248,248,248,248,248,248,248,266],"floor_reached":46,"campfire_rested":6,"playtime":3586,"current_hp_per_floor":[75,68,68,68,68,51,39,61,68,47,47,71,55,40,40,23,82,58,58,58,61,61,82,62,52,52,52,52,52,76,76,76,65,82,66,66,40,41,31,55,55,79,79,79,54],"items_purged":[],"gold":266,"score":421,"play_id":"111336d0-bc3b-4a2a-a6ef-636f44045321","is_prod":false,"is_daily":false,"is_ascension_mode":false,"campfire_upgraded":3,"path_taken":["M","?","M","?","M","E","M","R","T","E","?","R","?","M","R","BOSS","M","$","?","M","?","R","M","E","T","$","?","?","R","?","R","BOSS","M","?","M","?","?","R","?","R","T","R","M","M"],"build_version":"2018-02-22-PROD1","purchased_purges":0,"victory":false,"master_deck":["Defend_G+1","Defend_G+1","Defend_G+1","Defend_G+1","Strike_G+1","Strike_G+1","Strike_G+1","Strike_G+1","Survivor","Neutralize","Dagger Throw","Endless Agony","Noxious Fumes","Slice","Deadly Poison","Noxious Fumes","Terror+1","Venomology","Cloak And Dagger","Dagger Throw","Dagger Spray","Die Die Die","Cloak And Dagger","Backflip","Infinite Blades+1","Cloak And Dagger","Blade Dance+1","Normality","Storm of Steel","Outmaneuver+1","Escape Plan","Crippling Poison+1","Madness+1","Madness","Phantasmal Killer"],"max_hp_per_floor":[75,75,75,75,75,75,75,75,82,82,82,82,82,82,82,82,82,82,82,82,82,82,82,82,82,82,82,82,82,82,82,82,82,82,82,82,82,82,82,82,82,82,82,82,82],"relics":["Tiny House","Tingsha","Strawberry","Happy Flower","Runic Pyramid","Shuriken","Pantograph","Mercury Hourglass","Tiny Chest","Lizard Tail","Toolbox","Torii"],"card_choices":[{"not_picked":["Quick Slash","Underhanded Strike"],"picked":"Dagger Throw"},{"not_picked":["Acrobatics","Backflip"],"picked":"Endless Agony"},{"not_picked":["Choke","Calculated Gamble"],"picked":"Deadly Poison"},{"not_picked":["Storm of Steel","Backstab"],"picked":"Noxious Fumes"},{"not_picked":["Slice","Dagger Spray"],"picked":"Terror"},{"not_picked":["Flying Knee","Flechettes"],"picked":"Venomology"},{"not_picked":["Heel Hook","Malaise"],"picked":"Dagger Throw"},{"not_picked":["Malaise","Prepared"],"picked":"Dagger Spray"},{"not_picked":["Phantasmal Killer","Unload"],"picked":"Die Die Die"},{"not_picked":["Eviscerate","Deflect"],"picked":"Cloak And Dagger"},{"not_picked":["Acrobatics","Outmaneuver"],"picked":"Infinite Blades"},{"not_picked":["Underhanded Strike","Slice"],"picked":"Cloak And Dagger"},{"not_picked":["Riddle With Holes","Dagger Spray"],"picked":"Blade Dance"},{"not_picked":["Venomology","Glass Knife"],"picked":"Storm of Steel"},{"not_picked":["Concentrate","Dodge and Roll"],"picked":"Outmaneuver"},{"not_picked":["Deflect","Deadly Poison"],"picked":"Escape Plan"},{"not_picked":["Underhanded Strike","Slice"],"picked":"Crippling Poison"},{"not_picked":["Underhanded Strike","Malaise"],"picked":"Phantasmal Killer"}],"player_experience":132703,"potions_floor_usage":[6,6,16,16,16,18,18,21,21,25,25,25,33,37,37,37,45,45,45],"damage_taken":[{"damage":0,"enemies":"Small Slimes","floor":1,"turns":4},{"damage":0,"enemies":"2 Louse","floor":3,"turns":3},{"damage":0,"enemies":"Cultist","floor":5,"turns":3},{"damage":17,"enemies":"Gremlin Nob","floor":6,"turns":5},{"damage":12,"enemies":"Exordium Thugs","floor":7,"turns":5},{"damage":21,"enemies":"Lagavulin","floor":10,"turns":5},{"damage":16,"enemies":"3 Louse","floor":13,"turns":3},{"damage":15,"enemies":"Blue Slaver","floor":14,"turns":3},{"damage":17,"enemies":"Slime Boss","floor":16,"turns":7},{"damage":24,"enemies":"Chosen","floor":18,"turns":6},{"damage":6,"enemies":"Shell Parasite","floor":21,"turns":4},{"damage":20,"enemies":"Snecko","floor":24,"turns":5},{"damage":22,"enemies":"Gremlin Leader","floor":25,"turns":7},{"damage":17,"enemies":"Champ","floor":33,"turns":11},{"damage":16,"enemies":"Orb Walker","floor":35,"turns":4},{"damage":30,"enemies":"3 Darklings","floor":37,"turns":6},{"damage":40,"enemies":"Maw","floor":38,"turns":9},{"damage":25,"enemies":"4 Shapes","floor":45,"turns":3},{"damage":58,"enemies":"3 Darklings","floor":46,"turns":3}],"event_choices":[{"event_name":"Golden Wing","player_choice":"Card Removal","floor":2,"damage_taken":0},{"event_name":"Transmorgrifier","player_choice":"Transform","floor":11,"damage_taken":0},{"event_name":"Vampires","player_choice":"Ignored","floor":20,"damage_taken":0},{"event_name":"Addict","player_choice":"Ignored","floor":22,"damage_taken":0},{"event_name":"Back to Basics","player_choice":"Simplicity","floor":28,"damage_taken":0},{"event_name":"Beggar","player_choice":"Ignored","floor":29,"damage_taken":0},{"event_name":"Accursed Blacksmith","player_choice":"Rummage","floor":31,"damage_taken":0},{"event_name":"Wheel of Change","player_choice":"Relic","floor":36,"damage_taken":0},{"event_name":"Winding Halls","player_choice":"Embrace Madness","floor":39,"damage_taken":0},{"event_name":"The Lab","player_choice":"Got Potions","floor":41,"damage_taken":0}],"boss_relics":[{"not_picked":["Philosopher\u0027s Stone","Eternal Feather"],"picked":"Runic Pyramid"},{"not_picked":["Calling Bell","Velvet Choker"],"picked":"Lizard Tail"}],"potions_floor_spawned":[3,5,10,16,24,25,35,37],"seed_played":"4595722605724067376","killed_by":"3 Darklings","ascension_level":0,"is_trial":false}