{"gold_per_floor":[113,113,59,59,9,9,41,41,123,151,0,12,12,46,46,147,147,163,181,181,181,199,229,229,242,242,262,262,32,32,32,32,134,134,148,148,148,165,183,183,214,214,214,37,52,81,81,22,22,22],"floor_reached":50,"playtime":2440,"items_purged":["Strike_B","Strike_B"],"score":695,"play_id":"01468ec8-dd07-4210-b367-ab6a21586788","local_time":"20190522221408","is_ascension_mode":true,"campfire_choices":[{"data":"Zap","floor":6.0,"key":"SMITH"},{"data":"Ball Lightning","floor":8.0,"key":"SMITH"},{"data":"Genetic Algorithm","floor":15.0,"key":"SMITH"},{"floor":24.0,"key":"REST"},{"floor":28.0,"key":"REST"},{"floor":30.0,"key":"REST"},{"data":"Consume","floor":32.0,"key":"SMITH"},{"floor":40,"key":"RECALL"},{"floor":42,"key":"REST"},{"floor":47,"key":"REST"},{"floor":49,"key":"REST"}],"neow_cost":"NONE","seed_source_timestamp":339742201980900,"circlet_count":0,"master_deck":["Strike_B","Defend_B","Defend_B","Defend_B","Defend_B","Zap+1","Dualcast+1","Ball Lightning+1","Coolheaded","Capacitor","Sweeping Beam","White Noise+1","Genetic Algorithm+1","Storm","Machine Learning","Glacier+1","Lockon","Self Repair+1","Amplify","Consume+1","Darkness","Seek","Master of Strategy","Defragment","Barrage+1","Discovery","Self Repair"],"special_seed":0,"relics":["Cracked Core","NeowsBlessing","Darkstone Periapt","Bronze Scales","PreservedInsect","Cables","Inserter","Pear","Shuriken","Fusion Hammer","The Courier","Dodecahedron","Potion Belt"],"potions_floor_usage":[39,41,46,50,50],"damage_taken":[{"damage":0.0,"enemies":"Jaw Worm","floor":1.0,"turns":1.0},{"damage":0.0,"enemies":"Gremlin Nob","floor":7.0,"turns":1.0},{"damage":0.0,"enemies":"3 Sentries","floor":10.0,"turns":1.0},{"damage":1.0,"enemies":"Small Slimes","floor":12.0,"turns":3.0},{"damage":12.0,"enemies":"Lagavulin","floor":14.0,"turns":5.0},{"damage":16.0,"enemies":"The Guardian","floor":16.0,"turns":7.0},{"damage":14.0,"enemies":"Chosen","floor":18.0,"turns":5.0},{"damage":0.0,"enemies":"Spheric Guardian","floor":19.0,"turns":3.0},{"damage":24.0,"enemies":"Chosen and Byrds","floor":22.0,"turns":7.0},{"damage":32.0,"enemies":"Book of Stabbing","floor":23.0,"turns":5.0},{"damage":24.0,"enemies":"Snake Plant","floor":25.0,"turns":3.0},{"damage":9.0,"enemies":"Sentry and Sphere","floor":27.0,"turns":4.0},{"damage":0.0,"enemies":"Champ","floor":33.0,"turns":10.0},{"damage":0.0,"enemies":"3 Shapes","floor":35.0,"turns":5.0},{"damage":3,"enemies":"3 Darklings","floor":38,"turns":6},{"damage":17,"enemies":"Transient","floor":39,"turns":5},{"damage":20,"enemies":"Nemesis","floor":41,"turns":6},{"damage":18,"enemies":"Sphere and 2 Shapes","floor":45,"turns":6},{"damage":17,"enemies":"Reptomancer","floor":46,"turns":4},{"damage":90,"enemies":"Awakened One","floor":50,"turns":3}],"seed_played":"-5276969785748704467","potions_obtained":[{"floor":12.0,"key":"Swift Potion"},{"floor":14.0,"key":"Weak Potion"},{"floor":16.0,"key":"EssenceOfSteel"},{"floor":18.0,"key":"Explosive Potion"},{"floor":23.0,"key":"Fire Potion"},{"floor":27.0,"key":"Weak Potion"},{"floor":33.0,"key":"Block Potion"},{"floor":41,"key":"Ancient Potion"},{"floor":45,"key":"PowerPotion"}],"is_trial":false,"path_per_floor":["M","?","$","?","$","R","E","R","T","E","$","M","?","E","R","B",null,"M","M","?","?","M","E","R","M","T","M","R","$","R","$","R","B",null,"M","?","?","M","M","R","E","R","T","$","M","E","R","$","R","B"],"character_chosen":"DEFECT","items_purchased":["Coolheaded","PowerPotion","White Noise","Darkness","Dexterity Potion","Discovery","Block Potion","GamblersBrew","LiquidBronze"],"campfire_rested":6,"item_purchase_floors":[3,5,11,29,29,44,44,44,48],"current_hp_per_floor":[75,63,63,63,63,63,63,63,63,63,63,62,75,63,63,47,75,61,61,61,61,37,15,40,26,26,27,52,52,77,77,77,77,85,85,85,85,85,68,68,48,73,73,73,75,68,85,85,85,0],"gold":22,"neow_bonus":"THREE_ENEMY_KILL","is_prod":false,"is_daily":false,"chose_seed":false,"campfire_upgraded":4,"win_rate":0,"timestamp":1558556048,"path_taken":["M","?","$","?","$","R","E","R","T","E","$","M","?","E","R","BOSS","M","M","?","?","?","E","R","M","T","M","R","?","R","$","R","BOSS","M","?","?","?","M","R","E","R","T","$","M","E","R","?","R","BOSS"],"build_version":"2019-05-07","purchased_purges":2,"victory":false,"max_hp_per_floor":[75,75,75,75,75,75,75,75,75,75,75,75,75,75,75,75,75,75,75,75,75,75,85,85,85,85,85,85,85,85,85,85,85,85,85,85,85,85,85,85,85,85,85,85,85,85,85,85,85,85],"card_choices":[{"not_picked":["Coolheaded","Cold Snap"],"picked":"Ball Lightning","floor":1.0},{"not_picked":["Steam","Streamline"],"picked":"Capacitor","floor":7.0},{"not_picked":["Meteor Strike","Rip and Tear"],"picked":"Sweeping Beam","floor":10.0},{"not_picked":["Hologram","Leap"],"picked":"Genetic Algorithm","floor":12.0},{"not_picked":["Undo","Creative AI"],"picked":"Storm","floor":14.0},{"not_picked":["Rainbow","Creative AI"],"picked":"Machine Learning","floor":16.0},{"not_picked":["Reinforced Body+1","Cold Snap"],"picked":"Glacier+1","floor":18.0},{"not_picked":["Melter","Cold Snap","Steam+1"],"picked":"SKIP","floor":19.0},{"not_picked":["Leap","Compile Driver+1"],"picked":"Lockon","floor":22.0},{"not_picked":["Redo+1","Gash"],"picked":"Self Repair+1","floor":23.0},{"not_picked":["Streamline","Undo+1"],"picked":"Amplify","floor":25.0},{"not_picked":["Ball Lightning+1","Conserve Battery+1"],"picked":"Consume","floor":27.0},{"not_picked":["Reboot","Amplify"],"picked":"Seek","floor":33.0},{"not_picked":["Cold Snap","Gash","Steam"],"picked":"SKIP","floor":35.0},{"not_picked":["PanicButton","Finesse"],"picked":"Master of Strategy","floor":36.0},{"not_picked":["Stack+1","Turbo+1","Steam"],"picked":"SKIP","floor":38},{"not_picked":["Stack","Streamline"],"picked":"Defragment","floor":39},{"not_picked":["Ball Lightning+1","Meteor Strike"],"picked":"Barrage+1","floor":41},{"not_picked":["Doom and Gloom","Beam Cell","Rebound+1"],"picked":"SKIP","floor":45},{"not_picked":["Auto Shields+1","Static Discharge+1"],"picked":"Self Repair","floor":46}],"player_experience":328340,"relics_obtained":[{"floor":7.0,"key":"Bronze Scales"},{"floor":10.0,"key":"PreservedInsect"},{"floor":14.0,"key":"Cables"},{"floor":23.0,"key":"Pear"},{"floor":26.0,"key":"Shuriken"},{"floor":41,"key":"The Courier"},{"floor":43,"key":"Dodecahedron"},{"floor":46,"key":"Potion Belt"}],"event_choices":[{"damage_healed":0.0,"max_hp_gain":0.0,"max_hp_loss":0.0,"gold_gain":0.0,"event_name":"Scrap Ooze","player_choice":"Success","floor":2.0,"gold_loss":0.0,"damage_taken":12.0,"relics_obtained":["Darkstone Periapt"]},{"cards_removed":["Strike_B"],"damage_healed":0.0,"max_hp_gain":0.0,"max_hp_loss":0.0,"gold_gain":0.0,"event_name":"Living Wall","player_choice":"Forget","floor":4.0,"gold_loss":0.0,"damage_taken":0.0},{"damage_healed":25.0,"max_hp_gain":0.0,"max_hp_loss":0.0,"gold_gain":0.0,"event_name":"Big Fish","player_choice":"Banana","floor":13.0,"gold_loss":0.0,"damage_taken":0.0},{"damage_healed":0.0,"max_hp_gain":0.0,"max_hp_loss":0.0,"gold_gain":0.0,"event_name":"The Mausoleum","player_choice":"Ignored","floor":20.0,"gold_loss":0.0,"damage_taken":0.0},{"damage_healed":0.0,"max_hp_gain":0.0,"max_hp_loss":0.0,"gold_gain":0.0,"event_name":"Upgrade Shrine","player_choice":"Upgraded","floor":21.0,"gold_loss":0.0,"damage_taken":0.0,"cards_upgraded":["White Noise"]},{"damage_healed":0.0,"max_hp_gain":0.0,"max_hp_loss":0.0,"gold_gain":0.0,"event_name":"SensoryStone","player_choice":"Memory 1","floor":36.0,"gold_loss":0.0,"damage_taken":0.0},{"damage_healed":0.0,"max_hp_gain":0.0,"max_hp_loss":0.0,"gold_gain":0.0,"event_name":"Accursed Blacksmith","player_choice":"Forge","floor":37.0,"gold_loss":0.0,"damage_taken":0.0,"cards_upgraded":["Dualcast"]}],"is_beta":true,"boss_relics":[{"not_picked":["Cursed Key","Empty Cage"],"picked":"Inserter"},{"not_picked":["Busted Crown","Snecko Eye"],"picked":"Fusion Hammer"}],"items_purged_floors":[11,29],"is_endless":false,"potions_floor_spawned":[12,14,16,18,23,27,33,41,45],"killed_by":"Awakened One","ascension_level":2}