{"path_per_floor":["M","$","?","M","?","E","?","E","T","M","M","M","M","$","R"],"character_chosen":"THE_SILENT","items_purchased":["Footwork"],"gold_per_floor":[112,37,37,51,51,82,82,116,191,204,223,236,248,73,73,73],"floor_reached":16,"campfire_rested":0,"playtime":1927,"item_purchase_floors":[14],"current_hp_per_floor":[70,70,75,75,60,60,53,11,11,23,35,47,47,47,47,0],"items_purged":["Strike_G","Strike_G"],"gold":73,"score":137,"play_id":"7eb9ad63-c31e-4aa0-a376-6343af1e1c98","local_time":"20180528193821","is_prod":false,"is_daily":false,"chose_seed":false,"is_ascension_mode":false,"campfire_upgraded":1,"win_rate":0,"timestamp":1527532701,"campfire_choices":[{"data":"Neutralize","floor":15,"key":"SMITH"}],"path_taken":["M","$","?","M","?","E","?","E","T","?","M","M","M","?","R","BOSS"],"build_version":"2018-05-24","seed_source_timestamp":488960352293188,"purchased_purges":2,"victory":false,"master_deck":["Defend_G+1","Defend_G","Defend_G","Defend_G","Defend_G","Strike_G","Strike_G","Survivor","Neutralize+1","Escape Plan+1","Quick Slash","Backflip","Footwork"],"max_hp_per_floor":[70,70,75,75,75,75,75,75,75,75,75,75,75,75,75,75],"relics":["Ring of the Snake","NeowsBlessing","Orichalcum","Meat on the Bone","Mercury Hourglass"],"card_choices":[{"not_picked":["Flying Knee","Deflect"],"picked":"Escape Plan","floor":1},{"not_picked":["Blade Dance","Underhanded Strike"],"picked":"Quick Slash","floor":4},{"not_picked":["Reflex","Quick Slash"],"picked":"Backflip","floor":6},{"not_picked":["Masterful Stab","Quick Slash","Tools of the Trade"],"picked":"SKIP","floor":8},{"not_picked":["PiercingWail","Slice","Catalyst"],"picked":"SKIP","floor":10},{"not_picked":["Predator","Dodge and Roll","Riddle With Holes"],"picked":"SKIP","floor":11},{"not_picked":["Accuracy","Underhanded Strike","Dodge and Roll"],"picked":"SKIP","floor":12},{"not_picked":["Blade Dance","Outmaneuver","Slice"],"picked":"SKIP","floor":13}],"player_experience":175974,"potions_floor_usage":[16,16,16],"damage_taken":[{"damage":0,"enemies":"2 Louse","floor":1,"turns":1},{"damage":0,"enemies":"Jaw Worm","floor":4,"turns":1},{"damage":0,"enemies":"Gremlin Nob","floor":6,"turns":1},{"damage":42,"enemies":"Lagavulin","floor":8,"turns":16},{"damage":0,"enemies":"Small Slimes","floor":10,"turns":3},{"damage":0,"enemies":"Blue Slaver","floor":11,"turns":4},{"damage":0,"enemies":"3 Louse","floor":12,"turns":2},{"damage":0,"enemies":"Looter","floor":13,"turns":3},{"damage":47,"enemies":"Hexaghost","floor":16,"turns":16}],"relics_obtained":[{"floor":6,"key":"Orichalcum"},{"floor":8,"key":"Meat on the Bone"},{"floor":9,"key":"Mercury Hourglass"}],"event_choices":[{"event_name":"Big Fish","player_choice":"Donut","floor":3,"damage_taken":0},{"event_name":"Shining Light","player_choice":"Entered Light","floor":5,"damage_taken":0},{"event_name":"Golden Wing","player_choice":"Card Removal","floor":7,"damage_taken":0}],"boss_relics":[],"items_purged_floors":[2,14],"potions_floor_spawned":[10,11,13],"seed_played":"958712808450449845","killed_by":"Hexaghost","ascension_level":0,"potions_obtained":[{"floor":10,"key":"PowerPotion"},{"floor":11,"key":"EssenceOfSteel"},{"floor":13,"key":"SteroidPotion"}],"is_trial":false}