{"path_per_floor":["M","?","$","M","$","R","E","R","T","M","R","?","R","M","R","B",null,"M","?","M","$","?","R","E","?","T","E","$","?","M","M","R"],"character_chosen":"THE_SILENT","items_purchased":["Dagger Spray","Backflip"],"gold_per_floor":[115,215,140,160,10,10,41,41,41,60,60,60,60,74,74,205,205,205,205,205,30,30,30,30,30,30,30,30,30,30,30,30],"floor_reached":33,"campfire_rested":1,"playtime":1744,"current_hp_per_floor":[63,63,63,49,49,49,30,65,72,72,72,69,69,57,57,13,55,54,48,48,48,48,48,40,40,40,18,18,18,22,36,36],"items_purged":["Parasite","Strike_G","Defend_G"],"gold":30,"score":462,"play_id":"4cfd52cc-3549-4d1e-b178-23700cf972d5","is_prod":false,"is_daily":false,"is_ascension_mode":true,"campfire_upgraded":6,"path_taken":["M","?","?","M","$","R","E","R","T","M","R","?","R","?","R","BOSS","M","?","M","$","?","R","E","?","T","E","?","?","M","M","R","BOSS"],"build_version":"2018-02-22-PROD2","purchased_purges":3,"victory":false,"master_deck":["Defend_G","Defend_G","Defend_G","Defend_G","Survivor+1","Neutralize+1","Skewer+1","Malaise+1","Dagger Spray","Noxious Fumes+1","Adrenaline+1","Noxious Fumes+1","Bite","Bite","Bite","Bite","Backflip","Purity","Dash","Leg Sweep","Backstab+1","Caltrops"],"max_hp_per_floor":[70,70,67,67,67,67,67,67,74,74,74,69,69,69,69,69,69,69,48,48,48,48,48,48,48,48,48,48,48,48,48,48],"relics":["Ring of the Snake","Regal Pillow","Lantern","Strawberry","Golden Idol","Ectoplasm","Ornamental Fan","Bronze Scales","Molten Egg 2"],"card_choices":[{"not_picked":["Masterful Stab","Concentrate"],"picked":"Skewer"},{"not_picked":["Distraction","Concentrate"],"picked":"Malaise"},{"not_picked":["Crippling Poison","Cloak And Dagger"],"picked":"Noxious Fumes"},{"not_picked":["Venomology","A Thousand Cuts"],"picked":"Adrenaline"},{"not_picked":["Cloak And Dagger","Malaise"],"picked":"Noxious Fumes"},{"not_picked":["Dagger Spray","Cloak And Dagger"],"picked":"Leg Sweep"},{"not_picked":["Bane","Acrobatics"],"picked":"Backstab"},{"not_picked":["Heel Hook","Flechettes"],"picked":"Caltrops"}],"player_experience":262206,"potions_floor_usage":[7,7,24,33,33],"damage_taken":[{"damage":0,"enemies":"2 Louse","floor":1,"turns":3},{"damage":14,"enemies":"Cultist","floor":4,"turns":5},{"damage":19,"enemies":"3 Sentries","floor":7,"turns":10},{"damage":0,"enemies":"Small Slimes","floor":10,"turns":2},{"damage":12,"enemies":"3 Louse","floor":14,"turns":3},{"damage":44,"enemies":"Slime Boss","floor":16,"turns":12},{"damage":1,"enemies":"Shell Parasite","floor":18,"turns":7},{"damage":5,"enemies":"3 Byrds","floor":20,"turns":4},{"damage":24,"enemies":"Gremlin Leader","floor":24,"turns":8},{"damage":30,"enemies":"Slavers","floor":27,"turns":6},{"damage":4,"enemies":"Snake Plant","floor":30,"turns":4},{"damage":0,"enemies":"3 Cultists","floor":31,"turns":5},{"damage":62,"enemies":"Collector","floor":33,"turns":11}],"event_choices":[{"event_name":"Golden Shrine","player_choice":"Pray","floor":2,"damage_taken":0},{"event_name":"Golden Idol","player_choice":"Lose Max HP","floor":12,"damage_taken":0},{"event_name":"Vampires","player_choice":"Became a vampire","floor":19,"damage_taken":0},{"event_name":"Match and Keep!","player_choice":"2 cards matched","floor":22,"damage_taken":0},{"event_name":"Addict","player_choice":"Ignored","floor":25,"damage_taken":0},{"event_name":"Back to Basics","player_choice":"Elegance","floor":29,"damage_taken":0}],"boss_relics":[{"not_picked":["Pandora\u0027s Box","Philosopher\u0027s Stone"],"picked":"Ectoplasm"}],"potions_floor_spawned":[1,4,20,27,31],"seed_played":"9029437221981980590","killed_by":"Collector","ascension_level":11,"is_trial":false}