{"gold_per_floor":[17,17,17,17,92,92,119,137,163,178,55,27,60,60,60,137,137,149,166,44,44,44,44],"floor_reached":23,"playtime":852,"items_purged":[],"score":335,"play_id":"80fe6e10-fbad-45dc-b43a-d0a83b2ce049","local_time":"20190224110432","is_ascension_mode":true,"campfire_choices":[{"floor":6,"key":"REST"},{"floor":15,"key":"REST"}],"neow_cost":"NO_GOLD","seed_source_timestamp":988603291485355,"circlet_count":0,"master_deck":["AscendersBane","Defend_B+1","Defend_B+1","Defend_B","Zap+1","Dualcast","Biased Cognition","Streamline","Capacitor","Glacier+1","Compile Driver","BootSequence","Self Repair","Conserve Battery","Darkness","BootSequence","Buffer","Beam Cell+1","BootSequence+1","Hyperbeam+1","Cold Snap","Barrage","Cold Snap","Steam","Go for the Eyes"],"relics":["Cracked Core","StoneCalendar","War Paint","Shuriken","Astrolabe"],"potions_floor_usage":[12,13,23],"damage_taken":[{"damage":11,"enemies":"Jaw Worm","floor":1,"turns":4},{"damage":22,"enemies":"Lagavulin","floor":7,"turns":7},{"damage":0,"enemies":"2 Louse","floor":8,"turns":2},{"damage":0,"enemies":"Small Slimes","floor":10,"turns":2},{"damage":11,"enemies":"Exordium Thugs","floor":12,"turns":5},{"damage":22,"enemies":"Gremlin Nob","floor":13,"turns":4},{"damage":14,"enemies":"The Guardian","floor":16,"turns":12},{"damage":18,"enemies":"Chosen","floor":18,"turns":7},{"damage":0,"enemies":"Shell Parasite","floor":19,"turns":7},{"damage":61,"enemies":"Book of Stabbing","floor":23,"turns":8}],"seed_played":"-3763588603782368407","potions_obtained":[{"floor":8,"key":"SkillPotion"},{"floor":10,"key":"FearPotion"},{"floor":16,"key":"SteroidPotion"},{"floor":19,"key":"Ancient Potion"}],"is_trial":false,"path_per_floor":["M","?","?","$","?","R","E","M","T","M","$","M","E","?","R","B",null,"M","M","$","?","?","E"],"character_chosen":"DEFECT","items_purchased":["Self Repair","Conserve Battery","Cold Snap","Steam","PowerPotion"],"campfire_rested":2,"item_purchase_floors":[11,11,20,20,20],"current_hp_per_floor":[53,39,39,39,28,49,27,27,27,27,27,23,8,8,29,22,59,48,55,55,55,55,0],"gold":44,"neow_bonus":"THREE_RARE_CARDS","is_prod":false,"is_daily":false,"chose_seed":false,"campfire_upgraded":0,"win_rate":0,"timestamp":1551024272,"path_taken":["M","?","?","$","?","R","E","M","T","?","?","M","E","?","R","BOSS","M","M","$","?","?","E"],"build_version":"2019-01-23","purchased_purges":0,"victory":false,"max_hp_per_floor":[71,71,71,71,71,71,71,71,71,71,71,71,71,71,71,71,71,71,71,71,71,71,71],"card_choices":[{"not_picked":["Fission","Hyperbeam"],"picked":"Biased Cognition","floor":0},{"not_picked":["Gash","Consume"],"picked":"Streamline","floor":1},{"not_picked":["Aggregate","Barrage"],"picked":"Glacier","floor":7},{"not_picked":["Static Discharge","Coolheaded"],"picked":"Compile Driver","floor":8},{"not_picked":["Static Discharge","Reboot"],"picked":"BootSequence","floor":10},{"not_picked":["Beam Cell","Steam"],"picked":"Darkness","floor":12},{"not_picked":["Rebound","Gash"],"picked":"BootSequence","floor":13},{"not_picked":["All For One","Core Surge"],"picked":"Buffer","floor":16},{"not_picked":["Steam","Ball Lightning"],"picked":"Cold Snap","floor":18},{"not_picked":["Stack","Streamline"],"picked":"Barrage","floor":19}],"player_experience":360961,"relics_obtained":[{"floor":7,"key":"StoneCalendar"},{"floor":9,"key":"War Paint"},{"floor":13,"key":"Shuriken"}],"event_choices":[{"damage_healed":0,"gold_gain":0,"player_choice":"Entered Light","damage_taken":14,"max_hp_gain":0,"max_hp_loss":0,"event_name":"Shining Light","floor":2,"gold_loss":0,"cards_upgraded":["Zap","Defend_B"]},{"damage_healed":0,"gold_gain":0,"cards_transformed":["Strike_B"],"player_choice":"Change","damage_taken":0,"max_hp_gain":0,"max_hp_loss":0,"event_name":"Living Wall","floor":3,"gold_loss":0,"cards_obtained":["Capacitor"]},{"damage_healed":0,"gold_gain":75,"player_choice":"Gather Gold","damage_taken":11,"max_hp_gain":0,"max_hp_loss":0,"event_name":"World of Goop","floor":5,"gold_loss":0},{"cards_removed":["Strike_B"],"damage_healed":0,"gold_gain":0,"player_choice":"Purged","damage_taken":0,"max_hp_gain":0,"max_hp_loss":0,"event_name":"Purifier","floor":14,"gold_loss":0},{"damage_healed":0,"gold_gain":0,"player_choice":"Read","damage_taken":0,"max_hp_gain":0,"max_hp_loss":0,"event_name":"The Library","floor":21,"gold_loss":0,"cards_obtained":["Go for the Eyes"]},{"damage_healed":0,"gold_gain":0,"player_choice":"Ignored","damage_taken":0,"max_hp_gain":0,"max_hp_loss":0,"event_name":"Vampires","floor":22,"gold_loss":0}],"is_beta":false,"boss_relics":[{"not_picked":["Tiny House","Eternal Feather"],"picked":"Astrolabe"}],"items_purged_floors":[],"is_endless":false,"potions_floor_spawned":[8,10,16,19],"killed_by":"Book of Stabbing","ascension_level":14}