{"gold_per_floor":[114,134,134,145,145,177,177,209,209,28,48,64,64,82,82,180,180,193,204,204,119,130,159,8,8],"floor_reached":25,"playtime":1097,"items_purged":["Defend_B","Strike_B"],"score":326,"play_id":"2d356959-da77-4482-a4da-3049c1dc1c4d","local_time":"20190128155226","is_ascension_mode":true,"campfire_choices":[{"data":"Chill","floor":7,"key":"SMITH"},{"data":"Zap","floor":15,"key":"SMITH"}],"neow_cost":"NONE","seed_source_timestamp":944523054099355,"circlet_count":0,"master_deck":["Strike_B","Defend_B","Defend_B","Defend_B","Zap+1","Dualcast","Chill+1","Hologram","Compile Driver","Ball Lightning","Electrodynamics","Steam Power","White Noise","Beam Cell","Auto Shields","Self Repair","Turbo","Buffer","Go for the Eyes","Loop","Turbo","Cold Snap","All For One","Lockon+1","Coolheaded","Steam","Chill+1","Conserve Battery","Steam"],"relics":["Cracked Core","NeowsBlessing","Gremlin Horn","Pantograph","Symbiotic Virus","Orrery","Question Card","Boot"],"potions_floor_usage":[6,16,18,19,23,23],"damage_taken":[{"damage":0,"enemies":"Small Slimes","floor":1,"turns":1},{"damage":0,"enemies":"Cultist","floor":2,"turns":1},{"damage":0,"enemies":"Jaw Worm","floor":4,"turns":1},{"damage":14,"enemies":"Gremlin Nob","floor":6,"turns":4},{"damage":36,"enemies":"Lagavulin","floor":8,"turns":6},{"damage":0,"enemies":"Gremlin Gang","floor":11,"turns":3},{"damage":1,"enemies":"Exordium Wildlife","floor":12,"turns":4},{"damage":0,"enemies":"Large Slime","floor":14,"turns":5},{"damage":31,"enemies":"The Guardian","floor":16,"turns":10},{"damage":11,"enemies":"2 Thieves","floor":18,"turns":4},{"damage":2,"enemies":"3 Byrds","floor":19,"turns":4},{"damage":18,"enemies":"Snecko","floor":22,"turns":4},{"damage":17,"enemies":"Slavers","floor":23,"turns":5},{"damage":39,"enemies":"Book of Stabbing","floor":25,"turns":5}],"seed_played":"-4607837579034542924","potions_obtained":[{"floor":1,"key":"SteroidPotion"},{"floor":11,"key":"Swift Potion"},{"floor":12,"key":"FocusPotion"},{"floor":14,"key":"Block Potion"},{"floor":16,"key":"FocusPotion"},{"floor":22,"key":"Weak Potion"},{"floor":23,"key":"Fire Potion"}],"is_trial":false,"path_per_floor":["M","M","?","M","?","E","R","E","T","$","M","M","?","M","R","B",null,"M","M","?","?","M","E","$","E"],"character_chosen":"DEFECT","items_purchased":["White Noise","Beam Cell","Steam"],"campfire_rested":0,"item_purchase_floors":[10,10,24],"current_hp_per_floor":[68,68,68,68,61,47,47,11,11,11,11,10,35,42,42,43,67,56,61,61,61,43,33,33,0],"gold":8,"neow_bonus":"THREE_ENEMY_KILL","is_prod":false,"is_daily":false,"chose_seed":false,"campfire_upgraded":2,"win_rate":0,"timestamp":1548708746,"path_taken":["M","M","?","?","?","E","R","E","T","?","?","M","?","M","R","BOSS","M","M","?","?","M","E","?","E"],"build_version":"2019-01-23","purchased_purges":2,"victory":false,"max_hp_per_floor":[75,75,75,75,75,75,75,75,75,75,75,75,75,75,75,75,75,75,75,75,75,75,75,75,75],"card_choices":[{"not_picked":["Coolheaded","Cold Snap"],"picked":"Chill","floor":1},{"not_picked":["Rebound","Turbo"],"picked":"Hologram","floor":2},{"not_picked":["Reboot","Turbo"],"picked":"Ball Lightning","floor":4},{"not_picked":["Coolheaded","Conserve Battery"],"picked":"Electrodynamics","floor":6},{"not_picked":["Ball Lightning","Aggregate"],"picked":"Steam Power","floor":8},{"not_picked":["Gash","Beam Cell"],"picked":"Auto Shields","floor":11},{"not_picked":["Lockon","Static Discharge"],"picked":"Self Repair","floor":12},{"not_picked":["Glacier","Streamline"],"picked":"Turbo","floor":14},{"not_picked":["Amplify","Reboot"],"picked":"Buffer","floor":16},{"not_picked":["Barrage","Tempest"],"picked":"Go for the Eyes","floor":17},{"not_picked":["Go for the Eyes","Reprogram"],"picked":"Loop","floor":17},{"not_picked":["Beam Cell","Capacitor"],"picked":"Turbo","floor":17},{"not_picked":["Gash","Stack"],"picked":"Cold Snap","floor":17},{"not_picked":["FTL","Blizzard"],"picked":"All For One","floor":17},{"not_picked":["Hologram","Chaos"],"picked":"Lockon+1","floor":18},{"not_picked":["Stack","Capacitor"],"picked":"Coolheaded","floor":19},{"not_picked":["Compile Driver","Go for the Eyes","Consume"],"picked":"Chill+1","floor":22},{"not_picked":["Buffer","Consume","Leap"],"picked":"Conserve Battery","floor":23}],"player_experience":232699,"relics_obtained":[{"floor":6,"key":"Gremlin Horn"},{"floor":8,"key":"Pantograph"},{"floor":9,"key":"Symbiotic Virus"},{"floor":23,"key":"Boot"}],"event_choices":[{"damage_healed":0,"gold_gain":0,"cards_transformed":["Strike_B"],"player_choice":"Transformed","damage_taken":0,"max_hp_gain":0,"max_hp_loss":0,"event_name":"Transmorgrifier","floor":3,"gold_loss":0,"cards_obtained":["Compile Driver"]},{"cards_removed":["Strike_B"],"damage_healed":0,"gold_gain":0,"player_choice":"Card Removal","damage_taken":7,"max_hp_gain":0,"max_hp_loss":0,"event_name":"Golden Wing","floor":5,"gold_loss":0},{"damage_healed":25,"gold_gain":0,"player_choice":"Banana","damage_taken":0,"max_hp_gain":0,"max_hp_loss":0,"event_name":"Big Fish","floor":13,"gold_loss":0},{"damage_healed":0,"gold_gain":0,"player_choice":"Read","damage_taken":0,"max_hp_gain":0,"max_hp_loss":0,"event_name":"The Library","floor":20,"gold_loss":0,"cards_obtained":["Steam"]},{"damage_healed":0,"gold_gain":0,"player_choice":"Obtained Relic","damage_taken":0,"relics_obtained":["Question Card"],"max_hp_gain":0,"max_hp_loss":0,"event_name":"Addict","floor":21,"gold_loss":85}],"is_beta":false,"boss_relics":[{"not_picked":["White Beast Statue","FrozenCore"],"picked":"Orrery"}],"items_purged_floors":[10,24],"is_endless":false,"potions_floor_spawned":[1,11,12,14,16,22,23],"killed_by":"Book of Stabbing","ascension_level":8}