{"gold_per_floor":[112,112,126,138,138,138,153,191,214,235,235],"floor_reached":11,"playtime":584,"items_purged":[],"score":131,"play_id":"5ca1a18f-f196-45a9-ba20-46413dc8f8f0","local_time":"20180826093746","is_ascension_mode":true,"campfire_choices":[{"data":"Neutralize","floor":6,"key":"SMITH"}],"neow_cost":"NONE","seed_source_timestamp":128705451190813,"circlet_count":0,"master_deck":["Defend_G","Defend_G","Defend_G","Defend_G","Defend_G","Strike_G","Strike_G","Strike_G","Strike_G","Survivor","Neutralize+1","AscendersBane","Riddle With Holes","Dagger Spray","Cloak And Dagger","Dodge and Roll","Escape Plan","Acrobatics"],"relics":["Ring of the Snake","Omamori","Golden Idol","Art of War","Oddly Smooth Stone"],"potions_floor_usage":[8,11],"damage_taken":[{"damage":0,"enemies":"2 Louse","floor":1,"turns":6},{"damage":4,"enemies":"Cultist","floor":3,"turns":5},{"damage":0,"enemies":"Small Slimes","floor":4,"turns":3},{"damage":14,"enemies":"Red Slaver","floor":7,"turns":5},{"damage":10,"enemies":"Gremlin Nob","floor":8,"turns":4},{"damage":1,"enemies":"Large Slime","floor":10,"turns":8},{"damage":29,"enemies":"Lagavulin","floor":11,"turns":11}],"seed_played":"7782653426113136756","potions_obtained":[{"floor":4,"key":"SpeedPotion"},{"floor":7,"key":"PowerPotion"}],"is_trial":false,"path_per_floor":["M","?","M","M","?","R","M","E","T","M"],"character_chosen":"THE_SILENT","items_purchased":[],"campfire_rested":0,"item_purchase_floors":[],"current_hp_per_floor":[59,59,55,55,55,55,41,31,31,30,1],"gold":235,"neow_bonus":"RANDOM_COMMON_RELIC","is_prod":false,"is_daily":false,"chose_seed":false,"campfire_upgraded":1,"win_rate":0,"timestamp":1535290666,"path_taken":["M","?","?","M","?","R","?","E","T","M","E"],"build_version":"2018-08-23v2","purchased_purges":0,"victory":false,"max_hp_per_floor":[66,66,66,66,60,60,60,60,60,60,60],"card_choices":[{"not_picked":["Slice","Bane"],"picked":"Riddle With Holes","floor":1},{"not_picked":["Blade Dance","Prepared"],"picked":"Dagger Spray","floor":3},{"not_picked":["Acrobatics","Backflip"],"picked":"Cloak And Dagger","floor":4},{"not_picked":["Calculated Gamble","Reflex"],"picked":"Dodge and Roll","floor":7},{"not_picked":["Bane","Riddle With Holes"],"picked":"Escape Plan","floor":8},{"not_picked":["Blade Dance","Flying Knee"],"picked":"Acrobatics","floor":10}],"player_experience":613387,"relics_obtained":[{"floor":8,"key":"Art of War"},{"floor":9,"key":"Oddly Smooth Stone"}],"event_choices":[{"event_name":"Purifier","player_choice":"One Purge","floor":2,"damage_taken":0},{"event_name":"Golden Idol","player_choice":"Lose Max HP","floor":5,"damage_taken":0}],"is_beta":false,"boss_relics":[],"items_purged_floors":[],"is_endless":false,"potions_floor_spawned":[4,7],"killed_by":"Lagavulin","ascension_level":15}