{"path_per_floor":["M","?","$","?","?","R","M","R","T","?","R","M","E","M","R","B",null,"M","?","?","$","M","R","E"],"character_chosen":"IRONCLAD","items_purchased":["Evolve","Entrench"],"gold_per_floor":[115,115,34,34,34,34,45,45,45,75,75,90,118,130,130,235,235,253,168,68,30,50,50,78],"floor_reached":25,"campfire_rested":1,"playtime":1141,"current_hp_per_floor":[65,49,49,49,49,49,40,40,40,33,57,62,38,37,37,18,80,67,67,67,67,34,34,7],"items_purged":[],"gold":78,"score":250,"play_id":"d38356a7-e3b7-4695-a99c-ded21e972c29","is_prod":false,"is_daily":false,"is_ascension_mode":true,"campfire_upgraded":4,"path_taken":["M","?","$","?","?","R","M","R","T","?","R","?","E","M","R","BOSS","M","?","?","$","M","R","E","M"],"build_version":"2018-02-08-PROD1","purchased_purges":0,"victory":false,"master_deck":["Strike_R","Strike_R","Strike_R","Strike_R","Strike_R","Defend_R+1","Defend_R+1","Defend_R+1","Defend_R","Bash","Thunderclap+1","Evolve+1","Normality","Body Slam+1","True Grit+1","Whirlwind","Offering+1","True Grit+1","J.A.X.","Entrench","Iron Wave+1"],"max_hp_per_floor":[80,80,80,80,80,80,80,80,80,80,80,80,80,80,80,80,80,80,80,80,80,80,80,80],"relics":["Burning Blood","Gambling Chip","Bird Faced Urn","Tiny Chest","Orichalcum","Runic Dome","Prayer Wheel","War Paint"],"card_choices":[{"not_picked":["Warcry","Headbutt"],"picked":"Thunderclap"},{"not_picked":["Burning Pact","Infernal Blade"],"picked":"Body Slam"},{"not_picked":["Rage","Cleave"],"picked":"True Grit"},{"not_picked":["Combust","Flex"],"picked":"Whirlwind"},{"not_picked":["Fiend Fire","Limit Break"],"picked":"Offering"},{"not_picked":["Heavy Blade","Combust"],"picked":"True Grit"},{"not_picked":["Evolve","Warcry"],"picked":"Iron Wave"}],"player_experience":140766,"potions_floor_usage":[16,24,24],"damage_taken":[{"damage":21,"enemies":"Blue Slaver","floor":1,"turns":3},{"damage":15,"enemies":"Small Slimes","floor":7,"turns":3},{"damage":3,"enemies":"Jaw Worm","floor":12,"turns":4},{"damage":32,"enemies":"Gremlin Nob","floor":13,"turns":4},{"damage":9,"enemies":"Looter","floor":14,"turns":4},{"damage":27,"enemies":"The Guardian","floor":16,"turns":16},{"damage":19,"enemies":"3 Byrds","floor":18,"turns":5},{"damage":41,"enemies":"Shell Parasite","floor":22,"turns":8},{"damage":47,"enemies":"Book of Stabbing","floor":24,"turns":5},{"damage":14,"enemies":"Snake Plant","floor":25,"turns":2}],"event_choices":[{"event_name":"Shining Light","player_choice":"Entered Light","floor":2,"damage_taken":0},{"event_name":"Living Wall","player_choice":"Grow","floor":4,"damage_taken":0},{"event_name":"Accursed Blacksmith","player_choice":"Rummage","floor":5,"damage_taken":0},{"event_name":"Scrap Ooze","player_choice":"success","floor":10,"damage_taken":7},{"event_name":"Addict","player_choice":"Obtained Relic","floor":19,"damage_taken":0},{"event_name":"Drug Dealer","player_choice":"Got JAXXED","floor":20,"damage_taken":0}],"boss_relics":[{"not_picked":["Astrolabe","Runic Pyramid"],"picked":"Runic Dome"}],"potions_floor_spawned":[13,14,16,18],"seed_played":"-8844168624851980354","killed_by":"Snake Plant","ascension_level":3,"is_trial":false}