{"gold_per_floor":[111,111,111,122,122,122,149,149,174,191,220,220,248,261,261,339,339,351,341,391,391],"floor_reached":21,"playtime":1134,"items_purged":[],"score":345,"play_id":"840ac3c9-1249-49ee-955b-845018d2a26b","local_time":"20180719170803","is_ascension_mode":true,"campfire_choices":[{"data":"Skewer","floor":6.0,"key":"SMITH"},{"floor":12.0,"key":"REST"},{"data":"Dagger Spray","floor":15.0,"key":"SMITH"}],"neow_cost":"","seed_source_timestamp":466337948391550,"circlet_count":0,"master_deck":["Defend_G","Defend_G+1","Defend_G","Defend_G+1","Strike_G","Strike_G","Strike_G","Strike_G","Strike_G","Survivor","Neutralize+1","AscendersBane","Skewer+1","Dagger Spray+1","Dodge and Roll","Tools of the Trade","Backflip","Storm of Steel","Eviscerate"],"special_seed":0,"relics":["Ring of the Serpent","War Paint","Bottled Flame","Centennial Puzzle","Unceasing Top","Kunai"],"potions_floor_usage":[16],"damage_taken":[{"damage":6.0,"enemies":"Jaw Worm","floor":1.0,"turns":5.0},{"damage":0.0,"enemies":"Small Slimes","floor":4.0,"turns":4.0},{"damage":18.0,"enemies":"Gremlin Nob","floor":7.0,"turns":4.0},{"damage":0.0,"enemies":"Cultist","floor":10.0,"turns":3.0},{"damage":7.0,"enemies":"Lagavulin","floor":11.0,"turns":9.0},{"damage":3.0,"enemies":"3 Sentries","floor":13.0,"turns":8.0},{"damage":1.0,"enemies":"Large Slime","floor":14.0,"turns":8.0},{"damage":11,"enemies":"Slime Boss","floor":16,"turns":18},{"damage":1,"enemies":"3 Byrds","floor":18,"turns":5},{"damage":14,"enemies":"2 Thieves","floor":19,"turns":4},{"damage":24,"enemies":"3 Cultists","floor":21,"turns":4}],"seed_played":"8948511658711364054","potions_obtained":[{"floor":4.0,"key":"Dexterity Potion"},{"floor":11.0,"key":"LiquidBronze"},{"floor":14.0,"key":"PowerPotion"}],"is_trial":false,"path_per_floor":["M","?","?","M","?","R","E","?","T","M","E","R","E","M","R","B",null,"M","M","?"],"character_chosen":"THE_SILENT","items_purchased":[],"campfire_rested":1,"item_purchase_floors":[],"current_hp_per_floor":[53,35,35,35,35,35,17,17,17,17,10,29,26,25,25,14,53,52,38,38,14],"gold":391,"neow_bonus":"","is_prod":false,"is_daily":false,"chose_seed":false,"campfire_upgraded":2,"win_rate":0,"timestamp":1532034483,"path_taken":["M","?","?","M","?","R","E","?","T","?","E","R","E","M","R","BOSS","M","M","?","M"],"build_version":"2018-07-12","purchased_purges":0,"victory":false,"max_hp_per_floor":[66,66,66,66,66,66,66,66,66,66,66,66,66,66,66,66,66,66,66,66,66],"card_choices":[{"not_picked":["Deadly Poison","Dagger Throw"],"picked":"Skewer","floor":1.0},{"not_picked":["Choke","Backflip"],"picked":"Dagger Spray","floor":4.0},{"not_picked":["Crippling Poison","Accuracy","Quick Slash"],"picked":"SKIP","floor":7.0},{"not_picked":["Poisoned Stab","Sucker Punch","Bouncing Flask"],"picked":"SKIP","floor":10.0},{"not_picked":["Outmaneuver","Poisoned Stab"],"picked":"Dodge and Roll","floor":11.0},{"not_picked":["Well Laid Plans","Flying Knee"],"picked":"Tools of the Trade","floor":13.0},{"not_picked":["Poisoned Stab","Dodge and Roll"],"picked":"Backflip","floor":14.0},{"not_picked":["Corpse Explosion","Phantasmal Killer"],"picked":"Storm of Steel","floor":16},{"not_picked":["Riddle With Holes","Flying Knee","Prepared"],"picked":"SKIP","floor":18},{"not_picked":["Dash","Calculated Gamble"],"picked":"Eviscerate","floor":19}],"player_experience":490043,"relics_obtained":[{"floor":7.0,"key":"Bottled Flame"},{"floor":9.0,"key":"Centennial Puzzle"},{"floor":11.0,"key":"Unceasing Top"},{"floor":13.0,"key":"Kunai"}],"event_choices":[{"event_name":"Scrap Ooze","player_choice":"success","floor":2.0,"damage_taken":18.0},{"event_name":"Living Wall","player_choice":"Grow","floor":3.0,"damage_taken":0.0},{"event_name":"Purifier","player_choice":"One Purge","floor":5.0,"damage_taken":0.0},{"event_name":"Liars Game","player_choice":"disagreed","floor":8.0,"damage_taken":0.0},{"event_name":"The Joust","player_choice":"Bet on Murderer","floor":20,"damage_taken":0}],"boss_relics":[{"not_picked":["Empty Cage","Cursed Key"],"picked":"Ring of the Serpent"}],"items_purged_floors":[],"is_endless":false,"potions_floor_spawned":[4,11,14],"killed_by":"3 Cultists","ascension_level":15}