{"gold_per_floor":[114,114,127,143,162,162,190,190,190,13,25,36,63,78,78,78],"floor_reached":16,"playtime":600,"items_purged":[],"score":171,"play_id":"98a5dff5-abfe-4db7-93c9-10f07b6b7b87","local_time":"20190226172757","is_ascension_mode":true,"campfire_choices":[{"data":"Choke","floor":6,"key":"SMITH"},{"data":"Cloak And Dagger","floor":8,"key":"SMITH"},{"data":"Calculated Gamble","floor":15,"key":"SMITH"}],"neow_cost":"NONE","seed_source_timestamp":1184661910843703,"circlet_count":0,"master_deck":["AscendersBane","Defend_G","Defend_G","Defend_G","Defend_G","Defend_G","Strike_G","Strike_G","Strike_G","Strike_G","Survivor","Neutralize","Deflect","Backflip","Choke+1","Cloak And Dagger+1","Calculated Gamble+1","Sucker Punch","Noxious Fumes","PiercingWail","Footwork","Poisoned Stab","Bouncing Flask"],"relics":["Philosopher\u0027s Stone","Strawberry","The Courier","Boot","Tough Bandages"],"potions_floor_usage":[5,13],"damage_taken":[{"damage":0,"enemies":"2 Louse","floor":1,"turns":2},{"damage":0,"enemies":"Small Slimes","floor":3,"turns":5},{"damage":0,"enemies":"Cultist","floor":4,"turns":3},{"damage":10,"enemies":"Lots of Slimes","floor":5,"turns":6},{"damage":13,"enemies":"Lagavulin","floor":7,"turns":10},{"damage":2,"enemies":"Exordium Wildlife","floor":11,"turns":5},{"damage":2,"enemies":"Large Slime","floor":12,"turns":5},{"damage":12,"enemies":"Gremlin Nob","floor":13,"turns":5},{"damage":0,"enemies":"Blue Slaver","floor":14,"turns":4},{"damage":32,"enemies":"The Guardian","floor":16,"turns":2}],"seed_played":"752852423740943487","potions_obtained":[{"floor":4,"key":"SkillPotion"},{"floor":12,"key":"SpeedPotion"}],"is_trial":false,"path_per_floor":["M","?","M","M","M","R","E","R","T","$","M","M","E","M","R","B"],"character_chosen":"THE_SILENT","items_purchased":["Noxious Fumes","Boot"],"campfire_rested":0,"item_purchase_floors":[10,10],"current_hp_per_floor":[63,63,63,63,53,53,47,47,47,47,45,43,31,31,31,0],"gold":78,"neow_bonus":"BOSS_RELIC","is_prod":false,"is_daily":false,"chose_seed":false,"campfire_upgraded":3,"win_rate":0,"timestamp":1551220077,"path_taken":["M","?","M","M","M","R","E","R","T","$","M","M","E","M","R","BOSS"],"build_version":"2019-01-23","purchased_purges":0,"victory":false,"max_hp_per_floor":[70,70,70,70,70,70,77,77,77,77,77,77,77,77,77,77],"card_choices":[{"not_picked":["Endless Agony","Prepared"],"picked":"Deflect","floor":1},{"not_picked":["Underhanded Strike","Quick Slash"],"picked":"Choke","floor":3},{"not_picked":["Flechettes","Flying Knee"],"picked":"Cloak And Dagger","floor":4},{"not_picked":["Blade Dance","Skewer"],"picked":"Calculated Gamble","floor":5},{"not_picked":["Bane","Slice"],"picked":"Sucker Punch","floor":7},{"not_picked":["Dodge and Roll","Finisher"],"picked":"PiercingWail","floor":11},{"not_picked":["Finisher","Outmaneuver"],"picked":"Footwork","floor":12},{"not_picked":["Riddle With Holes","Outmaneuver"],"picked":"Poisoned Stab","floor":13},{"not_picked":["Flying Knee","Quick Slash"],"picked":"Bouncing Flask","floor":14}],"player_experience":391626,"relics_obtained":[{"floor":7,"key":"Strawberry"},{"floor":9,"key":"The Courier"},{"floor":13,"key":"Tough Bandages"}],"event_choices":[{"damage_healed":0,"gold_gain":0,"cards_transformed":["Strike_G"],"player_choice":"Change","damage_taken":0,"max_hp_gain":0,"max_hp_loss":0,"event_name":"Living Wall","floor":2,"gold_loss":0,"cards_obtained":["Backflip"]}],"is_beta":false,"boss_relics":[],"items_purged_floors":[],"is_endless":false,"potions_floor_spawned":[4,12],"killed_by":"The Guardian","ascension_level":10}