{"path_per_floor":["M","?","$","M","?","R","M","E","T","M","E","R","M","?","R","B",null,"M","M","$","M","?","R","E","?","T","E","R","M","T","M","R","B",null,"M","?","M","?","M","R","E","?","T","R","M","T","M","M","R","B"],"character_chosen":"THE_SILENT","items_purchased":["Ornamental Fan"],"gold_per_floor":[116,96,21,39,4,4,24,56,56,72,99,99,119,119,119,224,224,244,256,9,21,21,21,55,55,55,86,86,104,104,122,122,227,227,247,247,267,267,282,282,308,356,356,356,368,368,386,396,396,396],"floor_reached":51,"campfire_rested":7,"playtime":3135,"current_hp_per_floor":[56,56,56,56,70,70,69,45,45,41,32,53,49,49,70,28,60,28,24,24,10,10,31,11,11,11,8,29,19,19,12,33,16,57,42,33,33,33,19,40,40,39,39,39,43,43,46,34,55,11],"items_purged":["Strike_G"],"gold":396,"score":900,"play_id":"579078a5-68cb-4078-a1b7-c1f03ed8476b","is_prod":false,"is_daily":false,"is_ascension_mode":true,"campfire_upgraded":2,"path_taken":["M","?","$","M","?","R","M","E","T","M","E","R","M","?","R","BOSS","M","M","$","M","?","R","E","?","T","E","R","M","?","M","R","BOSS","M","?","M","?","M","R","E","?","T","R","?","?","?","M","R","BOSS"],"build_version":"2018-02-15-PROD1","purchased_purges":1,"victory":true,"master_deck":["Defend_G+1","Defend_G+1","Defend_G+1","Defend_G+1","Defend_G+1","Strike_G+1","Strike_G+1","Strike_G+1","Survivor","Neutralize","Dagger Throw","Dagger Spray+1","Blur","Escape Plan","Tools of the Trade+1","Terror+1","Envenom+1","Dagger Spray+1","Deflect+1","Prepared+1","Cloak And Dagger+1","Cloak And Dagger+1","Injury","Finisher+1","Acrobatics+1","Deflect+1","Adrenaline+1","Tactician+1","Clumsy","Pain","Blur+1","Acrobatics+1","Madness+1","Madness+1","PiercingWail+1","Pain","Injury","Calculated Gamble+1"],"max_hp_per_floor":[70,70,70,70,70,70,70,70,70,70,70,70,70,70,70,70,70,70,70,70,70,70,70,70,70,70,70,70,70,70,70,70,70,70,70,70,70,70,70,70,70,70,70,70,70,70,70,70,70,70],"relics":["Ring of the Snake","Bag of Marbles","Mercury Hourglass","Ice Cream","Dream Catcher","Toxic Egg 2","Cursed Key","Ornamental Fan","Bottled Tornado","Snake Skull","Sundial","Shuriken","The Courier","Astrolabe","Bird Faced Urn","Unceasing Top","Oddly Smooth Stone","Bottled Flame"],"card_choices":[{"not_picked":["Sucker Punch","Outmaneuver"],"picked":"Dagger Throw"},{"not_picked":["Dodge and Roll","Setup"],"picked":"Dagger Spray"},{"not_picked":["Backflip","Deflect"],"picked":"Blur"},{"not_picked":["Choke","Sucker Punch"],"picked":"Escape Plan"},{"not_picked":["Accuracy","Infinite Blades"],"picked":"Tools of the Trade"},{"not_picked":["Deflect","Skewer"],"picked":"Terror"},{"not_picked":["Night Terror","Tactician"],"picked":"Envenom"},{"not_picked":["Bane","Blur"],"picked":"Dagger Spray"},{"not_picked":["Choke","Terror"],"picked":"Deflect"},{"not_picked":["Concentrate","Dodge and Roll"],"picked":"Prepared"},{"not_picked":["Poisoned Stab","Dagger Throw"],"picked":"Cloak And Dagger"},{"not_picked":["Heel Hook","Corpse Explosion"],"picked":"Cloak And Dagger"},{"not_picked":["Dagger Throw","Prepared"],"picked":"Finisher"},{"not_picked":["Heel Hook","Eviscerate"],"picked":"Acrobatics"},{"not_picked":["Poisoned Stab","Underhanded Strike"],"picked":"Deflect"},{"not_picked":["Poisoned Stab","Heel Hook"],"picked":"Adrenaline"},{"not_picked":["Corpse Explosion","Tools of the Trade"],"picked":"Tactician"},{"not_picked":["Accuracy","Expertise"],"picked":"Acrobatics"},{"not_picked":["Sucker Punch","Quick Slash"],"picked":"PiercingWail"},{"not_picked":["Underhanded Strike","Dagger Spray"],"picked":"Calculated Gamble"}],"player_experience":205580,"potions_floor_usage":[8,8,19,19,21,42,47,47],"damage_taken":[{"damage":7,"enemies":"2 Louse","floor":1,"turns":4},{"damage":0,"enemies":"Cultist","floor":4,"turns":2},{"damage":1,"enemies":"Small Slimes","floor":7,"turns":2},{"damage":24,"enemies":"Lagavulin","floor":8,"turns":6},{"damage":4,"enemies":"Exordium Wildlife","floor":10,"turns":4},{"damage":9,"enemies":"Gremlin Nob","floor":11,"turns":4},{"damage":4,"enemies":"Large Slime","floor":13,"turns":5},{"damage":42,"enemies":"Slime Boss","floor":16,"turns":10},{"damage":32,"enemies":"2 Thieves","floor":18,"turns":4},{"damage":4,"enemies":"Chosen","floor":19,"turns":4},{"damage":26,"enemies":"Snake Plant","floor":21,"turns":5},{"damage":20,"enemies":"Slavers","floor":24,"turns":5},{"damage":3,"enemies":"Gremlin Leader","floor":27,"turns":5},{"damage":10,"enemies":"Snecko","floor":29,"turns":3},{"damage":7,"enemies":"Centurion and Healer","floor":31,"turns":5},{"damage":17,"enemies":"Collector","floor":33,"turns":6},{"damage":15,"enemies":"3 Shapes","floor":35,"turns":3},{"damage":0,"enemies":"Orb Walker","floor":37,"turns":1},{"damage":14,"enemies":"4 Shapes","floor":39,"turns":6},{"damage":0,"enemies":"Giant Head","floor":41,"turns":6},{"damage":5,"enemies":"Mysterious Sphere","floor":42,"turns":4},{"damage":0,"enemies":"Sphere and 2 Shapes","floor":45,"turns":3},{"damage":1,"enemies":"Maw","floor":47,"turns":5},{"damage":16,"enemies":"4 Shapes","floor":48,"turns":4},{"damage":48,"enemies":"Awakened One","floor":50,"turns":11}],"event_choices":[{"event_name":"The Woman in Blue","player_choice":"Bought 1 Potion","floor":2,"damage_taken":0},{"event_name":"The Cleric","player_choice":"Healed","floor":5,"damage_taken":0},{"event_name":"Big Fish","player_choice":"Box","floor":14,"damage_taken":0},{"event_name":"Back to Basics","player_choice":"Simplicity","floor":22,"damage_taken":0},{"event_name":"The Mausoleum","player_choice":"Yes","floor":25,"damage_taken":0},{"event_name":"Winding Halls","player_choice":"Embrace Madness","floor":36,"damage_taken":0},{"event_name":"Accursed Blacksmith","player_choice":"Forge","floor":38,"damage_taken":0},{"event_name":"Mysterious Sphere","player_choice":"Fight","floor":42,"damage_taken":0}],"boss_relics":[{"not_picked":["The Specimen","Pandora\u0027s Box"],"picked":"Cursed Key"},{"not_picked":["Philosopher\u0027s Stone","Eternal Feather"],"picked":"Astrolabe"}],"potions_floor_spawned":[7,10,13,16,18,33,35,42,48],"seed_played":"4983626687670838798","ascension_level":6,"is_trial":false}