{"path_per_floor":["M","M","?","M","?","R","$","M","T","$","M","?","M","M","R","B",null,"M","?","M","?","M","R","M","R","T","T","R","E","M","?","R"],"character_chosen":"THE_SILENT","items_purchased":["Noxious Fumes"],"gold_per_floor":[117,129,129,145,110,110,110,129,129,57,71,71,85,100,100,195,195,211,211,227,227,241,241,259,259,337,337,337,372,390,305,305],"floor_reached":33,"campfire_rested":4,"playtime":3580,"current_hp_per_floor":[65,65,40,40,57,57,57,43,43,43,41,41,41,22,43,17,70,58,58,37,37,32,53,41,62,62,62,62,34,12,12,33],"items_purged":[],"gold":305,"score":259,"play_id":"a63338be-44f4-4297-a64d-8fe411a081f6","is_prod":false,"is_daily":false,"is_ascension_mode":false,"campfire_upgraded":0,"path_taken":["M","M","?","M","?","R","$","M","T","?","M","?","M","M","R","BOSS","M","?","M","?","M","R","M","R","T","?","R","E","M","?","R","BOSS"],"build_version":"2018-02-22-PROD2","purchased_purges":0,"victory":false,"master_deck":["Defend_G","Defend_G","Defend_G","Defend_G","Defend_G","Strike_G","Strike_G","Strike_G","Strike_G","Survivor","Neutralize","Dagger Spray","Terror","Backstab","Dagger Spray","Noxious Fumes+1","Accuracy","Deflect","Cloak And Dagger","After Image","Deadly Poison","Outmaneuver","Outmaneuver","Backflip","Flying Knee","Backstab","Blur+1","Quick Slash+1"],"max_hp_per_floor":[70,70,70,70,70,70,70,70,70,70,70,70,70,70,70,70,70,70,70,70,70,70,70,70,70,70,70,70,70,70,70,70],"relics":["Ring of the Snake","Happy Flower","Shovel","Juzu Bracelet","Dead Branch","Orrery","Paper Crane","Ice Cream","Bag of Preparation","Frozen Egg 2","Smiling Mask"],"card_choices":[{"not_picked":["Underhanded Strike","Slice"],"picked":"Dagger Spray"},{"not_picked":["Bane","Escape Plan"],"picked":"Terror"},{"not_picked":["Well Laid Plans","Endless Agony"],"picked":"Backstab"},{"not_picked":["Outmaneuver","Reflex"],"picked":"Dagger Spray"},{"not_picked":["Finisher","Well Laid Plans"],"picked":"Deflect"},{"not_picked":["Quick Slash","Prepared"],"picked":"Cloak And Dagger"},{"not_picked":["Burst","Venomology"],"picked":"After Image"},{"not_picked":["Prepared","Calculated Gamble"],"picked":"Deadly Poison"},{"not_picked":["Slice","Underhanded Strike"],"picked":"Outmaneuver"},{"not_picked":["Night Terror","Underhanded Strike"],"picked":"Outmaneuver"},{"not_picked":["Setup","PiercingWail"],"picked":"Backflip"},{"not_picked":["Well Laid Plans","Bane"],"picked":"Flying Knee"},{"not_picked":["Terror","PiercingWail"],"picked":"Backstab"},{"not_picked":["Quick Slash","Dodge and Roll"],"picked":"Blur"},{"not_picked":["Concentrate","Blade Dance"],"picked":"Quick Slash"}],"player_experience":191689,"potions_floor_usage":[14,14,16,16,20,24,29],"damage_taken":[{"damage":5,"enemies":"Jaw Worm","floor":1,"turns":6},{"damage":0,"enemies":"Cultist","floor":2,"turns":4},{"damage":0,"enemies":"2 Louse","floor":4,"turns":3},{"damage":14,"enemies":"Exordium Wildlife","floor":8,"turns":5},{"damage":2,"enemies":"Looter","floor":11,"turns":3},{"damage":0,"enemies":"Blue Slaver","floor":13,"turns":3},{"damage":19,"enemies":"Exordium Thugs","floor":14,"turns":4},{"damage":26,"enemies":"Slime Boss","floor":16,"turns":11},{"damage":12,"enemies":"Shell Parasite","floor":18,"turns":6},{"damage":21,"enemies":"Spheric Guardian","floor":20,"turns":5},{"damage":5,"enemies":"Snecko","floor":22,"turns":4},{"damage":12,"enemies":"Centurion and Healer","floor":24,"turns":8},{"damage":28,"enemies":"Slavers","floor":29,"turns":5},{"damage":22,"enemies":"Sentry and Sphere","floor":30,"turns":8},{"damage":43,"enemies":"Champ","floor":33,"turns":13}],"event_choices":[{"event_name":"Scrap Ooze","player_choice":"success","floor":3,"damage_taken":25},{"event_name":"The Cleric","player_choice":"Healed","floor":5,"damage_taken":0},{"event_name":"Transmorgrifier","player_choice":"Transform","floor":12,"damage_taken":0},{"event_name":"Upgrade Shrine","player_choice":"Upgraded","floor":19,"damage_taken":0},{"event_name":"Beggar","player_choice":"Ignored","floor":21,"damage_taken":0},{"event_name":"Addict","player_choice":"Obtained Relic","floor":31,"damage_taken":0}],"boss_relics":[{"not_picked":["Lizard Tail","Runic Dome"],"picked":"Orrery"}],"potions_floor_spawned":[8,11,13,14,18,22,24],"seed_played":"-9199579229070540857","killed_by":"Champ","ascension_level":0,"is_trial":false}