{"path_per_floor":["M","?","$","M","?","R","E","R","T","R","E","M","R","M","R","B",null,"M","?","M","$","M","R","M","E","T","$","E","?","R","M","R","B",null,"M","?","?","M","$","R","M","R","T","M","?","M","M","M","R"],"character_chosen":"IRONCLAD","items_purchased":["Purity","Dropkick","Dream Catcher","True Grit","Vajra"],"gold_per_floor":[118,118,43,59,159,159,202,202,202,202,241,256,256,281,281,405,405,424,424,437,210,234,234,252,290,343,140,175,100,100,116,116,245,245,259,259,259,272,43,43,63,63,86,106,206,222,241,260,260],"floor_reached":50,"campfire_rested":4,"playtime":2888,"current_hp_per_floor":[71,51,51,56,56,56,41,41,41,65,28,31,55,61,61,26,67,52,52,44,44,16,32,48,37,37,37,28,28,44,56,56,41,52,56,56,49,56,56,56,49,49,49,56,56,56,22,41,41],"items_purged":["Strike_R","Defend_R","Pommel Strike","Defend_R"],"gold":260,"score":601,"play_id":"444f793a-9546-427a-a06b-6a2fbd4fc013","is_prod":false,"is_daily":false,"is_ascension_mode":true,"campfire_upgraded":7,"path_taken":["BOSS","M","?","?","?","?","R","E","R","T","R","E","M","R","M","R","BOSS","M","?","M","$","M","R","M","E","T","$","E","?","R","?","R","BOSS","M","?","?","M","$","R","M","R","T","M","?","M","M","M","R","BOSS"],"build_version":"2018-02-15-PROD1","purchased_purges":4,"victory":false,"master_deck":["Defend_R","Bash+1","Headbutt+1","Feel No Pain+1","Limit Break+1","Flex+1","Dark Embrace+1","Burning Pact+1","Bite","Bite","Bite","Bite","Bite","Purity","Dropkick","Inflame","Bloodletting+1","Dual Wield","Armaments+1","Madness","Madness","Sentinel+1","True Grit+1","Heavy Blade+1"],"max_hp_per_floor":[80,80,80,80,80,80,80,80,80,80,80,80,80,80,80,80,80,80,56,56,56,56,56,56,56,56,56,56,56,56,56,56,56,56,56,56,56,56,56,56,56,56,56,56,56,56,56,56,56],"relics":["Black Blood","Bag of Preparation","Golden Idol","Happy Flower","Magic Flower","Ancient Tea Set","Runic Dome","Smiling Mask","Oddly Smooth Stone","Dream Catcher","Mummified Hand","Vajra","Orichalcum"],"card_choices":[{"not_picked":["Havoc","Hemokinesis"],"picked":"Headbutt"},{"not_picked":["Flame Barrier","Perfected Strike"],"picked":"Feel No Pain"},{"not_picked":["Rampage","Clothesline"],"picked":"Limit Break"},{"not_picked":["Sword Boomerang","Heavy Blade"],"picked":"Flex"},{"not_picked":["Power Through","Twin Strike"],"picked":"Pommel Strike"},{"not_picked":["Double Tap","Immolate"],"picked":"Dark Embrace"},{"not_picked":["Twin Strike","Iron Wave"],"picked":"Burning Pact"},{"not_picked":["Twin Strike","Reckless Charge"],"picked":"Inflame"},{"not_picked":["Clash","Flex"],"picked":"Bloodletting"},{"not_picked":["Perfected Strike","Dark Embrace"],"picked":"Dual Wield"},{"not_picked":["Sword Boomerang","Shrug It Off"],"picked":"Armaments"},{"not_picked":["Perfected Strike","Shrug It Off"],"picked":"Sentinel"},{"not_picked":["Warcry","Hemokinesis"],"picked":"Heavy Blade"}],"player_experience":199986,"potions_floor_usage":[7,16,20,25,28,33,48,48],"damage_taken":[{"damage":7,"enemies":"Jaw Worm","floor":1,"turns":3},{"damage":1,"enemies":"Cultist","floor":4,"turns":3},{"damage":21,"enemies":"Gremlin Nob","floor":7,"turns":4},{"damage":46,"enemies":"Lagavulin","floor":11,"turns":6},{"damage":6,"enemies":"Small Slimes","floor":12,"turns":3},{"damage":3,"enemies":"Blue Slaver","floor":14,"turns":3},{"damage":44,"enemies":"The Guardian","floor":16,"turns":9},{"damage":24,"enemies":"Spheric Guardian","floor":18,"turns":5},{"damage":36,"enemies":"3 Byrds","floor":20,"turns":5},{"damage":58,"enemies":"Centurion and Healer","floor":22,"turns":5},{"damage":17,"enemies":"Sentry and Sphere","floor":24,"turns":4},{"damage":50,"enemies":"Slavers","floor":25,"turns":5},{"damage":27,"enemies":"Book of Stabbing","floor":28,"turns":3},{"damage":11,"enemies":"Chosen and Byrds","floor":31,"turns":4},{"damage":39,"enemies":"Collector","floor":33,"turns":5},{"damage":20,"enemies":"3 Shapes","floor":35,"turns":3},{"damage":3,"enemies":"Orb Walker","floor":38,"turns":2},{"damage":34,"enemies":"3 Darklings","floor":41,"turns":3},{"damage":13,"enemies":"Maw","floor":44,"turns":5},{"damage":5,"enemies":"Sphere and 2 Shapes","floor":46,"turns":5},{"damage":65,"enemies":"4 Shapes","floor":47,"turns":8},{"damage":32,"enemies":"3 Darklings","floor":48,"turns":6},{"damage":53,"enemies":"Time Eater","floor":50,"turns":4}],"event_choices":[{"event_name":"Golden Idol","player_choice":"Take Damage","floor":2,"damage_taken":0},{"event_name":"Golden Shrine","player_choice":"Pray","floor":5,"damage_taken":0},{"event_name":"Vampires","player_choice":"Became a vampire","floor":19,"damage_taken":0},{"event_name":"Beggar","player_choice":"Gave Gold","floor":29,"damage_taken":0},{"event_name":"The Lab","player_choice":"Got Potions","floor":36,"damage_taken":0},{"event_name":"Winding Halls","player_choice":"Embrace Madness","floor":37,"damage_taken":0},{"event_name":"Golden Shrine","player_choice":"Pray","floor":45,"damage_taken":0}],"boss_relics":[{"not_picked":["Calling Bell","Eternal Feather"],"picked":"Runic Dome"},{"not_picked":["Orrery","Sozu"],"picked":"Black Blood"}],"potions_floor_spawned":[4,7,12,16,18,25,28,35,38,47],"seed_played":"4126873373903361525","killed_by":"Time Eater","ascension_level":6,"is_trial":false}