{"gold_per_floor":[112,112,136,136,61,61,96,96,176,192,192,192,34,72,72,72],"floor_reached":16,"playtime":476,"items_purged":[],"score":259,"play_id":"cafc7c0c-df48-4f32-8a1f-94f3f79c1097","local_time":"20181021170812","is_ascension_mode":true,"campfire_choices":[{"data":"Riddle With Holes","floor":6,"key":"SMITH"},{"data":"Backflip","floor":8,"key":"SMITH"},{"data":"Caltrops","floor":12,"key":"SMITH"},{"data":"Endless Agony","floor":15,"key":"SMITH"}],"neow_cost":"NONE","seed_source_timestamp":1025535023624556,"circlet_count":0,"master_deck":["Defend_G","Defend_G","Defend_G","Defend_G","Defend_G","Strike_G","Strike_G","Strike_G","Strike_G","Survivor","Neutralize+1","AscendersBane","Riddle With Holes+1","Backflip+1","Caltrops+1","Deflect","Endless Agony+1"],"relics":["Ring of the Snake","NeowsBlessing","Golden Idol","Gremlin Horn","The Courier","Pen Nib","Letter Opener"],"potions_floor_usage":[11],"damage_taken":[{"damage":0,"enemies":"Cultist","floor":1,"turns":1},{"damage":0,"enemies":"2 Louse","floor":3,"turns":1},{"damage":0,"enemies":"Gremlin Nob","floor":7,"turns":1},{"damage":0,"enemies":"Small Slimes","floor":10,"turns":2},{"damage":1,"enemies":"Red Slaver","floor":11,"turns":3},{"damage":21,"enemies":"3 Sentries","floor":14,"turns":9},{"damage":40,"enemies":"Hexaghost","floor":16,"turns":9}],"seed_played":"-3527505283569695789","potions_obtained":[{"floor":7,"key":"SmokeBomb"}],"is_trial":false,"path_per_floor":["M","?","M","?","?","R","E","R","T","M","M","R","$","E","R"],"character_chosen":"THE_SILENT","items_purchased":["Pen Nib","Deflect"],"campfire_rested":0,"item_purchase_floors":[13,13],"current_hp_per_floor":[59,59,59,59,59,59,59,59,59,59,58,58,58,37,37,0],"gold":72,"neow_bonus":"THREE_ENEMY_KILL","is_prod":false,"is_daily":false,"chose_seed":false,"campfire_upgraded":4,"win_rate":0,"timestamp":1540156092,"path_taken":["M","?","M","?","?","R","E","R","T","M","?","R","?","E","R","BOSS"],"build_version":"2018-10-18","purchased_purges":0,"victory":false,"max_hp_per_floor":[66,60,60,60,60,60,60,60,60,60,60,60,60,60,60,60],"card_choices":[{"not_picked":["Underhanded Strike","PiercingWail"],"picked":"Riddle With Holes","floor":1},{"not_picked":["Predator","Setup","Poisoned Stab"],"picked":"SKIP","floor":3},{"not_picked":["Phantasmal Killer","Flying Knee"],"picked":"Backflip","floor":7},{"not_picked":["Deflect","Deadly Poison"],"picked":"Caltrops","floor":10},{"not_picked":["Finisher","Grand Finale"],"picked":"Endless Agony","floor":14}],"player_experience":786935,"relics_obtained":[{"floor":7,"key":"Gremlin Horn"},{"floor":9,"key":"The Courier"},{"floor":14,"key":"Letter Opener"}],"event_choices":[{"damage_healed":0,"gold_gain":0,"player_choice":"Lose Max HP","damage_taken":0,"relics_obtained":["Golden Idol"],"max_hp_gain":0,"max_hp_loss":6,"event_name":"Golden Idol","floor":2,"gold_loss":0},{"damage_healed":0,"gold_gain":0,"player_choice":"Upgraded","damage_taken":0,"max_hp_gain":0,"max_hp_loss":0,"event_name":"Upgrade Shrine","floor":4,"gold_loss":0,"cards_upgraded":["Neutralize"]},{"cards_removed":["Strike_G"],"damage_healed":0,"gold_gain":0,"player_choice":"Card Removal","damage_taken":0,"max_hp_gain":0,"max_hp_loss":0,"event_name":"The Cleric","floor":5,"gold_loss":75}],"is_beta":false,"boss_relics":[],"items_purged_floors":[],"is_endless":false,"potions_floor_spawned":[7,11],"killed_by":"Hexaghost","ascension_level":19}