{"gold_per_floor":[118,133,147,167,167,167,177,177,228,242,276,7,7,17,17,17],"floor_reached":16,"playtime":690,"items_purged":["Strike_B"],"score":125,"play_id":"504b9cc4-0833-4ed0-b567-efbf84a19fc8","local_time":"20180626232242","is_ascension_mode":true,"campfire_choices":[{"data":"Recycle","floor":6,"key":"SMITH"},{"data":"Zap","floor":8,"key":"SMITH"},{"floor":13,"key":"REST"},{"data":"Streamline","floor":15,"key":"SMITH"}],"neow_cost":"NONE","seed_source_timestamp":20839109101494,"circlet_count":0,"master_deck":["Strike_B","Strike_B","Strike_B","Defend_B","Defend_B","Defend_B","Defend_B","Zap+1","Dualcast","Recycle+1","Beam Cell","Coolheaded","Conserve Battery","Streamline+1","Sweeping Beam"],"relics":["Cracked Core","Omamori","Matryoshka","Regal Pillow","Blood Vial","Boot","Oddly Smooth Stone"],"potions_floor_usage":[11,11],"damage_taken":[{"damage":2,"enemies":"Jaw Worm","floor":1,"turns":3},{"damage":3,"enemies":"Small Slimes","floor":2,"turns":3},{"damage":0,"enemies":"Cultist","floor":3,"turns":3},{"damage":10,"enemies":"Looter","floor":4,"turns":4},{"damage":2,"enemies":"Blue Slaver","floor":7,"turns":4},{"damage":3,"enemies":"Exordium Wildlife","floor":10,"turns":4},{"damage":18,"enemies":"Lagavulin","floor":11,"turns":4},{"damage":6,"enemies":"Exordium Thugs","floor":14,"turns":4},{"damage":52,"enemies":"Hexaghost","floor":16,"turns":9}],"seed_played":"8174166390322656047","potions_obtained":[{"floor":1,"key":"Block Potion"},{"floor":3,"key":"SteroidPotion"}],"is_trial":false,"path_per_floor":["M","M","M","M","?","R","M","R","T","M","E","$","R","M","R"],"character_chosen":"DEFECT","items_purchased":["Oddly Smooth Stone","Sweeping Beam"],"campfire_rested":1,"item_purchase_floors":[12,12],"current_hp_per_floor":[73,70,70,60,35,35,33,33,33,32,16,16,53,49,49,0],"gold":17,"neow_bonus":"RANDOM_COMMON_RELIC","is_prod":false,"is_daily":false,"chose_seed":false,"campfire_upgraded":3,"win_rate":0,"timestamp":1530069762,"path_taken":["M","M","M","M","?","R","M","R","T","M","E","$","R","M","R","BOSS"],"build_version":"2018-06-21v2","purchased_purges":1,"victory":false,"max_hp_per_floor":[75,75,75,75,75,75,75,75,75,75,75,75,75,75,75,75],"card_choices":[{"not_picked":["Conserve Battery","Lockon"],"picked":"Recycle","floor":1},{"not_picked":["Compile Driver","Conserve Battery"],"picked":"Beam Cell","floor":2},{"not_picked":["Streamline","Self Repair"],"picked":"Coolheaded","floor":3},{"not_picked":["Turbo","Barrage"],"picked":"Conserve Battery","floor":4},{"not_picked":["Conserve Battery","Force Field","Rebound"],"picked":"SKIP","floor":7},{"not_picked":["Reinforced Body","Cold Snap"],"picked":"Streamline","floor":10},{"not_picked":["Melter","Compile Driver","Stack"],"picked":"SKIP","floor":11},{"not_picked":["Aggregate","Reinforced Body","Beam Cell"],"picked":"SKIP","floor":14}],"player_experience":323177,"relics_obtained":[{"floor":9,"key":"Regal Pillow"},{"floor":9,"key":"Blood Vial"},{"floor":11,"key":"Boot"}],"event_choices":[{"event_name":"Scrap Ooze","player_choice":"success","floor":5,"damage_taken":25}],"boss_relics":[],"items_purged_floors":[12],"is_endless":false,"potions_floor_spawned":[1,3],"killed_by":"Hexaghost","ascension_level":4}