{"gold_per_floor":[364,47,57,67,83,117,117,167,190,190,209,229,1,1,1,76,76,89,99,99,149,168,168,81,81,81,97,109,109],"floor_reached":29,"playtime":982,"items_purged":["Pain"],"score":420,"play_id":"bf039591-b448-4391-acb5-7e4d70f1e4e1","local_time":"20180922212310","is_ascension_mode":true,"campfire_choices":[{"data":"Zap","floor":7,"key":"SMITH"},{"data":"Streamline","floor":10,"key":"SMITH"},{"floor":15,"key":"REST"},{"floor":23,"key":"REST"},{"data":"Hologram","floor":25,"key":"SMITH"}],"neow_cost":"CURSE","seed_source_timestamp":624100933729098,"circlet_count":0,"master_deck":["Zap+1","Dualcast","AscendersBane","Go for the Eyes","Streamline+1","Gash","Conserve Battery","Go for the Eyes","FTL","Leap","Buffer","Machine Learning","Cold Snap","Hologram+1","Fusion","Compile Driver","Turbo","Rip and Tear","Aggregate","Coolheaded","Leap","Rebound+1","Sweeping Beam","Meteor Strike","Skim+1"],"relics":["Cracked Core","Sling","Vajra","Potion Belt","Dream Catcher","Pandora\u0027s Box","MutagenicStrength","Bottled Flame"],"potions_floor_usage":[6,16,16],"damage_taken":[{"damage":10,"enemies":"Cultist","floor":1,"turns":4},{"damage":3,"enemies":"2 Louse","floor":3,"turns":3},{"damage":7,"enemies":"Jaw Worm","floor":4,"turns":3},{"damage":9,"enemies":"Looter","floor":5,"turns":3},{"damage":11,"enemies":"3 Sentries","floor":6,"turns":5},{"damage":20,"enemies":"Gremlin Gang","floor":11,"turns":4},{"damage":1,"enemies":"Large Slime","floor":12,"turns":4},{"damage":19,"enemies":"Slime Boss","floor":16,"turns":10},{"damage":14,"enemies":"Chosen","floor":18,"turns":4},{"damage":10,"enemies":"Spheric Guardian","floor":19,"turns":4},{"damage":11,"enemies":"Snake Plant","floor":22,"turns":4},{"damage":18,"enemies":"Snecko","floor":27,"turns":5},{"damage":19,"enemies":"Cultist and Chosen","floor":28,"turns":4},{"damage":0,"enemies":"Snake Plant","floor":29,"turns":2}],"seed_played":"3394767930651097312","potions_obtained":[{"floor":5,"key":"SkillPotion"},{"floor":6,"key":"FocusPotion"},{"floor":12,"key":"Weak Potion"},{"floor":19,"key":"FocusPotion"},{"floor":28,"key":"Poison Potion"}],"is_trial":false,"path_per_floor":["M","$","M","M","M","E","R","?","T","R","M","M","$","?","R","B",null,"M","M","?","?","M","R","$","R","T","M","M"],"character_chosen":"DEFECT","items_purchased":["Sling","Dream Catcher","Leap","FocusPotion"],"campfire_rested":2,"item_purchase_floors":[2,13,13,24],"current_hp_per_floor":[54,54,51,44,35,24,24,24,24,24,4,3,3,3,24,5,55,41,31,31,31,20,41,41,41,41,23,4,4],"gold":109,"neow_bonus":"TWO_FIFTY_GOLD","is_prod":false,"is_daily":false,"chose_seed":false,"campfire_upgraded":3,"win_rate":0,"timestamp":1537665790,"path_taken":["M","$","M","M","?","E","R","?","T","R","?","M","$","?","R","BOSS","M","M","?","?","M","R","$","R","T","M","M","M"],"build_version":"2018-09-20","purchased_purges":1,"victory":false,"max_hp_per_floor":[71,71,71,71,71,71,71,71,71,71,71,71,71,71,71,71,71,71,71,71,71,71,71,71,71,71,71,71,71],"card_choices":[{"not_picked":["Reinforced Body","Static Discharge"],"picked":"Go for the Eyes","floor":1},{"not_picked":["Coolheaded","Hologram"],"picked":"Streamline","floor":3},{"not_picked":["Compile Driver","Steam"],"picked":"Gash","floor":4},{"not_picked":["Leap","Hologram"],"picked":"Conserve Battery","floor":5},{"not_picked":["Aggregate","Capacitor"],"picked":"Go for the Eyes","floor":6},{"not_picked":["Turbo","Heatsinks","Recycle"],"picked":"SKIP","floor":11},{"not_picked":["Gash","Double Energy"],"picked":"FTL","floor":12},{"not_picked":["Hologram","Leap"],"picked":"Buffer","floor":15},{"not_picked":["Rainbow","Meteor Strike"],"picked":"Machine Learning","floor":16},{"not_picked":["Redo","Compile Driver"],"picked":"Leap","floor":18},{"not_picked":["Sunder","Turbo"],"picked":"Rebound+1","floor":19},{"not_picked":["Storm","Auto Shields"],"picked":"Sweeping Beam","floor":22},{"not_picked":["Turbo","Rebound+1"],"picked":"Meteor Strike","floor":27},{"not_picked":["Redo","Cold Snap"],"picked":"Skim+1","floor":28}],"player_experience":690070,"relics_obtained":[{"floor":6,"key":"Vajra"},{"floor":9,"key":"Potion Belt"},{"floor":26,"key":"Bottled Flame"}],"event_choices":[{"event_name":"Golden Shrine","player_choice":"Pray","floor":8,"damage_taken":0},{"event_name":"The Cleric","player_choice":"Leave","floor":14,"damage_taken":0},{"event_name":"Drug Dealer","player_choice":"Inject Mutagens","floor":20,"damage_taken":0},{"event_name":"Nest","player_choice":"Stole From Cult","floor":21,"damage_taken":0}],"is_beta":false,"boss_relics":[{"not_picked":["Inserter","Busted Crown"],"picked":"Pandora\u0027s Box"}],"items_purged_floors":[2],"is_endless":false,"potions_floor_spawned":[5,6,12,19,28],"killed_by":"Snake Plant","ascension_level":17}