{"gold_per_floor":[110,126,146,165,165,165,203,203,227,227,263,278,31,31],"floor_reached":14,"playtime":625,"items_purged":[],"score":175,"play_id":"774925d6-be97-43c1-bb13-18d671bcea89","local_time":"20180829230851","is_ascension_mode":true,"campfire_choices":[{"data":"Streamline","floor":6,"key":"SMITH"},{"floor":8,"key":"REST"},{"data":"Ball Lightning","floor":10,"key":"SMITH"}],"neow_cost":"PERCENT_DAMAGE","seed_source_timestamp":436532809615053,"circlet_count":0,"master_deck":["Strike_B","Strike_B","Strike_B","Strike_B","Defend_B","Defend_B","Defend_B","Defend_B","Zap","Dualcast","AscendersBane","Seek","Streamline+1","Conserve Battery","Ball Lightning+1","Aggregate","Coolheaded","Hologram","Madness"],"relics":["Cracked Core","Golden Idol","Omamori","Bag of Marbles","Boot","Happy Flower"],"potions_floor_usage":[4,7,14],"damage_taken":[{"damage":6,"enemies":"Cultist","floor":1,"turns":4},{"damage":0,"enemies":"2 Louse","floor":2,"turns":1},{"damage":7,"enemies":"Small Slimes","floor":3,"turns":3},{"damage":10,"enemies":"Exordium Wildlife","floor":4,"turns":5},{"damage":16,"enemies":"3 Sentries","floor":7,"turns":6},{"damage":13,"enemies":"Lagavulin","floor":11,"turns":5},{"damage":0,"enemies":"3 Louse","floor":12,"turns":2},{"damage":14,"enemies":"Gremlin Nob","floor":14,"turns":3}],"seed_played":"-8567020091786356079","potions_obtained":[{"floor":1,"key":"SpeedPotion"},{"floor":4,"key":"AttackPotion"},{"floor":7,"key":"SteroidPotion"},{"floor":12,"key":"Weak Potion"}],"is_trial":false,"path_per_floor":["M","M","M","M","?","R","E","R","T","R","E","M","$"],"character_chosen":"DEFECT","items_purchased":["Happy Flower","Madness"],"campfire_rested":1,"item_purchase_floors":[13,13],"current_hp_per_floor":[40,40,33,23,23,23,7,26,26,26,13,13,13,0],"gold":31,"neow_bonus":"THREE_RARE_CARDS","is_prod":false,"is_daily":false,"chose_seed":false,"campfire_upgraded":2,"win_rate":0,"timestamp":1535598531,"path_taken":["M","?","M","M","?","R","E","R","T","R","E","M","$","E"],"build_version":"2018-08-23v2","purchased_purges":0,"victory":false,"max_hp_per_floor":[71,71,71,71,64,64,64,64,64,64,64,64,64,64],"card_choices":[{"not_picked":["Fission","Meteor Strike"],"picked":"Seek","floor":0},{"not_picked":["Barrage","Rebound"],"picked":"Streamline","floor":1},{"not_picked":["Lockon","Redo","Melter"],"picked":"SKIP","floor":2},{"not_picked":["Biased Cognition","Glacier"],"picked":"Conserve Battery","floor":3},{"not_picked":["Sunder","Double Energy"],"picked":"Ball Lightning","floor":4},{"not_picked":["Tempest","Force Field"],"picked":"Aggregate","floor":7},{"not_picked":["Compile Driver","Electrodynamics"],"picked":"Coolheaded","floor":11},{"not_picked":["Redo","Leap"],"picked":"Hologram","floor":12}],"player_experience":631894,"relics_obtained":[{"floor":7,"key":"Omamori"},{"floor":9,"key":"Bag of Marbles"},{"floor":11,"key":"Boot"}],"event_choices":[{"event_name":"Golden Idol","player_choice":"Lose Max HP","floor":5,"damage_taken":0}],"is_beta":false,"boss_relics":[],"items_purged_floors":[],"is_endless":false,"potions_floor_spawned":[1,4,7,12],"killed_by":"Gremlin Nob","ascension_level":15}