{"gold_per_floor":[310,10,60,74,87,87,119,119,169,185,237,256,3,3,3,3],"floor_reached":16,"playtime":520,"items_purged":[],"score":175,"play_id":"dbf66ef1-7e6a-4159-bc1c-ce435ca441e8","local_time":"20180720213928","is_ascension_mode":true,"campfire_choices":[{"data":"Dagger Spray","floor":6,"key":"SMITH"},{"data":"Venomology","floor":8,"key":"SMITH"},{"data":"Neutralize","floor":15,"key":"SMITH"}],"neow_cost":"NO_GOLD","seed_source_timestamp":570139162277968,"circlet_count":0,"master_deck":["Defend_G","Defend_G+1","Defend_G","Defend_G+1","Defend_G","Strike_G","Strike_G","Strike_G","Strike_G","Strike_G","Survivor","Neutralize+1","AscendersBane","Slice","Dagger Spray+1","Predator","Venomology+1"],"relics":["Ring of the Snake","Old Coin","Torii","Strawberry","War Paint","Molten Egg 2"],"potions_floor_usage":[7,10,12,12,16,16,16],"damage_taken":[{"damage":3,"enemies":"2 Louse","floor":1,"turns":5},{"damage":0,"enemies":"Cultist","floor":4,"turns":4},{"damage":2,"enemies":"Small Slimes","floor":5,"turns":4},{"damage":38,"enemies":"Lagavulin","floor":7,"turns":6},{"damage":0,"enemies":"2 Fungi Beasts","floor":10,"turns":3},{"damage":0,"enemies":"Looter","floor":12,"turns":2},{"damage":55,"enemies":"Hexaghost","floor":16,"turns":17}],"seed_played":"230459987746989925","potions_obtained":[{"floor":1,"key":"Energy Potion"},{"floor":7,"key":"SkillPotion"},{"floor":10,"key":"Fruit Juice"},{"floor":12,"key":"Dexterity Potion"}],"is_trial":false,"path_per_floor":["M","$","?","M","M","R","E","R","T","M","?","M","$","?","R"],"character_chosen":"THE_SILENT","items_purchased":["Torii","Molten Egg 2"],"campfire_rested":0,"item_purchase_floors":[2,13],"current_hp_per_floor":[56,56,56,56,54,54,23,23,23,23,23,28,28,54,54,0],"gold":3,"neow_bonus":"ONE_RARE_RELIC","is_prod":false,"is_daily":false,"chose_seed":false,"campfire_upgraded":3,"win_rate":0,"timestamp":1532137168,"path_taken":["M","$","?","M","M","R","E","R","T","M","?","M","?","?","R","BOSS"],"build_version":"2018-07-19v2","purchased_purges":0,"victory":false,"max_hp_per_floor":[66,66,66,66,66,66,73,73,73,73,73,78,78,78,78,78],"card_choices":[{"not_picked":["Reflex","Dagger Throw"],"picked":"Slice","floor":1},{"not_picked":["Finisher","PiercingWail"],"picked":"Dagger Spray","floor":4},{"not_picked":["Tactician","Flying Knee"],"picked":"Predator","floor":5},{"not_picked":["Flying Knee","Cloak And Dagger"],"picked":"Venomology","floor":7},{"not_picked":["Flying Knee","Dagger Throw","Tactician"],"picked":"SKIP","floor":10},{"not_picked":["Deadly Poison","Masterful Stab","Catalyst"],"picked":"SKIP","floor":12}],"player_experience":503021,"relics_obtained":[{"floor":7,"key":"Strawberry"},{"floor":9,"key":"War Paint"}],"event_choices":[{"event_name":"Golden Shrine","player_choice":"Pray","floor":3,"damage_taken":0},{"event_name":"Golden Wing","player_choice":"Gained Gold","floor":11,"damage_taken":0},{"event_name":"Big Fish","player_choice":"Banana","floor":14,"damage_taken":0}],"is_beta":false,"boss_relics":[],"items_purged_floors":[],"is_endless":false,"potions_floor_spawned":[1,7,10,12],"killed_by":"Hexaghost","ascension_level":15}