{"gold_per_floor":[112,122,133,148,161,161,195,195,221,232,202,17,17,17,17,91,91,106,124,1,1,16,16,16,16,16,16,16],"floor_reached":28,"playtime":1209,"items_purged":[],"score":371,"play_id":"2c240308-66a8-46c2-a2a7-b207335d35b4","local_time":"20180717211333","is_ascension_mode":true,"campfire_choices":[{"data":"Chaos","floor":6,"key":"SMITH"},{"floor":8,"key":"REST"},{"data":"Apotheosis","floor":15,"key":"SMITH"},{"floor":23,"key":"REST"},{"floor":27,"key":"REST"}],"neow_cost":"NONE","seed_source_timestamp":308680256168326,"circlet_count":0,"master_deck":["Strike_B","Strike_B","Strike_B","Defend_B","Defend_B","Defend_B","Defend_B","Zap","Dualcast","AscendersBane","Chaos+1","Streamline","Leap","Beam Cell","Barrage","Consume+1","Sweeping Beam","Apotheosis+1","Reboot+1","Leap","Stack"],"relics":["Inserter","Ornamental Fan","Omamori","The Courier","Runic Pyramid","War Paint","Boot","Girya"],"potions_floor_usage":[3,3,7,18],"damage_taken":[{"damage":10,"enemies":"Cultist","floor":1,"turns":5},{"damage":14,"enemies":"Small Slimes","floor":2,"turns":4},{"damage":2,"enemies":"Jaw Worm","floor":3,"turns":3},{"damage":7,"enemies":"Exordium Wildlife","floor":4,"turns":4},{"damage":6,"enemies":"2 Fungi Beasts","floor":5,"turns":3},{"damage":10,"enemies":"3 Sentries","floor":7,"turns":7},{"damage":4,"enemies":"Exordium Thugs","floor":10,"turns":5},{"damage":31,"enemies":"The Guardian","floor":16,"turns":11},{"damage":23,"enemies":"3 Byrds","floor":18,"turns":6},{"damage":0,"enemies":"Chosen","floor":19,"turns":6},{"damage":14,"enemies":"Centurion and Healer","floor":22,"turns":8},{"damage":60,"enemies":"Snecko","floor":28,"turns":6}],"seed_played":"-858962630500221777","potions_obtained":[{"floor":1,"key":"SkillPotion"},{"floor":2,"key":"AttackPotion"},{"floor":4,"key":"AttackPotion"},{"floor":16,"key":"AttackPotion"}],"is_trial":false,"path_per_floor":["M","M","M","M","M","R","E","R","T","M","?","$","?","T","R","B",null,"M","M","$","?","M","R","$","?","T","R"],"character_chosen":"DEFECT","items_purchased":["Apotheosis","War Paint"],"campfire_rested":3,"item_purchase_floors":[12,20],"current_hp_per_floor":[54,40,38,31,25,25,15,36,36,32,32,32,32,32,32,1,54,31,31,31,31,17,38,38,38,38,59,0],"gold":16,"neow_bonus":"BOSS_RELIC","is_prod":false,"is_daily":false,"chose_seed":false,"campfire_upgraded":2,"win_rate":0,"timestamp":1531876413,"path_taken":["M","M","M","M","M","R","E","R","T","?","?","?","?","?","R","BOSS","M","?","?","?","M","R","$","?","T","R","M"],"build_version":"2018-07-12","purchased_purges":0,"victory":false,"max_hp_per_floor":[71,71,71,71,71,71,71,71,71,71,71,71,71,71,71,71,71,71,71,71,71,71,71,71,71,71,71,71],"card_choices":[{"not_picked":["Loop","Redo"],"picked":"Chaos","floor":1},{"not_picked":["Chaos","Cold Snap"],"picked":"Streamline","floor":2},{"not_picked":["Rebound","Conserve Battery"],"picked":"Leap","floor":3},{"not_picked":["Scrape","Gash"],"picked":"Beam Cell","floor":4},{"not_picked":["Hologram","Capacitor"],"picked":"Barrage","floor":5},{"not_picked":["Biased Cognition","Rebound"],"picked":"Consume","floor":7},{"not_picked":["Gash","Streamline"],"picked":"Sweeping Beam","floor":10},{"not_picked":["Echo Form","Core Surge"],"picked":"Reboot","floor":16},{"not_picked":["Double Energy","Hologram"],"picked":"Leap","floor":18},{"not_picked":["Doom and Gloom","Scrape"],"picked":"Stack","floor":19},{"not_picked":["FTL","Steam","Gash"],"picked":"SKIP","floor":22}],"player_experience":478899,"relics_obtained":[{"floor":7,"key":"Ornamental Fan"},{"floor":9,"key":"Omamori"},{"floor":14,"key":"The Courier"},{"floor":26,"key":"Girya"}],"event_choices":[{"event_name":"World of Goop","player_choice":"Left","floor":11,"damage_taken":0},{"event_name":"Scrap Ooze","player_choice":"unsuccessful","floor":13,"damage_taken":0},{"event_name":"Bonfire Elementals","player_choice":"BASIC","floor":21,"damage_taken":0},{"event_name":"The Mausoleum","player_choice":"Yes","floor":25,"damage_taken":0}],"boss_relics":[{"not_picked":["Philosopher\u0027s Stone","Lizard Tail"],"picked":"Runic Pyramid"}],"items_purged_floors":[],"is_endless":false,"potions_floor_spawned":[1,2,4,16],"killed_by":"Snecko","ascension_level":14}