{"gold_per_floor":[109,109,129,144,163,163,193,193,193,227,302,302,313,332,332,436,436,449,449,449,449,19,44,26,45,120,120,39,39,54,72,72,72],"floor_reached":33,"playtime":1492,"items_purged":["Writhe"],"score":466,"play_id":"d08edc77-cfe5-4fea-b1ac-2344150d1454","local_time":"20190226214751","is_ascension_mode":true,"campfire_choices":[{"data":"Leg Sweep","floor":6.0,"key":"SMITH"},{"floor":8.0,"key":"REST"},{"floor":12,"key":"REST"},{"data":"Noxious Fumes","floor":15,"key":"SMITH"},{"floor":27,"key":"REST"},{"data":"1","floor":29,"key":"LIFT"},{"data":"2","floor":32,"key":"LIFT"}],"neow_cost":"NONE","seed_source_timestamp":0,"circlet_count":0,"master_deck":["AscendersBane","Defend_G","Defend_G","Defend_G","Defend_G","Defend_G","Strike_G","Strike_G","Strike_G","Strike_G","Strike_G","Survivor","Neutralize","Deflect","Leg Sweep+1","Dagger Spray","Noxious Fumes+1","Cloak And Dagger","Footwork","Envenom","Crippling Poison","Corpse Explosion","PiercingWail","PiercingWail","Crippling Poison","Cloak And Dagger","PiercingWail","Backflip","RitualDagger","Backstab","Well Laid Plans","Cloak And Dagger","Backflip+1","Leg Sweep","Backstab","Dodge and Roll","PiercingWail"],"special_seed":0,"relics":["Ring of the Snake","NeowsBlessing","PreservedInsect","Question Card","Girya","Orrery","Strawberry","Mummified Hand","Ninja Scroll","Bottled Lightning","Shuriken"],"potions_floor_usage":[18,25,31,33],"damage_taken":[{"damage":0.0,"enemies":"2 Louse","floor":1.0,"turns":1.0},{"damage":0.0,"enemies":"Cultist","floor":3.0,"turns":1.0},{"damage":0.0,"enemies":"Small Slimes","floor":4.0,"turns":1.0},{"damage":14.0,"enemies":"2 Fungi Beasts","floor":5.0,"turns":6.0},{"damage":24.0,"enemies":"Gremlin Nob","floor":7.0,"turns":4.0},{"damage":5.0,"enemies":"Lagavulin","floor":10.0,"turns":7.0},{"damage":8,"enemies":"Large Slime","floor":13,"turns":8},{"damage":0,"enemies":"Blue Slaver","floor":14,"turns":6},{"damage":10,"enemies":"Slime Boss","floor":16,"turns":13},{"damage":13,"enemies":"Spheric Guardian","floor":18,"turns":7},{"damage":8,"enemies":"Book of Stabbing","floor":23,"turns":7},{"damage":0,"enemies":"2 Thieves","floor":24,"turns":4},{"damage":14,"enemies":"Centurion and Healer","floor":25,"turns":7},{"damage":11,"enemies":"Chosen and Byrds","floor":30,"turns":7},{"damage":0,"enemies":"3 Cultists","floor":31,"turns":4},{"damage":46,"enemies":"Champ","floor":33,"turns":15}],"seed_played":"2206787227843671967","potions_obtained":[{"floor":1.0,"key":"PowerPotion"},{"floor":2.0,"key":"Strength Potion"},{"floor":2.0,"key":"Swift Potion"},{"floor":4.0,"key":"FearPotion"},{"floor":10,"key":"SteroidPotion"},{"floor":14,"key":"GamblersBrew"},{"floor":16,"key":"Explosive Potion"},{"floor":23,"key":"Swift Potion"},{"floor":30,"key":"Dexterity Potion"}],"is_trial":false,"path_per_floor":["M","?","M","M","M","R","E","R","T","E","?","R","M","M","R","B",null,"M","?","?","T","$","E","M","M","T","R","$","R","M","M","R","B"],"character_chosen":"THE_SILENT","items_purchased":["Backstab","Well Laid Plans","Ninja Scroll","Backstab"],"campfire_rested":3,"item_purchase_floors":[22,22,22,28],"current_hp_per_floor":[63,63,63,63,49,49,25,46,46,41,30,51,43,43,43,33,61,48,42,49,49,49,41,41,27,27,50,50,50,39,39,39,0],"gold":72,"neow_bonus":"THREE_ENEMY_KILL","is_prod":false,"is_daily":false,"chose_seed":false,"campfire_upgraded":2,"win_rate":0,"timestamp":1551235671,"path_taken":["M","?","?","M","M","R","E","R","T","E","?","R","M","M","R","BOSS","M","?","?","?","$","E","M","M","T","R","$","R","M","M","R","BOSS"],"build_version":"2019-01-23","purchased_purges":1,"victory":false,"max_hp_per_floor":[70,70,70,70,70,70,70,70,70,70,70,70,70,70,70,70,70,70,70,77,77,77,77,77,77,77,77,77,77,77,77,77,77],"card_choices":[{"not_picked":["Riddle With Holes","Choke"],"picked":"Deflect","floor":1.0},{"not_picked":["Quick Slash","Deadly Poison"],"picked":"Leg Sweep","floor":3.0},{"not_picked":["Dodge and Roll","Outmaneuver"],"picked":"Dagger Spray","floor":4.0},{"not_picked":["Expertise","Deflect"],"picked":"Noxious Fumes","floor":5.0},{"not_picked":["Dagger Throw","Underhanded Strike"],"picked":"Cloak And Dagger","floor":7.0},{"not_picked":["Catalyst","Riddle With Holes","Cloak And Dagger"],"picked":"Footwork","floor":10},{"not_picked":["Flying Knee","Expertise","Backstab"],"picked":"Envenom","floor":13},{"not_picked":["Outmaneuver","Caltrops","Distraction"],"picked":"Crippling Poison","floor":14},{"not_picked":["Storm of Steel","After Image","Bullet Time"],"picked":"Corpse Explosion","floor":16},{"not_picked":["Slice","Setup","Underhanded Strike"],"picked":"PiercingWail","floor":17},{"not_picked":["Terror","Slice","Setup"],"picked":"PiercingWail","floor":17},{"not_picked":["Blade Dance","Quick Slash","Corpse Explosion"],"picked":"Crippling Poison","floor":17},{"not_picked":["Flying Knee","Concentrate","Riddle With Holes"],"picked":"Cloak And Dagger","floor":17},{"not_picked":["Dagger Throw","Infinite Blades","Reflex"],"picked":"PiercingWail","floor":17},{"not_picked":["Noxious Fumes","Endless Agony","Flying Knee"],"picked":"Backflip","floor":18},{"not_picked":["Backflip","A Thousand Cuts","Deflect+1"],"picked":"Cloak And Dagger","floor":23},{"not_picked":["Dagger Throw","Slice","Flying Knee"],"picked":"Backflip+1","floor":24},{"not_picked":["Outmaneuver","Dagger Throw","Unload"],"picked":"Leg Sweep","floor":25},{"not_picked":["Sucker Punch","Skewer","Quick Slash"],"picked":"Dodge and Roll","floor":30},{"not_picked":["Sucker Punch","Setup+1","Dodge and Roll"],"picked":"PiercingWail","floor":31}],"player_experience":394081,"relics_obtained":[{"floor":7.0,"key":"PreservedInsect"},{"floor":9.0,"key":"Question Card"},{"floor":10,"key":"Girya"},{"floor":21,"key":"Mummified Hand"},{"floor":23,"key":"Bottled Lightning"},{"floor":26,"key":"Shuriken"}],"event_choices":[{"damage_healed":0.0,"max_hp_gain":0.0,"max_hp_loss":0.0,"gold_gain":0.0,"event_name":"Lab","player_choice":"Got Potions","floor":2.0,"gold_loss":0.0,"damage_taken":0.0},{"damage_healed":0,"gold_gain":75,"player_choice":"Gather Gold","damage_taken":11,"max_hp_gain":0,"max_hp_loss":0,"event_name":"World of Goop","floor":11,"gold_loss":0},{"damage_healed":0,"gold_gain":0,"player_choice":"Joined the Cult","damage_taken":6,"max_hp_gain":0,"max_hp_loss":0,"event_name":"Nest","floor":19,"gold_loss":0,"cards_obtained":["RitualDagger"]},{"damage_healed":0,"gold_gain":0,"player_choice":"Opened","damage_taken":0,"relics_obtained":["Strawberry"],"max_hp_gain":0,"max_hp_loss":0,"event_name":"The Mausoleum","floor":20,"gold_loss":0,"cards_obtained":["Writhe"]}],"is_beta":false,"boss_relics":[{"not_picked":["Empty Cage","Ring of the Serpent"],"picked":"Orrery"}],"items_purged_floors":[22],"is_endless":false,"potions_floor_spawned":[1,4,10,14,16,23,30],"killed_by":"Champ","ascension_level":10}