{"gold_per_floor":[113,113,17,17,17,50,50,68,117,142,15,50,50,85,85,161,161,176,176,276,276,60,60,71,84,157,167,167,167,183,215,215,294,294,312,324,148,248,228,256,256],"floor_reached":41,"playtime":1943,"items_purged":["Strike_B","Electrodynamics"],"score":1041,"play_id":"d8f22e01-b578-46c6-98a4-9aa39bb03281","local_time":"20190101180539","is_ascension_mode":true,"campfire_choices":[{"data":"Hyperbeam","floor":7.0,"key":"SMITH"},{"data":"Beam Cell","floor":13.0,"key":"SMITH"},{"floor":15.0,"key":"REST"},{"floor":23.0,"key":"REST"},{"floor":29,"key":"REST"},{"floor":32,"key":"REST"}],"neow_cost":"NONE","seed_source_timestamp":7793840235951,"circlet_count":0,"master_deck":["AscendersBane","Zap","Dualcast","Recycle","Hyperbeam+1","Go for the Eyes","Bandage Up","Ball Lightning","White Noise","Gash","Beam Cell+1","BootSequence","Echo Form","Meteor Strike","Barrage","Capacitor","Aggregate","Cold Snap","Redo","Electrodynamics","Double Energy"],"special_seed":0,"relics":["Cracked Core","NeowsBlessing","Singing Bowl","Kunai","Centennial Puzzle","Ancient Tea Set","Dead Branch","Busted Crown","Nilry\u0027s Codex","StoneCalendar","Meat on the Bone","Strange Spoon","Gremlin Horn","Dodecahedron","Pandora\u0027s Box","Emotion Chip","Ice Cream"],"potions_floor_usage":[28,28,33,36,40],"damage_taken":[{"damage":0.0,"enemies":"2 Louse","floor":1.0,"turns":1.0},{"damage":0.0,"enemies":"Lagavulin","floor":6.0,"turns":1.0},{"damage":0.0,"enemies":"Cultist","floor":8.0,"turns":1.0},{"damage":15.0,"enemies":"3 Sentries","floor":10.0,"turns":3.0},{"damage":23.0,"enemies":"Lagavulin","floor":12.0,"turns":5.0},{"damage":10.0,"enemies":"3 Sentries","floor":14.0,"turns":3.0},{"damage":25.0,"enemies":"Slime Boss","floor":16.0,"turns":5.0},{"damage":4.0,"enemies":"2 Thieves","floor":18.0,"turns":2.0},{"damage":7.0,"enemies":"Colosseum Slavers","floor":20.0,"turns":2.0},{"damage":33.0,"enemies":"Colosseum Nobs","floor":20.0,"turns":4.0},{"damage":9.0,"enemies":"Chosen","floor":24.0,"turns":3.0},{"damage":16.0,"enemies":"Shelled Parasite and Fungi","floor":25.0,"turns":4.0},{"damage":0.0,"enemies":"3 Cultists","floor":27.0,"turns":3.0},{"damage":28,"enemies":"Book of Stabbing","floor":28,"turns":4},{"damage":19,"enemies":"Snake Plant","floor":30,"turns":3},{"damage":47,"enemies":"Slavers","floor":31,"turns":5},{"damage":25,"enemies":"Champ","floor":33,"turns":9},{"damage":11,"enemies":"Orb Walker","floor":35,"turns":3},{"damage":0,"enemies":"3 Shapes","floor":36,"turns":3},{"damage":46,"enemies":"Mind Bloom Boss Battle","floor":38,"turns":7},{"damage":36,"enemies":"Reptomancer","floor":40,"turns":4},{"damage":20,"enemies":"Transient","floor":41,"turns":3}],"seed_played":"9032475028363426357","potions_obtained":[{"floor":1.0,"key":"Dexterity Potion"},{"floor":8.0,"key":"SmokeBomb"},{"floor":10.0,"key":"FearPotion"},{"floor":12.0,"key":"Fire Potion"},{"floor":18.0,"key":"Strength Potion"},{"floor":24.0,"key":"SneckoOil"},{"floor":27.0,"key":"Dexterity Potion"},{"floor":31,"key":"Swift Potion"},{"floor":33,"key":"Fire Potion"},{"floor":35,"key":"Strength Potion"},{"floor":38,"key":"SteroidPotion"}],"is_trial":false,"path_per_floor":["M","?","$","$","?","E","R","M","T","E","$","E","R","E","R","B",null,"M","?","?","?","$","R","M","M","T","M","E","R","M","E","R","B",null,"M","M","$","?","?","E","M"],"character_chosen":"DEFECT","items_purchased":["Bandage Up","Beam Cell","Strange Spoon","Double Energy"],"campfire_rested":4,"item_purchase_floors":[3,11,22,37],"current_hp_per_floor":[64,64,64,64,64,64,64,64,64,53,53,36,36,30,51,30,62,60,39,5,5,5,28,37,39,39,45,37,61,52,23,49,40,75,66,68,68,40,40,22,10],"gold":256,"neow_bonus":"THREE_ENEMY_KILL","is_prod":false,"is_daily":false,"chose_seed":false,"campfire_upgraded":2,"win_rate":0,"timestamp":1546383939,"path_taken":["M","?","?","$","?","E","R","?","T","E","$","E","R","E","R","BOSS","M","?","?","?","?","R","?","M","T","M","E","R","M","E","R","BOSS","M","?","$","?","?","E","M"],"build_version":"2018-12-20","purchased_purges":2,"victory":false,"max_hp_per_floor":[71,71,71,71,71,71,71,71,71,71,71,73,73,73,73,73,73,75,75,77,77,77,77,79,81,81,83,83,83,85,87,87,87,87,89,91,91,93,93,95,95],"card_choices":[{"not_picked":["Capacitor","Reprogram"],"picked":"Recycle","floor":1.0},{"not_picked":["Force Field","Coolheaded"],"picked":"Ball Lightning","floor":6.0},{"not_picked":["Cold Snap","Conserve Battery"],"picked":"White Noise","floor":8.0},{"not_picked":["Rebound","Conserve Battery"],"picked":"Gash","floor":10.0},{"not_picked":["Defragment","Go for the Eyes","Streamline"],"picked":"Singing Bowl","floor":12.0},{"not_picked":["Cold Snap","Seek"],"picked":"BootSequence","floor":14.0},{"not_picked":["Core Surge","All For One"],"picked":"Echo Form","floor":16.0},{"not_picked":["Sweeping Beam"],"picked":"Singing Bowl","floor":18.0},{"not_picked":["Tempest"],"picked":"Singing Bowl","floor":20.0},{"not_picked":["Reprogram"],"picked":"Singing Bowl","floor":24.0},{"not_picked":["Go for the Eyes"],"picked":"Singing Bowl","floor":25.0},{"not_picked":["Skim"],"picked":"Singing Bowl","floor":27.0},{"not_picked":["Leap"],"picked":"Singing Bowl","floor":30},{"not_picked":["Gash"],"picked":"Singing Bowl","floor":31},{"not_picked":[],"picked":"Meteor Strike","floor":33},{"not_picked":["Compile Driver+1"],"picked":"Singing Bowl","floor":35},{"not_picked":["Coolheaded"],"picked":"Singing Bowl","floor":36},{"not_picked":["Conserve Battery"],"picked":"Singing Bowl","floor":38},{"not_picked":["Turbo"],"picked":"Singing Bowl","floor":40}],"player_experience":991930,"relics_obtained":[{"floor":6.0,"key":"Kunai"},{"floor":10.0,"key":"Centennial Puzzle"},{"floor":12.0,"key":"Ancient Tea Set"},{"floor":14.0,"key":"Dead Branch"},{"floor":19.0,"key":"Nilry\u0027s Codex"},{"floor":20.0,"key":"StoneCalendar"},{"floor":20.0,"key":"Meat on the Bone"},{"floor":26.0,"key":"Gremlin Horn"},{"floor":31,"key":"Dodecahedron"},{"floor":38,"key":"Emotion Chip"},{"floor":40,"key":"Ice Cream"}],"event_choices":[{"damage_healed":0.0,"max_hp_gain":0.0,"max_hp_loss":0.0,"gold_gain":0.0,"event_name":"Match and Keep!","player_choice":"2 cards matched","floor":2.0,"gold_loss":0.0,"damage_taken":0.0,"cards_obtained":["Hyperbeam","Go for the Eyes"]},{"damage_healed":0.0,"max_hp_gain":0.0,"max_hp_loss":0.0,"gold_gain":0.0,"event_name":"WeMeetAgain","player_choice":"Gave Potion","floor":5.0,"gold_loss":0.0,"damage_taken":0.0,"relics_obtained":["Singing Bowl"]},{"damage_healed":0.0,"max_hp_gain":0.0,"max_hp_loss":0.0,"gold_gain":0.0,"event_name":"Cursed Tome","player_choice":"Obtained Book","floor":19.0,"gold_loss":0.0,"damage_taken":21.0},{"damage_healed":0.0,"max_hp_gain":0.0,"max_hp_loss":0.0,"gold_gain":0.0,"event_name":"Colosseum","player_choice":"Fight","floor":20.0,"gold_loss":0.0,"damage_taken":0.0},{"damage_healed":0.0,"max_hp_gain":0.0,"max_hp_loss":0.0,"gold_gain":0.0,"event_name":"Colosseum","player_choice":"Fought Nobs","floor":20.0,"gold_loss":0.0,"damage_taken":0.0},{"damage_healed":0.0,"max_hp_gain":0.0,"max_hp_loss":0.0,"gold_gain":0.0,"event_name":"Vampires","player_choice":"Ignored","floor":21.0,"gold_loss":0.0,"damage_taken":0.0},{"damage_healed":0,"gold_gain":0,"player_choice":"Fight","damage_taken":0,"max_hp_gain":0,"max_hp_loss":0,"event_name":"MindBloom","floor":38,"gold_loss":0},{"damage_healed":0,"gold_gain":0,"player_choice":"Bought 1 Potion","damage_taken":0,"max_hp_gain":0,"max_hp_loss":0,"event_name":"The Woman in Blue","floor":39,"gold_loss":0}],"is_beta":false,"boss_relics":[{"not_picked":["Ectoplasm","White Beast Statue"],"picked":"Busted Crown"},{"not_picked":["Lizard Tail","Black Star"],"picked":"Pandora\u0027s Box"}],"items_purged_floors":[11,37],"is_endless":false,"potions_floor_spawned":[1,8,10,12,18,24,27,28,31,33,35,38],"killed_by":"Transient","ascension_level":20}