{"path_per_floor":["M","?","?","$","M","R","E","R","T","R","?","M","M","M","R","B",null,"M","?","$","M","M","R","E","M","T","M","M","?","R","E","R","B",null,"M","T","$","M","M","R","M","R","T","T","M","M","M","M","R","B"],"character_chosen":"THE_SILENT","items_purchased":["Dash","Shuriken","Apotheosis","Tiny Chest"],"gold_per_floor":[110,110,110,31,45,45,84,84,109,109,109,125,145,166,166,294,294,312,312,55,75,91,91,124,148,225,244,260,260,260,300,300,425,425,449,474,81,99,120,120,145,145,169,169,183,207,231,250,250,250],"floor_reached":51,"campfire_rested":4,"playtime":3950,"current_hp_per_floor":[60,53,36,36,31,52,45,45,45,45,49,49,49,49,49,49,70,70,77,77,77,77,77,64,66,66,54,56,56,56,56,80,73,79,70,70,70,70,47,47,47,73,73,73,61,60,62,62,93,66],"items_purged":["Decay"],"gold":250,"score":792,"play_id":"2bc75e03-8eba-4e1e-bc92-98ab3927b8f5","is_prod":false,"is_daily":false,"is_ascension_mode":true,"campfire_upgraded":6,"path_taken":["M","?","?","$","M","R","E","R","T","R","?","M","M","M","R","BOSS","M","?","?","M","M","R","E","M","T","M","M","?","R","E","R","BOSS","M","?","$","M","M","R","M","R","T","?","M","M","?","M","R","BOSS"],"build_version":"2018-02-15-PROD1","purchased_purges":1,"victory":true,"master_deck":["Survivor","Neutralize","Leg Sweep+1","Dash+1","Blur","Blur","Acrobatics+1","Dagger Spray+1","Wraith Form+1","Backstab","Dodge and Roll","Backflip","Dagger Spray+1","Quick Slash","Quick Slash+1","PiercingWail","Acrobatics+1","Skewer","PiercingWail+1","Predator","After Image","Decay","Injury","Apotheosis+1","Calculated Gamble+1","Phantasmal Killer"],"max_hp_per_floor":[70,70,70,70,70,70,70,70,70,70,77,77,77,77,77,77,77,77,77,77,77,77,77,77,79,79,79,81,81,81,81,81,81,81,83,83,83,83,85,85,87,87,87,87,87,89,91,93,93,93],"relics":["Snecko Eye","Golden Idol","Happy Flower","Anchor","Strawberry","Pandora\u0027s Box","Shuriken","Singing Bowl","Centennial Puzzle","Whetstone","Calling Bell","Kunai","Tough Bandages","Pen Nib","Oddly Smooth Stone","Tiny Chest","Regal Pillow","Snake Skull"],"card_choices":[{"not_picked":["Masterful Stab","Cloak And Dagger"],"picked":"Leg Sweep"},{"not_picked":["Backstab","Setup"],"picked":"Blur"},{"not_picked":["Acrobatics","Bouncing Flask"],"picked":"Blur"},{"not_picked":["Eviscerate","Underhanded Strike"],"picked":"Acrobatics"},{"not_picked":["Choke","Setup"],"picked":"Dagger Spray"},{"not_picked":["Doppelganger","Grand Finale"],"picked":"Wraith Form"},{"not_picked":["Dagger Spray","Prepared"],"picked":"Acrobatics"},{"not_picked":["Leg Sweep","Cloak And Dagger"],"picked":"Skewer"},{"not_picked":["Cloak And Dagger","Deadly Poison"],"picked":"PiercingWail"},{"not_picked":["Quick Slash","Flying Knee"],"picked":"Predator"},{"not_picked":["Tactician","Storm of Steel"],"picked":"After Image"},{"not_picked":["Sucker Punch","PiercingWail"],"picked":"Calculated Gamble"},{"not_picked":["Quick Slash","Choke"],"picked":"Phantasmal Killer"}],"player_experience":218275,"potions_floor_usage":[7,7,16,16,24,28,31,31,39,45,47,50,50],"damage_taken":[{"damage":3,"enemies":"Jaw Worm","floor":1,"turns":6},{"damage":5,"enemies":"Small Slimes","floor":5,"turns":4},{"damage":7,"enemies":"Lagavulin","floor":7,"turns":10},{"damage":0,"enemies":"2 Louse","floor":12,"turns":4},{"damage":0,"enemies":"Looter","floor":13,"turns":5},{"damage":0,"enemies":"Large Slime","floor":14,"turns":6},{"damage":0,"enemies":"The Guardian","floor":16,"turns":17},{"damage":0,"enemies":"Chosen","floor":18,"turns":6},{"damage":0,"enemies":"3 Byrds","floor":21,"turns":3},{"damage":0,"enemies":"Snecko","floor":22,"turns":6},{"damage":13,"enemies":"Book of Stabbing","floor":24,"turns":5},{"damage":0,"enemies":"Centurion and Healer","floor":25,"turns":6},{"damage":12,"enemies":"Snake Plant","floor":27,"turns":6},{"damage":0,"enemies":"Cultist and Chosen","floor":28,"turns":6},{"damage":0,"enemies":"Gremlin Leader","floor":31,"turns":7},{"damage":7,"enemies":"Champ","floor":33,"turns":9},{"damage":11,"enemies":"3 Shapes","floor":35,"turns":7},{"damage":0,"enemies":"3 Darklings","floor":38,"turns":6},{"damage":25,"enemies":"Sphere and 2 Shapes","floor":39,"turns":5},{"damage":2,"enemies":"Maw","floor":41,"turns":7},{"damage":12,"enemies":"3 Darklings","floor":45,"turns":4},{"damage":3,"enemies":"4 Shapes","floor":46,"turns":6},{"damage":0,"enemies":"Sphere and 2 Shapes","floor":47,"turns":7},{"damage":2,"enemies":"3 Darklings","floor":48,"turns":4},{"damage":27,"enemies":"Awakened One","floor":50,"turns":22}],"event_choices":[{"event_name":"Golden Wing","player_choice":"Card Removal","floor":2,"damage_taken":0},{"event_name":"Golden Idol","player_choice":"Take Damage","floor":3,"damage_taken":0},{"event_name":"Scrap Ooze","player_choice":"success","floor":11,"damage_taken":3},{"event_name":"Bonfire Elementals","player_choice":"UNCOMMON","floor":19,"damage_taken":0},{"event_name":"Back to Basics","player_choice":"Elegance","floor":29,"damage_taken":0}],"boss_relics":[{"not_picked":["Sozu","Astrolabe"],"picked":"Pandora\u0027s Box"},{"not_picked":["The Specimen","Lizard Tail"],"picked":"Calling Bell"}],"potions_floor_spawned":[1,5,12,14,18,24,25,27,33,39,41,46,48],"seed_played":"7058458799156460134","ascension_level":7,"is_trial":false}