{"gold_per_floor":[110,123,123,142,158,191,201,211,236,236,270,287,297,12,12,116,116,133,115,30,129,129,158,158,178,205,205,223,148,148,173,173,271,271,287,301,301,317,26,26,26,43,43,61,81,81,81,96,96,96],"floor_reached":51,"playtime":2651,"items_purged":["Crippling Poison"],"score":703,"play_id":"772819b9-7b5f-4343-8875-827bf9bf46da","local_time":"20190521211350","is_ascension_mode":false,"campfire_choices":[{"floor":15,"key":"REST"},{"floor":24,"key":"REST"},{"floor":30,"key":"REST"},{"data":"Burst","floor":32,"key":"SMITH"},{"floor":40,"key":"REST"},{"data":"Noxious Fumes","floor":47,"key":"SMITH"},{"floor":49,"key":"REST"}],"neow_cost":"NONE","seed_source_timestamp":445422045213200,"circlet_count":0,"master_deck":["Defend_G","Defend_G","Defend_G","Defend_G","Defend_G","Strike_G","Strike_G","Strike_G","Strike_G","Strike_G","Survivor","Neutralize","Crippling Poison+1","Crippling Poison","Backflip","Backstab","Bouncing Flask","Endless Agony","Distraction","Distraction","Noxious Fumes","Burst+1","Noxious Fumes+1","Backstab","Deadly Poison+1","Crippling Poison+1","Die Die Die","Outmaneuver","Outmaneuver","Caltrops","Adrenaline","Bouncing Flask","Parasite","Caltrops+1"],"relics":["Ring of the Snake","Regal Pillow","Pen Nib","Orichalcum","PreservedInsect","Gremlin Horn","Eternal Feather","Bag of Preparation","Anchor","Oddly Smooth Stone","Ginger","Orrery","FaceOfCleric","Torii","Ice Cream"],"potions_floor_usage":[50,50],"damage_taken":[{"damage":2,"enemies":"Small Slimes","floor":1,"turns":5},{"damage":1,"enemies":"2 Louse","floor":2,"turns":2},{"damage":0,"enemies":"Cultist","floor":4,"turns":3},{"damage":6,"enemies":"Lots of Slimes","floor":5,"turns":2},{"damage":11,"enemies":"Lagavulin","floor":6,"turns":10},{"damage":3,"enemies":"Blue Slaver","floor":7,"turns":4},{"damage":5,"enemies":"2 Fungi Beasts","floor":8,"turns":3},{"damage":11,"enemies":"3 Sentries","floor":11,"turns":6},{"damage":9,"enemies":"3 Louse","floor":12,"turns":2},{"damage":7,"enemies":"Large Slime","floor":13,"turns":6},{"damage":15,"enemies":"Hexaghost","floor":16,"turns":8},{"damage":7,"enemies":"Shell Parasite","floor":18,"turns":4},{"damage":17,"enemies":"2 Thieves","floor":19,"turns":4},{"damage":24,"enemies":"Gremlin Leader","floor":23,"turns":6},{"damage":20,"enemies":"3 Cultists","floor":25,"turns":5},{"damage":9,"enemies":"Snake Plant","floor":28,"turns":4},{"damage":4,"enemies":"Slavers","floor":31,"turns":2},{"damage":57,"enemies":"Champ","floor":33,"turns":12},{"damage":8,"enemies":"Orb Walker","floor":35,"turns":3},{"damage":20,"enemies":"3 Shapes","floor":36,"turns":3},{"damage":32,"enemies":"Spire Growth","floor":38,"turns":5},{"damage":13,"enemies":"Writhing Mass","floor":42,"turns":6},{"damage":1,"enemies":"Sphere and 2 Shapes","floor":44,"turns":3},{"damage":0,"enemies":"4 Shapes","floor":45,"turns":4},{"damage":41,"enemies":"Spire Growth","floor":48,"turns":5},{"damage":80,"enemies":"Donu and Deca","floor":50,"turns":8}],"seed_played":"9091492672530757039","potions_obtained":[{"floor":1,"key":"Energy Potion"},{"floor":2,"key":"SteroidPotion"},{"floor":4,"key":"FairyPotion"},{"floor":16,"key":"PowerPotion"}],"is_trial":false,"path_per_floor":["M","M","?","M","M","E","M","M","T","?","E","M","M","$","R","B",null,"M","M","?","?","?","E","R","M","T","?","M","$","R","E","R","B",null,"M","M","?","M","$","R","$","M","T","M","M","?","R","M","R","B",null],"character_chosen":"THE_SILENT","items_purchased":["Noxious Fumes","Gremlin Horn","Torii"],"campfire_rested":5,"item_purchase_floors":[14,14,39],"current_hp_per_floor":[68,67,67,67,61,50,47,42,42,42,31,22,15,15,51,36,70,63,46,46,46,33,9,61,41,41,41,32,32,75,71,75,18,75,67,47,47,16,16,71,71,59,59,59,60,60,78,38,80,9],"gold":96,"neow_bonus":"RANDOM_COMMON_RELIC","is_prod":false,"is_daily":false,"chose_seed":false,"campfire_upgraded":2,"win_rate":0,"timestamp":1558502030,"path_taken":["M","M","?","M","M","E","M","M","T","?","E","?","M","?","R","BOSS","M","M","?","?","?","E","R","M","T","?","?","$","R","E","R","BOSS","M","M","?","?","$","R","$","M","T","M","M","?","R","M","R","BOSS"],"build_version":"2019-01-23","purchased_purges":1,"victory":true,"max_hp_per_floor":[70,70,70,70,70,70,70,70,70,70,70,70,70,70,70,70,70,70,70,70,70,75,75,75,75,75,75,75,75,75,75,75,75,75,75,75,75,76,76,76,76,77,77,78,79,79,79,80,80,81],"card_choices":[{"not_picked":["Concentrate","Heel Hook"],"picked":"Crippling Poison","floor":1},{"not_picked":["Acrobatics","Dagger Throw"],"picked":"Crippling Poison","floor":2},{"not_picked":["Acrobatics","Sucker Punch"],"picked":"Backflip","floor":4},{"not_picked":["Outmaneuver","Cloak And Dagger"],"picked":"After Image","floor":5},{"not_picked":["Setup","PiercingWail"],"picked":"Backstab","floor":6},{"not_picked":["Acrobatics","Blade Dance"],"picked":"Bouncing Flask","floor":7},{"not_picked":["Leg Sweep","Tactician"],"picked":"Crippling Poison","floor":8},{"not_picked":["Reflex","Skewer"],"picked":"Endless Agony","floor":11},{"not_picked":["Bane","Eviscerate"],"picked":"Distraction","floor":12},{"not_picked":["Cloak And Dagger","PiercingWail"],"picked":"Distraction","floor":13},{"not_picked":["Glass Knife","Tools of the Trade"],"picked":"Burst","floor":16},{"not_picked":["Flechettes","Acrobatics+1"],"picked":"Noxious Fumes","floor":18},{"not_picked":["Backflip","Acrobatics","Blade Dance"],"picked":"SKIP","floor":19},{"not_picked":["Sucker Punch+1","Flying Knee"],"picked":"Backstab","floor":23},{"not_picked":["Dodge and Roll","Infinite Blades"],"picked":"Deadly Poison+1","floor":25},{"not_picked":["Tactician+1","Predator"],"picked":"Die Die Die","floor":28},{"not_picked":["Accuracy","Sucker Punch","Prepared"],"picked":"SKIP","floor":31},{"not_picked":["Infinite Blades","Deadly Poison"],"picked":"Outmaneuver","floor":34},{"not_picked":["Cloak And Dagger","PiercingWail"],"picked":"Outmaneuver","floor":34},{"not_picked":["Slice","Poisoned Stab"],"picked":"Caltrops","floor":34},{"not_picked":["Flying Knee","Eviscerate+1"],"picked":"Adrenaline","floor":35},{"not_picked":["Concentrate+1","Outmaneuver"],"picked":"Bouncing Flask","floor":36},{"not_picked":["Heel Hook+1","Backflip+1","Acrobatics+1"],"picked":"SKIP","floor":38},{"not_picked":["Deadly Poison","Dagger Spray"],"picked":"Caltrops+1","floor":42},{"not_picked":["Predator+1","Dodge and Roll+1","PiercingWail+1"],"picked":"SKIP","floor":44},{"not_picked":["Backflip+1","Dagger Throw+1","Footwork"],"picked":"SKIP","floor":45},{"not_picked":["Backflip+1","Acrobatics+1","Leg Sweep"],"picked":"SKIP","floor":48}],"player_experience":387463,"relics_obtained":[{"floor":6,"key":"Pen Nib"},{"floor":9,"key":"Orichalcum"},{"floor":11,"key":"PreservedInsect"},{"floor":23,"key":"Anchor"},{"floor":26,"key":"Oddly Smooth Stone"},{"floor":31,"key":"Ginger"},{"floor":43,"key":"Ice Cream"}],"event_choices":[{"damage_healed":0,"gold_gain":0,"player_choice":"Grow","damage_taken":0,"max_hp_gain":0,"max_hp_loss":0,"event_name":"Living Wall","floor":3,"gold_loss":0,"cards_upgraded":["Crippling Poison"]},{"damage_healed":0,"gold_gain":0,"player_choice":"Ignored","damage_taken":0,"max_hp_gain":0,"max_hp_loss":0,"event_name":"NoteForYourself","floor":10,"gold_loss":0},{"damage_healed":0,"gold_gain":0,"player_choice":"Obtained Relic","damage_taken":0,"relics_obtained":["Bag of Preparation"],"max_hp_gain":0,"max_hp_loss":0,"event_name":"Addict","floor":20,"gold_loss":85},{"damage_healed":0,"gold_gain":99,"player_choice":"Stole From Cult","damage_taken":0,"max_hp_gain":0,"max_hp_loss":0,"event_name":"Nest","floor":21,"gold_loss":0},{"damage_healed":0,"gold_gain":0,"player_choice":"Shed Blood","damage_taken":18,"max_hp_gain":5,"max_hp_loss":0,"event_name":"Forgotten Altar","floor":22,"gold_loss":0},{"damage_healed":0,"gold_gain":0,"player_choice":"Copied","damage_taken":0,"max_hp_gain":0,"max_hp_loss":0,"event_name":"Duplicator","floor":27,"gold_loss":0,"cards_obtained":["Crippling Poison"]},{"damage_healed":0,"gold_gain":0,"player_choice":"Trade","damage_taken":0,"relics_obtained":["FaceOfCleric"],"max_hp_gain":0,"max_hp_loss":0,"event_name":"FaceTrader","floor":37,"gold_loss":0},{"cards_removed":["After Image"],"damage_healed":0,"gold_gain":0,"player_choice":"Purged","damage_taken":0,"max_hp_gain":0,"max_hp_loss":0,"event_name":"Purifier","floor":46,"gold_loss":0}],"is_beta":false,"boss_relics":[{"not_picked":["Runic Dome","Ectoplasm"],"picked":"Eternal Feather"},{"not_picked":["Snecko Eye","Coffee Dripper"],"picked":"Orrery"}],"items_purged_floors":[29],"is_endless":false,"potions_floor_spawned":[1,2,4,12,16,23,25,33,42,44,48],"ascension_level":0}