{"gold_per_floor":[111,36,36,36,55,96,121,159,159,159,184,184,220,220,220,316,316,316,316,316,241,241,241],"floor_reached":23,"playtime":1046,"items_purged":[],"score":497,"play_id":"9a21fab8-8d2a-4f69-97a1-9beec2242ab9","local_time":"20190217132445","is_ascension_mode":true,"campfire_choices":[{"data":"Creative AI","floor":10,"key":"SMITH"},{"data":"Sweeping Beam","floor":12,"key":"SMITH"},{"floor":15,"key":"REST"}],"neow_cost":"NONE","seed_source_timestamp":8319599778189,"circlet_count":0,"master_deck":["AscendersBane","Strike_B+1","Strike_B+1","Strike_B+1","Strike_B+1","Defend_B+1","Defend_B+1","Defend_B+1","Defend_B+1","Zap","Cold Snap","Go for the Eyes","Conserve Battery","Loop","Creative AI+1","Coolheaded+1","Conserve Battery","Sweeping Beam+1","BootSequence"],"relics":["Cracked Core","NeowsBlessing","Golden Idol","Strawberry","Ornamental Fan","Ancient Tea Set","Whetstone","Ectoplasm"],"potions_floor_usage":[7,13,16],"damage_taken":[{"damage":0,"enemies":"Jaw Worm","floor":1,"turns":1},{"damage":0,"enemies":"2 Louse","floor":5,"turns":1},{"damage":0,"enemies":"3 Sentries","floor":6,"turns":1},{"damage":0,"enemies":"Small Slimes","floor":7,"turns":4},{"damage":27,"enemies":"Lagavulin","floor":8,"turns":12},{"damage":2,"enemies":"Exordium Wildlife","floor":11,"turns":5},{"damage":23,"enemies":"3 Sentries","floor":13,"turns":5},{"damage":0,"enemies":"Slime Boss","floor":16,"turns":10},{"damage":3,"enemies":"3 Byrds","floor":18,"turns":6},{"damage":0,"enemies":"Shell Parasite","floor":19,"turns":9},{"damage":4,"enemies":"Shelled Parasite and Fungi","floor":22,"turns":10},{"damage":58,"enemies":"Book of Stabbing","floor":23,"turns":5}],"seed_played":"4589493596872740099","potions_obtained":[{"floor":6,"key":"Block Potion"},{"floor":8,"key":"SkillPotion"},{"floor":11,"key":"SpeedPotion"},{"floor":22,"key":"FearPotion"}],"is_trial":false,"path_per_floor":["M","$","?","?","M","E","M","E","T","R","M","R","E","?","R","B",null,"M","M","?","?","M","E"],"character_chosen":"DEFECT","items_purchased":["Go for the Eyes","Conserve Battery"],"campfire_rested":1,"item_purchase_floors":[2,2],"current_hp_per_floor":[64,64,64,64,64,71,71,44,44,44,42,42,19,19,40,40,63,60,60,60,60,56,0],"gold":241,"neow_bonus":"THREE_ENEMY_KILL","is_prod":false,"is_daily":false,"chose_seed":false,"campfire_upgraded":2,"win_rate":0,"timestamp":1550427885,"path_taken":["M","$","?","?","M","E","M","E","T","R","M","R","E","?","R","BOSS","M","M","?","?","?","E"],"build_version":"2019-01-23","purchased_purges":0,"victory":false,"max_hp_per_floor":[71,71,64,64,64,71,71,71,71,71,71,71,71,71,71,71,71,71,71,71,71,71,71],"card_choices":[{"not_picked":["Barrage","Leap"],"picked":"Cold Snap","floor":1},{"not_picked":["Coolheaded","Go for the Eyes"],"picked":"Loop","floor":5},{"not_picked":["Beam Cell","Steam"],"picked":"Creative AI","floor":6},{"not_picked":["Beam Cell","Rebound"],"picked":"Coolheaded","floor":7},{"not_picked":["Leap","Turbo"],"picked":"Conserve Battery","floor":8},{"not_picked":["Rip and Tear","Conserve Battery"],"picked":"Sweeping Beam","floor":11},{"not_picked":["Stack","Blizzard","Turbo"],"picked":"SKIP","floor":13},{"not_picked":["Doom and Gloom","Beam Cell","Fusion"],"picked":"SKIP","floor":18},{"not_picked":["Rebound","Sweeping Beam","Leap"],"picked":"SKIP","floor":19},{"not_picked":["Barrage","Melter"],"picked":"BootSequence","floor":22}],"player_experience":1034795,"relics_obtained":[{"floor":6,"key":"Strawberry"},{"floor":8,"key":"Ornamental Fan"},{"floor":9,"key":"Ancient Tea Set"},{"floor":13,"key":"Whetstone"}],"event_choices":[{"damage_healed":0,"gold_gain":0,"player_choice":"Lose Max HP","damage_taken":0,"relics_obtained":["Golden Idol"],"max_hp_gain":0,"max_hp_loss":7,"event_name":"Golden Idol","floor":3,"gold_loss":0},{"damage_healed":0,"gold_gain":0,"player_choice":"Leave","damage_taken":0,"max_hp_gain":0,"max_hp_loss":0,"event_name":"The Cleric","floor":4,"gold_loss":0},{"damage_healed":0,"gold_gain":0,"player_choice":"Grow","damage_taken":0,"max_hp_gain":0,"max_hp_loss":0,"event_name":"Living Wall","floor":14,"gold_loss":0,"cards_upgraded":["Coolheaded"]},{"damage_healed":0,"gold_gain":0,"player_choice":"Simplicity","damage_taken":0,"max_hp_gain":0,"max_hp_loss":0,"event_name":"Back to Basics","floor":20,"gold_loss":0,"cards_upgraded":["Strike_B","Strike_B","Defend_B","Defend_B","Defend_B","Defend_B"]},{"cards_removed":["Dualcast"],"damage_healed":0,"gold_gain":0,"player_choice":"Gave Gold","damage_taken":0,"max_hp_gain":0,"max_hp_loss":0,"event_name":"Beggar","floor":21,"gold_loss":75}],"is_beta":false,"boss_relics":[{"not_picked":["Tiny House","Cursed Key"],"picked":"Ectoplasm"}],"items_purged_floors":[],"is_endless":false,"potions_floor_spawned":[6,8,11,22],"killed_by":"Book of Stabbing","ascension_level":15}