{"gold_per_floor":[111,111,186,186,111,146,146,161,187,23,49,59,69,85,85,85],"floor_reached":16,"playtime":1685,"items_purged":["Defend_G"],"score":160,"play_id":"b98a8bd8-0546-4452-8a10-3105a5032555","local_time":"20180725221430","is_ascension_mode":false,"campfire_choices":[{"data":"Neutralize","floor":7.0,"key":"SMITH"},{"floor":15.0,"key":"REST"}],"neow_cost":"","seed_source_timestamp":0,"circlet_count":0,"master_deck":["Defend_G","Defend_G","Defend_G","Defend_G","Strike_G","Strike_G","Strike_G","Strike_G","Strike_G","Survivor","Neutralize+1","Deflect","Well Laid Plans","After Image","Burst+1","Backflip+1"],"special_seed":0,"relics":["Ring of the Snake","Du-Vu Doll","Bronze Scales","Toxic Egg 2"],"potions_floor_usage":[16,16,16],"damage_taken":[{"damage":6.0,"enemies":"Jaw Worm","floor":1.0,"turns":6.0},{"damage":22.0,"enemies":"3 Sentries","floor":6.0,"turns":14.0},{"damage":0.0,"enemies":"Cultist","floor":8.0,"turns":4.0},{"damage":16.0,"enemies":"Lagavulin","floor":11.0,"turns":12.0},{"damage":0.0,"enemies":"2 Louse","floor":12.0,"turns":2.0},{"damage":0.0,"enemies":"Looter","floor":13.0,"turns":4.0},{"damage":0.0,"enemies":"3 Louse","floor":14.0,"turns":3.0},{"damage":50,"enemies":"Slime Boss","floor":16,"turns":19}],"seed_played":"-6395623155474938028","potions_obtained":[{"floor":8.0,"key":"GhostInAJar"},{"floor":11.0,"key":"FearPotion"},{"floor":14.0,"key":"LiquidBronze"}],"is_trial":true,"path_per_floor":["M","?","?","?","$","E","R","M","T","$","E","M","M","M","R"],"character_chosen":"THE_SILENT","items_purchased":["After Image"],"campfire_rested":1,"item_purchase_floors":[10],"current_hp_per_floor":[64,70,59,64,64,42,42,42,42,42,26,26,26,26,48,0],"gold":85,"neow_bonus":"","is_prod":false,"is_daily":false,"chose_seed":false,"campfire_upgraded":1,"win_rate":0,"timestamp":1532553270,"path_taken":["M","?","?","?","$","E","R","M","T","?","E","M","M","?","R","BOSS"],"build_version":"2018-07-19v2","purchased_purges":1,"victory":false,"max_hp_per_floor":[70,70,70,75,75,75,75,75,75,75,75,75,75,75,75,75],"card_choices":[{"not_picked":["Dagger Throw","Bane"],"picked":"Deflect","floor":1.0},{"not_picked":["Dagger Throw","Expertise"],"picked":"Well Laid Plans","floor":6.0},{"not_picked":["Slice","Dagger Throw","Blade Dance"],"picked":"SKIP","floor":8.0},{"not_picked":["Acrobatics","Poisoned Stab"],"picked":"Burst","floor":11.0},{"not_picked":["Deadly Poison+1","Distraction+1"],"picked":"Backflip+1","floor":12.0},{"not_picked":["Underhanded Strike","Infinite Blades","Well Laid Plans"],"picked":"SKIP","floor":13.0},{"not_picked":["Deflect+1","Dagger Throw","Dagger Spray"],"picked":"SKIP","floor":14.0}],"player_experience":329436,"relics_obtained":[{"floor":6.0,"key":"Du-Vu Doll"},{"floor":9.0,"key":"Bronze Scales"},{"floor":11.0,"key":"Toxic Egg 2"}],"event_choices":[{"event_name":"Wheel of Change","player_choice":"Full Heal","floor":2.0,"damage_taken":0.0},{"event_name":"World of Goop","player_choice":"Gather Gold","floor":3.0,"damage_taken":0.0},{"event_name":"Big Fish","player_choice":"Donut","floor":4.0,"damage_taken":0.0}],"is_beta":false,"boss_relics":[],"items_purged_floors":[5],"is_endless":true,"potions_floor_spawned":[8,11,14],"killed_by":"Slime Boss","ascension_level":0}