{"gold_per_floor":[113,288,288,301,72,72,98,98,98,115,15,50,50,73,73,197,197,220,220,220,239,34,48,48,48,74,74,94,108,108,118,118,118],"floor_reached":33,"playtime":23500,"items_purged":["Strike_R","Strike_R","Defend_R"],"score":281,"play_id":"febbf130-c3b2-4b33-a36d-0fa7026e6bb9","local_time":"20190519175826","is_ascension_mode":true,"campfire_choices":[{"data":"Bash","floor":6,"key":"SMITH"},{"floor":15,"key":"REST"},{"floor":24,"key":"REST"},{"data":"Rampage","floor":27,"key":"SMITH"},{"floor":30,"key":"REST"},{"floor":32,"key":"REST"}],"neow_cost":"NONE","seed_source_timestamp":131931494782341,"circlet_count":0,"master_deck":["Strike_R","Strike_R","Strike_R+1","Defend_R","Defend_R","Defend_R","Bash+1","Shockwave","Metallicize","Burning Pact","Intimidate+1","Rampage+1","Disarm","Flame Barrier","Reaper","Disarm+1","Inflame","Inflame"],"special_seed":0,"relics":["Burning Blood","Boot","Bag of Marbles","Blood Vial","Centennial Puzzle","Bloody Idol","Lizard Tail","Potion Belt","Oddly Smooth Stone"],"potions_floor_usage":[10,12,16,23,23,33],"damage_taken":[{"damage":0,"enemies":"2 Louse","floor":1,"turns":2},{"damage":7,"enemies":"Small Slimes","floor":4,"turns":4},{"damage":39,"enemies":"Gremlin Nob","floor":7,"turns":6},{"damage":1,"enemies":"Jaw Worm","floor":10,"turns":5},{"damage":23,"enemies":"Lagavulin","floor":12,"turns":7},{"damage":4,"enemies":"Looter","floor":14,"turns":4},{"damage":11,"enemies":"Hexaghost","floor":16,"turns":9},{"damage":14,"enemies":"Chosen","floor":18,"turns":9},{"damage":27,"enemies":"Spheric Guardian","floor":21,"turns":8},{"damage":44,"enemies":"Cultist and Chosen","floor":23,"turns":7},{"damage":25,"enemies":"Shelled Parasite and Fungi","floor":28,"turns":7},{"damage":78,"enemies":"Sentry and Sphere","floor":29,"turns":10},{"damage":53,"enemies":"Centurion and Healer","floor":31,"turns":11},{"damage":92,"enemies":"Collector","floor":33,"turns":12}],"seed_played":"-2292374712383973496","potions_obtained":[{"floor":7,"key":"Regen Potion"},{"floor":10,"key":"BloodPotion"},{"floor":14,"key":"Strength Potion"},{"floor":16,"key":"SpeedPotion"},{"floor":18,"key":"Fire Potion"},{"floor":23,"key":"SkillPotion"}],"is_trial":false,"path_per_floor":["M","?","?","M","$","R","E","?","T","M","$","E","?","M","R","B",null,"M","?","?","M","$","M","R","$","T","R","M","M","R","M","R","B"],"character_chosen":"IRONCLAD","items_purchased":["Metallicize","Burning Pact","Inflame"],"campfire_rested":4,"item_purchase_floors":[5,5,22],"current_hp_per_floor":[80,80,80,79,79,79,46,30,30,51,51,44,24,28,52,49,80,72,72,72,63,63,38,62,62,67,67,60,43,67,39,63,0],"gold":118,"neow_bonus":"RANDOM_COMMON_RELIC","is_prod":false,"is_daily":false,"chose_seed":false,"campfire_upgraded":2,"win_rate":0,"timestamp":1558285106,"path_taken":["M","?","?","M","$","R","E","?","T","M","?","E","?","M","R","BOSS","M","?","?","M","$","M","R","?","T","R","M","M","R","M","R","BOSS"],"build_version":"2019-01-23","purchased_purges":3,"victory":false,"max_hp_per_floor":[80,80,80,80,80,80,80,80,80,80,80,80,80,80,80,80,80,80,80,80,80,80,80,80,80,80,80,80,80,80,80,80,80],"card_choices":[{"not_picked":["Cleave","Heavy Blade"],"picked":"Shockwave","floor":1},{"not_picked":["True Grit","Thunderclap","Clothesline"],"picked":"SKIP","floor":4},{"not_picked":["Reckless Charge","Seeing Red"],"picked":"Intimidate","floor":7},{"not_picked":["Reckless Charge","Flex"],"picked":"Rampage","floor":10},{"not_picked":["Second Wind","Dark Embrace"],"picked":"Disarm","floor":12},{"not_picked":["Searing Blow","Warcry"],"picked":"Flame Barrier","floor":14},{"not_picked":["Limit Break","Exhume"],"picked":"Reaper","floor":16},{"not_picked":["Thunderclap","Sword Boomerang"],"picked":"Disarm+1","floor":18},{"not_picked":["Headbutt+1","Iron Wave","Dropkick"],"picked":"SKIP","floor":21},{"not_picked":["Twin Strike","Anger","Havoc"],"picked":"SKIP","floor":23},{"not_picked":["Combust","Power Through","Iron Wave+1"],"picked":"SKIP","floor":28},{"not_picked":["Body Slam+1","Clash"],"picked":"Inflame","floor":29},{"not_picked":["Perfected Strike","Anger","Clash"],"picked":"SKIP","floor":31}],"player_experience":508328,"relics_obtained":[{"floor":7,"key":"Bag of Marbles"},{"floor":9,"key":"Blood Vial"},{"floor":12,"key":"Centennial Puzzle"},{"floor":26,"key":"Oddly Smooth Stone"}],"event_choices":[{"damage_healed":0,"gold_gain":175,"player_choice":"AGREE","damage_taken":0,"max_hp_gain":0,"max_hp_loss":0,"event_name":"Liars Game","floor":2,"gold_loss":0,"cards_obtained":["Doubt"]},{"cards_removed":["Doubt"],"damage_healed":0,"gold_gain":0,"player_choice":"Forget","damage_taken":0,"max_hp_gain":0,"max_hp_loss":0,"event_name":"Living Wall","floor":3,"gold_loss":0},{"damage_healed":0,"gold_gain":0,"player_choice":"Entered Light","damage_taken":16,"max_hp_gain":0,"max_hp_loss":0,"event_name":"Shining Light","floor":8,"gold_loss":0,"cards_upgraded":["Intimidate","Strike_R"]},{"damage_healed":0,"gold_gain":0,"player_choice":"Take Damage","damage_taken":20,"relics_obtained":["Golden Idol"],"max_hp_gain":0,"max_hp_loss":0,"event_name":"Golden Idol","floor":13,"gold_loss":0},{"damage_healed":0,"gold_gain":0,"player_choice":"Opened","damage_taken":0,"relics_obtained":["Potion Belt"],"max_hp_gain":0,"max_hp_loss":0,"event_name":"The Mausoleum","floor":19,"gold_loss":0},{"damage_healed":0,"gold_gain":0,"player_choice":"Gave Idol","damage_taken":0,"relics_obtained":["Bloody Idol"],"max_hp_gain":0,"max_hp_loss":0,"event_name":"Forgotten Altar","floor":20,"relics_lost":["Golden Idol"],"gold_loss":0}],"is_beta":false,"boss_relics":[{"not_picked":["Fusion Hammer","Orrery"],"picked":"Lizard Tail"}],"items_purged_floors":[5,11,22],"is_endless":false,"potions_floor_spawned":[7,10,14,16,18,23],"killed_by":"Collector","ascension_level":2}