{"gold_per_floor":[114,114,133,149,149,149,169,169,169,187,187,187,214,229,229,303,303,303,303,303,19,19,19,19,19,19,19,19,19,19,19,19,19],"floor_reached":33,"playtime":1629,"items_purged":[],"score":477,"play_id":"ae2e670b-d90e-4b5d-b5b0-639394201f65","local_time":"20181011224929","is_ascension_mode":true,"campfire_choices":[{"data":"Dualcast","floor":6,"key":"SMITH"},{"data":"Hologram","floor":8,"key":"SMITH"},{"data":"Fission","floor":11,"key":"SMITH"},{"data":"Coolheaded","floor":15,"key":"SMITH"},{"data":"Seek","floor":23,"key":"SMITH"},{"floor":32,"key":"REST"}],"neow_cost":"NONE","seed_source_timestamp":180845430703334,"circlet_count":0,"master_deck":["Strike_B","Strike_B","Strike_B","Strike_B","Defend_B","Defend_B","Defend_B","Defend_B","Zap+1","Dualcast+1","AscendersBane","All For One","Hologram+1","Double Energy","Gash","Gash","Fission+1","Coolheaded+1","Steam","Seek+1","Rebound+1","Genetic Algorithm+1","Go for the Eyes","Hologram+1","Necronomicurse","Decay","Chill","Capacitor","Conserve Battery"],"relics":["Cracked Core","Dead Branch","Gambling Chip","Ectoplasm","Mummified Hand","Necronomicon","Bag of Marbles"],"potions_floor_usage":[20,28,31],"damage_taken":[{"damage":12,"enemies":"2 Louse","floor":1,"turns":3},{"damage":0,"enemies":"Small Slimes","floor":3,"turns":2},{"damage":1,"enemies":"Cultist","floor":4,"turns":3},{"damage":6,"enemies":"Exordium Wildlife","floor":7,"turns":3},{"damage":7,"enemies":"Looter","floor":10,"turns":3},{"damage":8,"enemies":"Gremlin Nob","floor":13,"turns":3},{"damage":0,"enemies":"3 Louse","floor":14,"turns":2},{"damage":21,"enemies":"Hexaghost","floor":16,"turns":9},{"damage":0,"enemies":"3 Byrds","floor":18,"turns":4},{"damage":0,"enemies":"Chosen","floor":19,"turns":3},{"damage":8,"enemies":"Snecko","floor":20,"turns":4},{"damage":24,"enemies":"Snake Plant","floor":22,"turns":5},{"damage":0,"enemies":"Colosseum Slavers","floor":28,"turns":2},{"damage":0,"enemies":"Cultist and Chosen","floor":29,"turns":3},{"damage":0,"enemies":"3 Cultists","floor":30,"turns":2},{"damage":1,"enemies":"Centurion and Healer","floor":31,"turns":5},{"damage":38,"enemies":"Automaton","floor":33,"turns":6}],"seed_played":"5179735693242063354","potions_obtained":[{"floor":1,"key":"Swift Potion"},{"floor":14,"key":"Ancient Potion"},{"floor":16,"key":"Energy Potion"},{"floor":22,"key":"SneckoOil"},{"floor":29,"key":"Energy Potion"},{"floor":31,"key":"SmokeBomb"}],"is_trial":false,"path_per_floor":["M","?","M","M","?","R","M","R","T","M","R","?","E","M","R","B",null,"M","M","M","$","M","R","$","?","T","?","?","M","M","M","R"],"character_chosen":"DEFECT","items_purchased":["Mummified Hand"],"campfire_rested":1,"item_purchase_floors":[21],"current_hp_per_floor":[52,52,52,51,51,51,45,45,45,38,38,61,53,53,53,32,61,61,61,53,53,29,29,29,8,8,8,8,8,8,7,28,0],"gold":19,"neow_bonus":"ONE_RANDOM_RARE_CARD","is_prod":false,"is_daily":false,"chose_seed":false,"campfire_upgraded":5,"win_rate":0,"timestamp":1539312569,"path_taken":["M","?","?","M","?","R","M","R","T","M","R","?","E","M","R","BOSS","M","M","M","$","M","R","?","?","T","?","?","M","M","?","R","BOSS"],"build_version":"2018-10-11","purchased_purges":0,"victory":false,"max_hp_per_floor":[71,71,71,71,71,71,71,71,71,71,71,71,71,71,71,71,71,71,71,71,71,71,71,71,71,71,71,71,71,71,71,71,71],"card_choices":[{"not_picked":["Stack","Sweeping Beam"],"picked":"Hologram","floor":1},{"not_picked":["Hologram","Darkness"],"picked":"Double Energy","floor":3},{"not_picked":["Go for the Eyes","Chaos"],"picked":"Gash","floor":4},{"not_picked":["Capacitor","Redo"],"picked":"Gash","floor":7},{"not_picked":["Cold Snap","Conserve Battery"],"picked":"Fission","floor":10},{"not_picked":["Multi-Cast","Gash"],"picked":"Coolheaded","floor":13},{"not_picked":["Hello World","Turbo"],"picked":"Steam","floor":14},{"not_picked":["Hyperbeam","Amplify"],"picked":"Seek","floor":16},{"not_picked":["Consume","Compile Driver"],"picked":"Rebound+1","floor":18},{"not_picked":["Rebound","Leap"],"picked":"Genetic Algorithm+1","floor":19},{"not_picked":["Cold Snap","Streamline"],"picked":"Go for the Eyes","floor":20},{"not_picked":["Stack","Ball Lightning"],"picked":"Hologram+1","floor":22},{"not_picked":["Redo","Ball Lightning"],"picked":"Chill","floor":29},{"not_picked":["Hologram","Steam"],"picked":"Capacitor","floor":30},{"not_picked":["Cold Snap","Rebound+1"],"picked":"Conserve Battery","floor":31}],"player_experience":755100,"relics_obtained":[{"floor":9,"key":"Dead Branch"},{"floor":13,"key":"Gambling Chip"},{"floor":25,"key":"Necronomicon"},{"floor":26,"key":"Bag of Marbles"}],"event_choices":[{"event_name":"Living Wall","player_choice":"Grow","floor":2,"damage_taken":0},{"event_name":"Liars Game","player_choice":"disagreed","floor":5,"damage_taken":0},{"event_name":"Big Fish","player_choice":"Banana","floor":12,"damage_taken":0},{"event_name":"Cursed Tome","player_choice":"Obtained Book","floor":25,"damage_taken":0},{"event_name":"Forgotten Altar","player_choice":"Smashed Altar","floor":27,"damage_taken":0},{"event_name":"Colosseum","player_choice":"Fight","floor":28,"damage_taken":0},{"event_name":"Colosseum","player_choice":"Fled From Nobs","floor":28,"damage_taken":0}],"is_beta":false,"boss_relics":[{"not_picked":["Snecko Eye","White Beast Statue"],"picked":"Ectoplasm"}],"items_purged_floors":[],"is_endless":false,"potions_floor_spawned":[1,14,16,22,28,29,30,31],"killed_by":"Automaton","ascension_level":18}