{"gold_per_floor":[119,6,6,22,22,22,51,71,71,98,115,115,135,310,310,412,412,428,328,328,344,66,66,81,106,158,158,170,189,189,189,189,294,294,304,82,99,99,109,170,170,170,194,19,48,48,68,0,0,0],"floor_reached":50,"playtime":6926,"items_purged":["Strike_B","Strike_B","Doubt","Defend_B","Strike_B"],"score":579,"play_id":"993eef01-031c-4964-af66-71087a34d7b0","local_time":"20180816232004","is_ascension_mode":true,"campfire_choices":[{"data":"BootSequence","floor":6,"key":"SMITH"},{"data":"Go for the Eyes","floor":12,"key":"SMITH"},{"data":"Gash","floor":15,"key":"SMITH"},{"data":"Scrape","floor":23,"key":"SMITH"},{"data":"Seek","floor":27,"key":"SMITH"},{"data":"Echo Form","floor":30,"key":"SMITH"},{"data":"RitualDagger","floor":32,"key":"SMITH"},{"data":"Self Repair","floor":42,"key":"SMITH"},{"floor":49,"key":"REST"}],"neow_cost":"NONE","seed_source_timestamp":26142717101563,"circlet_count":0,"master_deck":["Defend_B","Defend_B+1","Zap","Dualcast+1","BootSequence+1","Go for the Eyes+1","Echo Form+1","Cold Snap","Gash+1","Seek+1","Hologram+1","Scrape+1","Gash","Melter","Rebound+1","RitualDagger+1","Reboot","Self Repair+1","Gash+1","All For One"],"relics":["Cracked Core","Centennial Puzzle","Mango","Thread and Needle","Philosopher\u0027s Stone","Nloth\u0027s Gift","Art of War","Boot","War Paint","Nuclear Battery","Tiny Chest","Happy Flower","Juzu Bracelet","Red Mask"],"potions_floor_usage":[16,16,16,25,28,33,33,47],"damage_taken":[{"damage":2,"enemies":"Small Slimes","floor":1,"turns":2},{"damage":0,"enemies":"Cultist","floor":4,"turns":3},{"damage":25,"enemies":"Gremlin Nob","floor":7,"turns":4},{"damage":0,"enemies":"2 Louse","floor":8,"turns":2},{"damage":6,"enemies":"Lagavulin","floor":10,"turns":6},{"damage":0,"enemies":"Large Slime","floor":11,"turns":4},{"damage":0,"enemies":"Exordium Wildlife","floor":13,"turns":4},{"damage":33,"enemies":"The Guardian","floor":16,"turns":11},{"damage":1,"enemies":"Spheric Guardian","floor":18,"turns":4},{"damage":0,"enemies":"Shell Parasite","floor":21,"turns":6},{"damage":0,"enemies":"3 Cultists","floor":24,"turns":5},{"damage":21,"enemies":"Book of Stabbing","floor":25,"turns":6},{"damage":2,"enemies":"Centurion and Healer","floor":28,"turns":3},{"damage":11,"enemies":"Snake Plant","floor":29,"turns":3},{"damage":15,"enemies":"Champ","floor":33,"turns":8},{"damage":41,"enemies":"3 Darklings","floor":35,"turns":5},{"damage":0,"enemies":"Orb Walker","floor":37,"turns":4},{"damage":12,"enemies":"4 Shapes","floor":39,"turns":4},{"damage":13,"enemies":"Nemesis","floor":40,"turns":5},{"damage":13,"enemies":"Giant Head","floor":45,"turns":6},{"damage":10,"enemies":"Spire Growth","floor":47,"turns":4},{"damage":75,"enemies":"Awakened One","floor":50,"turns":8}],"seed_played":"-304281429161509139","potions_obtained":[{"floor":4,"key":"SkillPotion"},{"floor":7,"key":"FearPotion"},{"floor":10,"key":"Block Potion"},{"floor":11,"key":"GamblersBrew"},{"floor":16,"key":"PowerPotion"},{"floor":21,"key":"Regen Potion"},{"floor":24,"key":"Fire Potion"},{"floor":28,"key":"FearPotion"},{"floor":35,"key":"SmokeBomb"},{"floor":45,"key":"EssenceOfSteel"}],"is_trial":false,"path_per_floor":["M","$","?","M","?","R","E","M","T","E","M","R","M","?","R","B",null,"M","$","?","M","$","R","M","E","T","R","M","M","R","?","R","B",null,"M","$","M","?","M","E","$","R","T","$","E","?","M","?","R"],"character_chosen":"DEFECT","items_purchased":["Skim","Art of War","Self Repair"],"campfire_rested":1,"item_purchase_floors":[2,22,36],"current_hp_per_floor":[73,73,73,73,73,73,62,62,62,56,56,56,56,62,62,29,95,94,94,94,94,94,94,94,73,73,73,80,69,69,63,63,48,95,54,54,61,61,56,50,50,50,50,50,57,57,47,47,75,0],"gold":0,"neow_bonus":"RANDOM_COMMON_RELIC","is_prod":false,"is_daily":false,"chose_seed":false,"campfire_upgraded":8,"win_rate":0,"timestamp":1534458004,"path_taken":["M","$","?","M","?","R","E","?","T","E","?","R","M","?","R","BOSS","M","$","?","M","$","R","M","E","T","R","?","M","R","?","R","BOSS","M","$","M","?","M","E","$","R","T","$","E","?","M","?","R","BOSS"],"build_version":"2018-08-09","purchased_purges":5,"victory":false,"max_hp_per_floor":[75,75,75,75,75,75,89,89,89,89,89,89,89,95,95,95,95,95,95,95,95,95,95,95,95,95,95,95,95,95,95,95,95,95,95,95,95,95,95,95,95,95,95,95,95,95,95,95,95,95],"card_choices":[{"not_picked":["Rebound","Darkness","Stack"],"picked":"SKIP","floor":1},{"not_picked":["Compile Driver","Streamline"],"picked":"BootSequence","floor":4},{"not_picked":["Ball Lightning","Rainbow"],"picked":"Go for the Eyes","floor":7},{"not_picked":["Streamline","Reinforced Body","Rebound"],"picked":"SKIP","floor":8},{"not_picked":["Sweeping Beam","Stack"],"picked":"Echo Form","floor":10},{"not_picked":["Barrage","Rebound"],"picked":"Cold Snap","floor":11},{"not_picked":["Redo","Reprogram"],"picked":"Gash","floor":13},{"not_picked":["Thunder Strike","Electrodynamics"],"picked":"Seek","floor":16},{"not_picked":["Rebound","Conserve Battery+1"],"picked":"Hologram+1","floor":18},{"not_picked":["Coolheaded","Turbo"],"picked":"Scrape","floor":21},{"not_picked":["Recycle+1","Barrage","Tempest"],"picked":"SKIP","floor":24},{"not_picked":["Defragment+1","Rainbow"],"picked":"Gash","floor":25},{"not_picked":["Go for the Eyes+1","Coolheaded+1"],"picked":"Melter","floor":28},{"not_picked":["Hologram","Compile Driver"],"picked":"Rebound+1","floor":29},{"not_picked":["Amplify","Seek"],"picked":"Reboot","floor":33},{"not_picked":["Stack+1","Streamline","Turbo"],"picked":"SKIP","floor":35},{"not_picked":["Doom and Gloom+1","Compile Driver","Steam Power+1"],"picked":"SKIP","floor":37},{"not_picked":["Coolheaded+1","Redo","Ball Lightning"],"picked":"SKIP","floor":39},{"not_picked":["Tempest+1","Beam Cell+1"],"picked":"Gash+1","floor":40},{"not_picked":["Rainbow","Meteor Strike","Seek"],"picked":"SKIP","floor":45},{"not_picked":["Rainbow","Meteor Strike","Seek"],"picked":"SKIP","floor":45},{"not_picked":["Rebound","Beam Cell+1"],"picked":"All For One","floor":47}],"player_experience":409647,"relics_obtained":[{"floor":7,"key":"Mango"},{"floor":9,"key":"Thread and Needle"},{"floor":10,"key":"Darkstone Periapt"},{"floor":25,"key":"Boot"},{"floor":26,"key":"War Paint"},{"floor":40,"key":"Tiny Chest"},{"floor":43,"key":"Happy Flower"},{"floor":45,"key":"Juzu Bracelet"}],"event_choices":[{"event_name":"Upgrade Shrine","player_choice":"Upgraded","floor":3,"damage_taken":0},{"event_name":"Living Wall","player_choice":"Forget","floor":5,"damage_taken":0},{"event_name":"Liars Game","player_choice":"agreed","floor":14,"damage_taken":0},{"event_name":"N\u0027loth","player_choice":"Traded a Darkstone Periapt","floor":20,"damage_taken":0},{"event_name":"Nest","player_choice":"Joined the Cult","floor":31,"damage_taken":0},{"event_name":"Falling","player_choice":"Removed Skill","floor":38,"damage_taken":0},{"event_name":"Purifier","player_choice":"One Purge","floor":46,"damage_taken":0},{"event_name":"Tomb of Lord Red Mask","player_choice":"Paid","floor":48,"damage_taken":0}],"is_beta":false,"boss_relics":[{"not_picked":["Orrery","Empty Cage"],"picked":"Philosopher\u0027s Stone"},{"not_picked":["Black Star","Velvet Choker"],"picked":"Nuclear Battery"}],"items_purged_floors":[2,19,22,36,44],"is_endless":false,"potions_floor_spawned":[4,7,10,11,16,21,24,28,35,45],"killed_by":"Awakened One","ascension_level":1}