{"gold_per_floor":[112,125,50,125,140,140,169,189,189,214,214,239,204,104,104,207,207,177,177],"floor_reached":19,"playtime":2961,"items_purged":["Defend_G","Defend_G"],"score":219,"play_id":"2ab2efc7-9587-4fd6-8d11-53b514cfe24d","local_time":"20190130222239","is_ascension_mode":true,"campfire_choices":[{"data":"Survivor","floor":6.0,"key":"SMITH"},{"floor":11,"key":"REST"},{"floor":15,"key":"REST"}],"neow_cost":"NONE","seed_source_timestamp":0,"circlet_count":0,"master_deck":["Defend_G","Defend_G","Defend_G","Strike_G","Strike_G","Strike_G","Strike_G","Strike_G","Survivor+1","Neutralize+1","Acrobatics","Cloak And Dagger","Backflip","Deflect","Blur","Malaise","Shame","Clumsy","Parasite","Noxious Fumes","Slice+1"],"special_seed":0,"relics":["Ring of the Snake","Kunai","Shuriken","Darkstone Periapt","StoneCalendar","Calling Bell","Bronze Scales","Molten Egg 2","Prayer Wheel"],"potions_floor_usage":[16,19,19],"damage_taken":[{"damage":0.0,"enemies":"Small Slimes","floor":1.0,"turns":3.0},{"damage":0.0,"enemies":"Jaw Worm","floor":2.0,"turns":4.0},{"damage":0.0,"enemies":"Cultist","floor":5.0,"turns":4.0},{"damage":26.0,"enemies":"Lagavulin","floor":7.0,"turns":12.0},{"damage":2,"enemies":"3 Louse","floor":8,"turns":5},{"damage":18,"enemies":"Gremlin Nob","floor":10,"turns":5},{"damage":8,"enemies":"Lagavulin","floor":12,"turns":7},{"damage":14,"enemies":"The Guardian","floor":16,"turns":12},{"damage":23,"enemies":"2 Thieves","floor":18,"turns":5},{"damage":22,"enemies":"Colosseum Slavers","floor":19,"turns":7},{"damage":55,"enemies":"Colosseum Nobs","floor":19,"turns":6}],"seed_played":"-8253862855851997239","potions_obtained":[{"floor":5.0,"key":"Block Potion"},{"floor":7,"key":"Weak Potion"},{"floor":8,"key":"Fire Potion"},{"floor":12,"key":"Ancient Potion"},{"floor":18,"key":"Ancient Potion"}],"is_trial":false,"path_per_floor":["M","M","$","?","M","R","E","M","T","E","R","E","?","$","R","B",null,"M","?"],"character_chosen":"THE_SILENT","items_purchased":[],"campfire_rested":2,"item_purchase_floors":[],"current_hp_per_floor":[70,70,70,59,59,59,33,31,31,13,34,26,43,43,64,50,88,65,0],"gold":177,"neow_bonus":"UPGRADE_CARD","is_prod":false,"is_daily":false,"chose_seed":false,"campfire_upgraded":1,"win_rate":0,"timestamp":1548886959,"path_taken":["M","M","$","?","M","R","E","M","T","E","R","E","?","?","R","BOSS","M","?"],"build_version":"2019-01-23","purchased_purges":2,"victory":false,"max_hp_per_floor":[70,70,70,70,70,70,70,70,70,70,70,70,70,70,70,70,88,88,88],"card_choices":[{"not_picked":["Deflect","Poisoned Stab"],"picked":"Acrobatics","floor":1.0},{"not_picked":["Infinite Blades","Deflect"],"picked":"Cloak And Dagger","floor":2.0},{"not_picked":["Outmaneuver","Cloak And Dagger","Dash"],"picked":"SKIP","floor":5.0},{"not_picked":["Reflex","Crippling Poison"],"picked":"Backflip","floor":7},{"not_picked":["Quick Slash","Backflip"],"picked":"Deflect","floor":8},{"not_picked":["Blade Dance","Finisher","Deflect"],"picked":"SKIP","floor":10},{"not_picked":["Escape Plan","Backflip"],"picked":"Blur","floor":12},{"not_picked":["Night Terror","Phantasmal Killer"],"picked":"Malaise","floor":16},{"not_picked":["Eviscerate+1","Endless Agony+1"],"picked":"Noxious Fumes","floor":18},{"not_picked":["Outmaneuver","Deflect"],"picked":"Slice+1","floor":18}],"player_experience":475444,"relics_obtained":[{"floor":7,"key":"Kunai"},{"floor":9,"key":"Shuriken"},{"floor":10,"key":"Darkstone Periapt"},{"floor":12,"key":"StoneCalendar"},{"floor":17,"key":"Bronze Scales"},{"floor":17,"key":"Molten Egg 2"},{"floor":17,"key":"Prayer Wheel"}],"event_choices":[{"damage_healed":0.0,"max_hp_gain":0.0,"max_hp_loss":0.0,"gold_gain":75.0,"event_name":"World of Goop","player_choice":"Gather Gold","floor":4.0,"gold_loss":0.0,"damage_taken":11.0},{"damage_healed":17,"gold_gain":0,"player_choice":"Healed","damage_taken":0,"max_hp_gain":0,"max_hp_loss":0,"event_name":"The Cleric","floor":13,"gold_loss":35},{"damage_healed":0,"gold_gain":0,"player_choice":"Fight","damage_taken":0,"max_hp_gain":0,"max_hp_loss":0,"event_name":"Colosseum","floor":19,"gold_loss":0},{"damage_healed":0,"gold_gain":0,"player_choice":"Fought Nobs","damage_taken":0,"max_hp_gain":0,"max_hp_loss":0,"event_name":"Colosseum","floor":19,"gold_loss":0}],"is_beta":false,"boss_relics":[{"not_picked":["Coffee Dripper","Black Star"],"picked":"Calling Bell"}],"items_purged_floors":[3,14],"is_endless":false,"potions_floor_spawned":[5,7,8,12,18,19],"killed_by":"Colosseum Nobs","ascension_level":1}