{"gold_per_floor":[13,33,50,50,50,79,79,90,90,90,102,102,133,144,144,221,221,233,251,266,44,44,44,74,85,137,137,237,162,212,52,52,124,124,137,137,150,150,163,163,190,190],"floor_reached":42,"playtime":1950,"items_purged":["Strike_B"],"score":912,"play_id":"c2211ca1-db99-41bb-b78d-c3d4efe692ee","local_time":"20190107234647","is_ascension_mode":true,"campfire_choices":[{"data":"Chill","floor":7.0,"key":"SMITH"},{"data":"Zap","floor":10.0,"key":"SMITH"},{"data":"Ball Lightning","floor":12.0,"key":"SMITH"},{"data":"Beam Cell","floor":15.0,"key":"SMITH"},{"floor":23.0,"key":"REST"},{"floor":27.0,"key":"REST"},{"floor":32.0,"key":"REST"},{"floor":40.0,"key":"REST"}],"neow_cost":"NO_GOLD","seed_source_timestamp":19475168705662,"circlet_count":0,"master_deck":["AscendersBane","Strike_B","Strike_B","Defend_B","Defend_B","Zap+1","Dualcast","Rebound+1","Genetic Algorithm","Ball Lightning+1","Chill+1","Barrage","Beam Cell+1","Electrodynamics","Reinforced Body","Go for the Eyes","Tempest","Echo Form+1","Double Energy","Creative AI+1","Conserve Battery","Master of Strategy"],"special_seed":0,"relics":["Cracked Core","Singing Bowl","Kunai","Pantograph","Fusion Hammer","ClockworkSouvenir","MutagenicStrength","Bottled Lightning","Lantern","Girya","Frozen Egg 2","Philosopher\u0027s Stone","Bag of Preparation"],"potions_floor_usage":[],"damage_taken":[{"damage":4.0,"enemies":"2 Louse","floor":1.0,"turns":2.0},{"damage":2.0,"enemies":"Jaw Worm","floor":2.0,"turns":3.0},{"damage":1.0,"enemies":"Cultist","floor":3.0,"turns":3.0},{"damage":9.0,"enemies":"3 Sentries","floor":6.0,"turns":8.0},{"damage":0.0,"enemies":"3 Louse","floor":8.0,"turns":3.0},{"damage":3.0,"enemies":"2 Fungi Beasts","floor":11.0,"turns":4.0},{"damage":14.0,"enemies":"Lagavulin","floor":13.0,"turns":5.0},{"damage":0.0,"enemies":"Exordium Thugs","floor":14.0,"turns":3.0},{"damage":35.0,"enemies":"The Guardian","floor":16.0,"turns":7.0},{"damage":0.0,"enemies":"2 Thieves","floor":18.0,"turns":3.0},{"damage":0.0,"enemies":"Spheric Guardian","floor":19.0,"turns":3.0},{"damage":14.0,"enemies":"Snake Plant","floor":20.0,"turns":4.0},{"damage":30.0,"enemies":"Slavers","floor":24.0,"turns":5.0},{"damage":0.0,"enemies":"Centurion and Healer","floor":25.0,"turns":6.0},{"damage":0.0,"enemies":"Colosseum Slavers","floor":28.0,"turns":3.0},{"damage":49.0,"enemies":"Colosseum Nobs","floor":28.0,"turns":5.0},{"damage":54.0,"enemies":"Collector","floor":33.0,"turns":10.0},{"damage":6.0,"enemies":"Orb Walker","floor":35.0,"turns":3.0},{"damage":0.0,"enemies":"3 Shapes","floor":37.0,"turns":3.0},{"damage":44.0,"enemies":"Spire Growth","floor":39.0,"turns":6.0},{"damage":23.0,"enemies":"Reptomancer","floor":41.0,"turns":6.0},{"damage":0,"enemies":"Maw","floor":42,"turns":4}],"seed_played":"2503968840169860937","potions_obtained":[{"floor":3.0,"key":"Dexterity Potion"},{"floor":11.0,"key":"Block Potion"},{"floor":13.0,"key":"SpeedPotion"},{"floor":14.0,"key":"SpeedPotion"},{"floor":16.0,"key":"Swift Potion"},{"floor":19.0,"key":"Explosive Potion"},{"floor":20.0,"key":"Dexterity Potion"},{"floor":24.0,"key":"FearPotion"},{"floor":28.0,"key":"SpeedPotion"},{"floor":35.0,"key":"Dexterity Potion"},{"floor":41.0,"key":"LiquidBronze"}],"is_trial":false,"path_per_floor":["M","M","M","?","?","E","R","M","T","R","M","R","E","M","R","B",null,"M","M","M","$","?","R","E","M","T","R","?","?","?","$","R","B",null,"M","?","M","?","M","R","E","M"],"character_chosen":"DEFECT","items_purchased":["ClockworkSouvenir","Double Energy"],"campfire_rested":4,"item_purchase_floors":[21,31],"current_hp_per_floor":[60,58,57,57,57,50,50,52,52,52,51,51,37,37,37,27,65,65,67,53,53,53,76,48,48,48,72,23,23,23,23,47,18,65,59,56,58,58,16,42,21,21],"gold":190,"neow_bonus":"REMOVE_TWO","is_prod":false,"is_daily":false,"chose_seed":false,"campfire_upgraded":4,"win_rate":0,"timestamp":1546922807,"path_taken":["M","M","M","?","?","E","R","M","T","R","M","R","E","?","R","BOSS","M","M","M","$","?","R","E","M","T","R","?","?","?","$","R","BOSS","M","?","M","?","M","R","E","M"],"build_version":"2019-01-03v4","purchased_purges":1,"victory":false,"max_hp_per_floor":[71,71,71,71,71,73,73,75,75,75,77,77,77,77,77,77,77,77,79,79,79,79,79,81,81,81,81,81,81,81,81,81,81,81,81,83,85,85,87,87,89,89],"card_choices":[{"not_picked":["Hologram","Self Repair"],"picked":"Rebound","floor":1.0},{"not_picked":["Hologram","Leap"],"picked":"Genetic Algorithm","floor":2.0},{"not_picked":["Fusion","Chaos"],"picked":"Ball Lightning","floor":3.0},{"not_picked":["Beam Cell","Self Repair","Rebound"],"picked":"Singing Bowl","floor":6.0},{"not_picked":["Streamline","Genetic Algorithm","Ball Lightning"],"picked":"Singing Bowl","floor":8.0},{"not_picked":["Self Repair","Hologram","Hyperbeam"],"picked":"Singing Bowl","floor":11.0},{"not_picked":["Rebound","Hologram"],"picked":"Barrage","floor":13.0},{"not_picked":["Conserve Battery","Gash"],"picked":"Beam Cell","floor":14.0},{"not_picked":["Rainbow","Thunder Strike"],"picked":"Electrodynamics","floor":16.0},{"not_picked":["Static Discharge","Recycle"],"picked":"Reinforced Body","floor":18.0},{"not_picked":["Loop","Hologram","Storm"],"picked":"Singing Bowl","floor":19.0},{"not_picked":["Turbo","Gash"],"picked":"Go for the Eyes","floor":20.0},{"not_picked":["Scrape+1","Compile Driver","Leap"],"picked":"Singing Bowl","floor":24.0},{"not_picked":["Beam Cell","Blizzard"],"picked":"Tempest","floor":25.0},{"not_picked":["Beam Cell","Defragment"],"picked":"Echo Form","floor":28.0},{"not_picked":["Multi-Cast","Rainbow"],"picked":"Creative AI+1","floor":33.0},{"not_picked":["Go for the Eyes+1","Beam Cell"],"picked":"Conserve Battery","floor":35.0},{"not_picked":["Secret Technique","Forethought"],"picked":"Master of Strategy","floor":36.0},{"not_picked":["Madness","Trip","Purity"],"picked":"Singing Bowl","floor":36.0},{"not_picked":["Tempest+1","Compile Driver","Static Discharge+1"],"picked":"Singing Bowl","floor":37.0},{"not_picked":["Rebound+1","Conserve Battery","Gash"],"picked":"Singing Bowl","floor":39.0},{"not_picked":["Leap","Melter","Aggregate"],"picked":"Singing Bowl","floor":41.0}],"player_experience":1002648,"relics_obtained":[{"floor":6.0,"key":"Singing Bowl"},{"floor":9.0,"key":"Kunai"},{"floor":13.0,"key":"Pantograph"},{"floor":24.0,"key":"Bottled Lightning"},{"floor":26.0,"key":"Lantern"},{"floor":28.0,"key":"Girya"},{"floor":28.0,"key":"Frozen Egg 2"},{"floor":41.0,"key":"Bag of Preparation"}],"event_choices":[{"damage_healed":0.0,"max_hp_gain":0.0,"max_hp_loss":0.0,"gold_gain":0.0,"event_name":"Living Wall","player_choice":"Grow","floor":4.0,"gold_loss":0.0,"damage_taken":0.0,"cards_upgraded":["Rebound"]},{"damage_healed":0.0,"max_hp_gain":0.0,"max_hp_loss":0.0,"gold_gain":0.0,"event_name":"Match and Keep!","player_choice":"1 cards matched","floor":5.0,"gold_loss":0.0,"damage_taken":0.0,"cards_obtained":["Chill"]},{"damage_healed":0.0,"max_hp_gain":0.0,"max_hp_loss":0.0,"gold_gain":0.0,"event_name":"Drug Dealer","player_choice":"Inject Mutagens","floor":22.0,"gold_loss":0.0,"damage_taken":0.0,"relics_obtained":["MutagenicStrength"]},{"damage_healed":0.0,"max_hp_gain":0.0,"max_hp_loss":0.0,"gold_gain":0.0,"event_name":"Colosseum","player_choice":"Fight","floor":28.0,"gold_loss":0.0,"damage_taken":0.0},{"damage_healed":0.0,"max_hp_gain":0.0,"max_hp_loss":0.0,"gold_gain":0.0,"event_name":"Colosseum","player_choice":"Fought Nobs","floor":28.0,"gold_loss":0.0,"damage_taken":0.0},{"cards_removed":["Defend_B"],"damage_healed":0.0,"max_hp_gain":0.0,"max_hp_loss":0.0,"gold_gain":0.0,"event_name":"Beggar","player_choice":"Gave Gold","floor":29.0,"gold_loss":75.0,"damage_taken":0.0},{"damage_healed":0.0,"max_hp_gain":0.0,"max_hp_loss":0.0,"gold_gain":100.0,"event_name":"The Joust","player_choice":"Bet on Murderer","floor":30.0,"gold_loss":50.0,"damage_taken":0.0},{"damage_healed":0.0,"max_hp_gain":0.0,"max_hp_loss":0.0,"gold_gain":0.0,"event_name":"SensoryStone","player_choice":"Memory 2","floor":36.0,"gold_loss":0.0,"damage_taken":5.0},{"damage_healed":0.0,"max_hp_gain":0.0,"max_hp_loss":0.0,"gold_gain":0.0,"event_name":"Tomb of Lord Red Mask","player_choice":"Ignored","floor":38.0,"gold_loss":0.0,"damage_taken":0.0}],"is_beta":false,"boss_relics":[{"not_picked":["White Beast Statue","Nuclear Battery"],"picked":"Fusion Hammer"},{"not_picked":["Calling Bell","Coffee Dripper"],"picked":"Philosopher\u0027s Stone"}],"items_purged_floors":[31],"is_endless":false,"potions_floor_spawned":[3,11,13,14,16,19,20,24,25,28,35,41],"killed_by":"Maw","ascension_level":20}