{"path_per_floor":["M","?","?","$","M","E","R","M","T","$","M","M","R","$","R","B",null,"M","$","M","?","M","R","?","R","T","M","?"],"character_chosen":"IRONCLAD","items_purchased":["Shrug It Off","Shrug It Off","Inflame","Whirlwind"],"gold_per_floor":[114,114,114,87,98,129,129,146,171,71,86,100,100,65,65,161,161,173,97,107,32,46,46,46,46,46,63,63],"floor_reached":29,"campfire_rested":0,"playtime":2412,"current_hp_per_floor":[80,80,62,62,71,54,54,57,64,64,66,75,75,75,75,60,87,62,62,46,46,40,40,40,40,40,27,27],"items_purged":["Strike_R"],"gold":63,"play_id":"77c3a17c-17a5-40c6-9145-7791eec3799b","is_prod":false,"is_daily":false,"is_ascension_mode":false,"campfire_upgraded":5,"path_taken":["M","?","?","$","M","E","R","M","T","$","M","M","R","?","R","BOSS","M","$","M","?","M","R","?","R","T","M","?","E"],"build_version":"2018-01-25-PROD3","purchased_purges":2,"victory":false,"master_deck":["Strike_R","Strike_R","Strike_R","Defend_R","Defend_R","Bash","Flex+1","Shrug It Off+1","Blood for Blood","Juggernaut+1","Pummel+1","Shrug It Off","Cleave","Seeing Red","Inflame+1","Double Tap","Battle Trance","Whirlwind","Rampage+1","Iron Wave+1","Seeing Red+1"],"max_hp_per_floor":[80,80,80,80,80,80,80,80,87,87,87,87,87,87,87,87,87,87,87,87,87,87,87,87,87,87,87,87],"relics":["Burning Blood","Magic Flower","Pantograph","Strawberry","Velvet Choker","Champion Belt"],"card_choices":[{"not_picked":["Rage","Feel No Pain"],"picked":"Flex"},{"not_picked":["Disarm","Thunderclap"],"picked":"Blood for Blood"},{"not_picked":["Reckless Charge","Dark Embrace"],"picked":"Juggernaut"},{"not_picked":["Shrug It Off","Twin Strike"],"picked":"Pummel"},{"not_picked":["Anger","Warcry"],"picked":"Cleave"},{"not_picked":["Twin Strike","Flex"],"picked":"Seeing Red"},{"not_picked":["Impervious","Bludgeon"],"picked":"Double Tap"},{"not_picked":["Bloodletting","Searing Blow"],"picked":"Battle Trance"},{"not_picked":["Shrug It Off","Perfected Strike"],"picked":"Rampage"},{"not_picked":["Clash","Rampage"],"picked":"Iron Wave"},{"not_picked":["Combust","Clothesline"],"picked":"Seeing Red"}],"player_experience":3894,"potions_floor_usage":[6,16,29,29,29],"damage_taken":[{"damage":2,"enemies":"2 Louse","floor":1,"turns":4},{"damage":0,"enemies":"Small Slimes","floor":5,"turns":3},{"damage":26,"enemies":"Lagavulin","floor":6,"turns":5},{"damage":6,"enemies":"Cultist","floor":8,"turns":4},{"damage":7,"enemies":"3 Louse","floor":11,"turns":4},{"damage":0,"enemies":"Large Slime","floor":12,"turns":7},{"damage":36,"enemies":"Slime Boss","floor":16,"turns":10},{"damage":34,"enemies":"Chosen","floor":18,"turns":5},{"damage":25,"enemies":"2 Thieves","floor":20,"turns":3},{"damage":15,"enemies":"Snake Plant","floor":22,"turns":5},{"damage":22,"enemies":"Centurion and Healer","floor":27,"turns":3},{"damage":28,"enemies":"Gremlin Leader","floor":29,"turns":4}],"event_choices":[{"event_name":"Living Wall","player_choice":"Forget","floor":2,"damage_taken":0},{"event_name":"Scrap Ooze","player_choice":"success","floor":3,"damage_taken":18},{"event_name":"Beggar","player_choice":"Gave Gold","floor":21,"damage_taken":0},{"event_name":"Upgrade Shrine","player_choice":"Upgraded","floor":24,"damage_taken":0},{"event_name":"Back to Basics","player_choice":"Elegance","floor":28,"damage_taken":0}],"boss_relics":[{"not_picked":["Runic Cube","Question Card"],"picked":"Velvet Choker"}],"potions_floor_spawned":[1,8,11,12,18,22],"seed_played":"8686007542020126069","killed_by":"Gremlin Leader","ascension_level":0,"is_trial":false}