{"gold_per_floor":[112,112,124,144,104,104,132,152,199,6,33,33,33,47,47,147,147,158,158,258,273,188,213,213,240,240,240,11,11,21,48,48,143,143,162,172,172,86,103,103],"floor_reached":40,"playtime":2383,"items_purged":[],"score":655,"play_id":"c88c0ac0-a3ce-4884-bfbe-9d48629e67ed","local_time":"20190215074905","is_ascension_mode":true,"campfire_choices":[{"data":"Fission","floor":6.0,"key":"SMITH"},{"data":"Chrysalis","floor":13.0,"key":"SMITH"},{"floor":15.0,"key":"REST"},{"data":"Defragment","floor":24,"key":"SMITH"},{"data":"Hologram","floor":27,"key":"SMITH"},{"data":"Chill","floor":29,"key":"SMITH"},{"floor":32,"key":"REST"}],"neow_cost":"TEN_PERCENT_HP_LOSS","seed_source_timestamp":0,"circlet_count":0,"master_deck":["Defend_B","Defend_B","Defend_B","Defend_B","Zap","Dualcast","Gash","Fission+1","Coolheaded","Electrodynamics","Compile Driver","Defragment+1","Gash+1","Conserve Battery","Chill+1","Chrysalis+1","Cold Snap+1","Conserve Battery","Thunder Strike","Hologram+1","Steam+1","Redo+1","Leap","Self Repair","Beam Cell+1","Leap+1","Reboot","Hologram+1","Glacier","Loop","Turbo","Ball Lightning+1"],"special_seed":0,"relics":["Cracked Core","Pear","Bag of Marbles","Blood Vial","Nuclear Battery","Question Card","WingedGreaves","Whetstone","Mercury Hourglass","Vajra","Bronze Scales","Fusion Hammer"],"potions_floor_usage":[19,21,23,31,40],"damage_taken":[{"damage":4.0,"enemies":"Small Slimes","floor":1.0,"turns":4.0},{"damage":0.0,"enemies":"Cultist","floor":3.0,"turns":3.0},{"damage":1.0,"enemies":"2 Louse","floor":4.0,"turns":4.0},{"damage":12.0,"enemies":"Lagavulin","floor":7.0,"turns":5.0},{"damage":5.0,"enemies":"Gremlin Gang","floor":8.0,"turns":3.0},{"damage":20.0,"enemies":"Gremlin Nob","floor":11.0,"turns":6.0},{"damage":7.0,"enemies":"Blue Slaver","floor":14.0,"turns":3.0},{"damage":27.0,"enemies":"Hexaghost","floor":16.0,"turns":11.0},{"damage":2,"enemies":"2 Thieves","floor":18,"turns":3},{"damage":0,"enemies":"Colosseum Slavers","floor":19,"turns":6},{"damage":8,"enemies":"Chosen","floor":21,"turns":3},{"damage":18,"enemies":"Slavers","floor":23,"turns":4},{"damage":6,"enemies":"Gremlin Leader","floor":25,"turns":7},{"damage":7,"enemies":"Snake Plant","floor":30,"turns":4},{"damage":16,"enemies":"Slavers","floor":31,"turns":6},{"damage":54,"enemies":"Champ","floor":33,"turns":11},{"damage":0,"enemies":"Orb Walker","floor":35,"turns":3},{"damage":0,"enemies":"3 Darklings","floor":36,"turns":3},{"damage":33,"enemies":"Jaw Worm Horde","floor":39,"turns":7},{"damage":55,"enemies":"Reptomancer","floor":40,"turns":4}],"seed_played":"-5603491381274811618","potions_obtained":[{"floor":5.0,"key":"PowerPotion"},{"floor":5.0,"key":"SmokeBomb"},{"floor":5.0,"key":"SkillPotion"},{"floor":7.0,"key":"LiquidBronze"},{"floor":14.0,"key":"EntropicBrew"},{"floor":30,"key":"PowerPotion"},{"floor":39,"key":"Block Potion"}],"is_trial":false,"path_per_floor":["M","?","M","M","?","R","E","M","T","$","E","?","R","M","R","B",null,"M","?","?","M","?","E","R","E","T","R","$","R","M","E","R","B",null,"M","M","?","$","M","E"],"character_chosen":"DEFECT","items_purchased":["Chrysalis","Vajra","Self Repair","Loop","Turbo"],"campfire_rested":2,"item_purchase_floors":[10,28,28,38,38],"current_hp_per_floor":[64,64,64,63,63,63,61,56,56,56,36,29,29,24,47,22,64,64,66,66,60,60,44,44,40,40,40,40,40,42,35,58,13,62,64,66,66,66,42,0],"gold":103,"neow_bonus":"TRANSFORM_TWO_CARDS","is_prod":false,"is_daily":false,"chose_seed":false,"campfire_upgraded":5,"win_rate":0,"timestamp":1550234945,"path_taken":["M","?","?","M","?","R","E","?","T","$","E","?","R","M","R","BOSS","M","?","?","?","?","E","R","E","T","R","$","R","M","E","R","BOSS","M","M","?","$","?","E"],"build_version":"2019-01-23","purchased_purges":0,"victory":false,"max_hp_per_floor":[68,68,68,68,68,68,78,78,78,78,78,78,78,78,78,78,78,78,78,78,78,78,78,78,78,78,78,78,78,78,78,78,78,78,78,78,78,78,78,78],"card_choices":[{"not_picked":["Hologram","Barrage"],"picked":"Coolheaded","floor":1.0},{"not_picked":["Rebound","Redo"],"picked":"Defragment","floor":3.0},{"not_picked":["Turbo","Melter"],"picked":"Gash","floor":4.0},{"not_picked":["Amplify","Electrodynamics"],"picked":"Conserve Battery","floor":7.0},{"not_picked":["Turbo","Stack"],"picked":"Chill","floor":8.0},{"not_picked":["Leap","Reprogram"],"picked":"Cold Snap","floor":11.0},{"not_picked":["Coolheaded","Leap"],"picked":"Conserve Battery","floor":14.0},{"not_picked":["Seek","Machine Learning"],"picked":"Thunder Strike","floor":16.0},{"not_picked":["Compile Driver","Blizzard"],"picked":"Hologram","floor":18},{"not_picked":["Compile Driver","Chaos"],"picked":"Steam+1","floor":21},{"not_picked":["Turbo","Rebound","Go for the Eyes"],"picked":"Redo+1","floor":23},{"not_picked":["Genetic Algorithm","Hyperbeam","Redo"],"picked":"Leap","floor":25},{"not_picked":["Chaos","Leap","Sweeping Beam"],"picked":"Beam Cell+1","floor":30},{"not_picked":["Rip and Tear+1","Streamline","Tempest"],"picked":"Leap+1","floor":31},{"not_picked":["Thunder Strike","Rainbow","Seek"],"picked":"Reboot","floor":33},{"not_picked":["Conserve Battery","Cold Snap","Rebound"],"picked":"Hologram+1","floor":35},{"not_picked":["Darkness","Redo","Scrape"],"picked":"Glacier","floor":36},{"not_picked":["Compile Driver+1","Steam+1","Sweeping Beam"],"picked":"Ball Lightning+1","floor":39}],"player_experience":289961,"relics_obtained":[{"floor":7.0,"key":"Pear"},{"floor":9.0,"key":"Bag of Marbles"},{"floor":11.0,"key":"Blood Vial"},{"floor":23,"key":"WingedGreaves"},{"floor":25,"key":"Whetstone"},{"floor":26,"key":"Mercury Hourglass"},{"floor":31,"key":"Bronze Scales"}],"event_choices":[{"damage_healed":0.0,"max_hp_gain":0.0,"max_hp_loss":0.0,"gold_gain":0.0,"event_name":"Match and Keep!","player_choice":"2 cards matched","floor":2.0,"gold_loss":0.0,"damage_taken":0.0,"cards_obtained":["Electrodynamics","Compile Driver"]},{"damage_healed":0.0,"max_hp_gain":0.0,"max_hp_loss":0.0,"gold_gain":0.0,"event_name":"The Woman in Blue","player_choice":"Bought 3 Potions","floor":5.0,"gold_loss":0.0,"damage_taken":0.0},{"cards_removed":["Strike_B"],"damage_healed":0.0,"max_hp_gain":0.0,"max_hp_loss":0.0,"gold_gain":0.0,"event_name":"Golden Wing","player_choice":"Card Removal","floor":12.0,"gold_loss":0.0,"damage_taken":7.0},{"damage_healed":0,"gold_gain":0,"player_choice":"Fight","damage_taken":0,"max_hp_gain":0,"max_hp_loss":0,"event_name":"Colosseum","floor":19,"gold_loss":0},{"damage_healed":0,"gold_gain":0,"player_choice":"Fled From Nobs","damage_taken":0,"max_hp_gain":0,"max_hp_loss":0,"event_name":"Colosseum","floor":19,"gold_loss":0},{"damage_healed":0,"gold_gain":100,"player_choice":"Pray","damage_taken":0,"max_hp_gain":0,"max_hp_loss":0,"event_name":"Golden Shrine","floor":20,"gold_loss":0},{"damage_healed":0,"gold_gain":0,"player_choice":"Obtained Relic","damage_taken":0,"relics_obtained":["Question Card"],"max_hp_gain":0,"max_hp_loss":0,"event_name":"Addict","floor":22,"gold_loss":85},{"cards_removed":["Strike_B"],"damage_healed":0,"gold_gain":0,"player_choice":"Purged","damage_taken":0,"max_hp_gain":0,"max_hp_loss":0,"event_name":"Purifier","floor":37,"gold_loss":0}],"is_beta":false,"boss_relics":[{"not_picked":["Runic Pyramid","Tiny House"],"picked":"Nuclear Battery"},{"not_picked":["Velvet Choker","White Beast Statue"],"picked":"Fusion Hammer"}],"items_purged_floors":[],"is_endless":false,"potions_floor_spawned":[7,14,16,18,30,39],"killed_by":"Reptomancer","ascension_level":9}