{"gold_per_floor":[109,109,126,139,150,183,198,198,198,214,230,230,259,277,277,379,429,445,87,98,109,121,150,164,164,164,191,207,207,57,84,84,184,184,197,211,211,111,122,157,176,194,220,95,95,123,123,136,136,136,136,136,85,119,119],"floor_reached":55,"playtime":3564,"items_purged":["Defend_R","Regret","Decay"],"score":985,"play_id":"fb0990ec-edaf-4275-a325-fddfe59a9bb6","local_time":"20181118140449","is_ascension_mode":false,"campfire_choices":[{"data":"Uppercut","floor":8.0,"key":"SMITH"},{"data":"True Grit","floor":15.0,"key":"SMITH"},{"data":"Perfected Strike","floor":25.0,"key":"SMITH"},{"data":"Pommel Strike","floor":29.0,"key":"SMITH"},{"floor":32.0,"key":"REST"},{"data":"Perfected Strike","floor":45.0,"key":"SMITH"},{"data":"Perfected Strike","floor":47.0,"key":"SMITH"},{"floor":49.0,"key":"RECALL"},{"data":"Perfected Strike","floor":52.0,"key":"SMITH"}],"neow_cost":"NONE","seed_source_timestamp":330314622145280,"circlet_count":0,"master_deck":["Strike_R","Strike_R","Strike_R+1","Strike_R","Strike_R","Defend_R","Defend_R","Defend_R","Bash","Cleave","Trip","Perfected Strike+1","Demon Form","Wild Strike","Uppercut+1","True Grit+1","Perfected Strike+1","Bloodletting","Offering","Perfected Strike+1","Wild Strike","Evolve","Armaments+1","Perfected Strike+1","Infernal Blade+1","Battle Trance","Shrug It Off+1","Twin Strike","Pommel Strike+1","Feed","Shame","Perfected Strike+1","Seeing Red+1","Metallicize+1","Perfected Strike+1","Pommel Strike","Pommel Strike+1","Pommel Strike"],"special_seed":0,"relics":["Burning Blood","Blood Vial","Darkstone Periapt","Mercury Hourglass","Strawberry","Gambling Chip","Tiny House","Sling","Matryoshka","Bottled Tornado","Meat on the Bone","Turnip","Happy Flower","Kunai","Calling Bell","Bag of Marbles","Shuriken","Pocketwatch","Prayer Wheel","Anchor","Gremlin Horn","Potion Belt"],"potions_floor_usage":[55,55],"damage_taken":[{"damage":3.0,"enemies":"Small Slimes","floor":1.0,"turns":4.0},{"damage":0.0,"enemies":"Cultist","floor":3.0,"turns":2.0},{"damage":6.0,"enemies":"Jaw Worm","floor":4.0,"turns":2.0},{"damage":8.0,"enemies":"Gremlin Gang","floor":5.0,"turns":4.0},{"damage":39.0,"enemies":"3 Sentries","floor":6.0,"turns":7.0},{"damage":1.0,"enemies":"3 Louse","floor":7.0,"turns":3.0},{"damage":8.0,"enemies":"Lots of Slimes","floor":10.0,"turns":2.0},{"damage":2.0,"enemies":"Gremlin Gang","floor":11.0,"turns":3.0},{"damage":10.0,"enemies":"Gremlin Nob","floor":13.0,"turns":3.0},{"damage":6.0,"enemies":"Blue Slaver","floor":14.0,"turns":3.0},{"damage":33.0,"enemies":"Hexaghost","floor":16.0,"turns":7.0},{"damage":8.0,"enemies":"Spheric Guardian","floor":18.0,"turns":3.0},{"damage":12.0,"enemies":"Chosen","floor":20.0,"turns":2.0},{"damage":11.0,"enemies":"3 Cultists","floor":21.0,"turns":4.0},{"damage":12.0,"enemies":"Snecko","floor":22.0,"turns":4.0},{"damage":37.0,"enemies":"Gremlin Leader","floor":23.0,"turns":5.0},{"damage":9.0,"enemies":"Cultist and Chosen","floor":24.0,"turns":4.0},{"damage":24.0,"enemies":"Book of Stabbing","floor":27.0,"turns":3.0},{"damage":13.0,"enemies":"Shelled Parasite and Fungi","floor":28.0,"turns":3.0},{"damage":45.0,"enemies":"Slavers","floor":31.0,"turns":4.0},{"damage":39.0,"enemies":"Collector","floor":33.0,"turns":9.0},{"damage":33.0,"enemies":"3 Darklings","floor":35.0,"turns":6.0},{"damage":8.0,"enemies":"3 Shapes","floor":36.0,"turns":3.0},{"damage":11.0,"enemies":"Transient","floor":39.0,"turns":5.0},{"damage":9.0,"enemies":"Reptomancer","floor":40.0,"turns":3.0},{"damage":7.0,"enemies":"3 Darklings","floor":41.0,"turns":5.0},{"damage":11.0,"enemies":"4 Shapes","floor":42.0,"turns":4.0},{"damage":9.0,"enemies":"Giant Head","floor":46.0,"turns":5.0},{"damage":0.0,"enemies":"Jaw Worm Horde","floor":48.0,"turns":2.0},{"damage":82.0,"enemies":"Awakened One","floor":50.0,"turns":14.0},{"damage":39.0,"enemies":"Shield and Spear","floor":54.0,"turns":3.0},{"damage":62,"enemies":"The Heart","floor":55,"turns":5}],"seed_played":"-8954614382334314569","potions_obtained":[{"floor":6.0,"key":"Fire Potion"},{"floor":10.0,"key":"Block Potion"},{"floor":11.0,"key":"Ancient Potion"},{"floor":13.0,"key":"SmokeBomb"},{"floor":14.0,"key":"Weak Potion"},{"floor":17.0,"key":"Block Potion"},{"floor":21.0,"key":"FearPotion"},{"floor":23.0,"key":"Swift Potion"},{"floor":28.0,"key":"AttackPotion"},{"floor":36.0,"key":"Ancient Potion"},{"floor":39.0,"key":"FearPotion"},{"floor":40.0,"key":"Block Potion"},{"floor":41.0,"key":"Swift Potion"},{"floor":54.0,"key":"SkillPotion"}],"is_trial":false,"path_per_floor":["M","?","M","M","M","E","M","R","T","M","M","?","E","M","R","B",null,"M","$","M","M","M","E","M","R","T","E","M","R","$","E","R","B",null,"M","M","?","$","M","E","M","M","T","$","R","E","R","M","R","B",null,"R","$","E","B"],"character_chosen":"IRONCLAD","items_purchased":["Sling","Evolve","Happy Flower","Weak Potion"],"campfire_rested":1,"item_purchase_floors":[19,19,30,53],"current_hp_per_floor":[80,80,80,80,78,47,54,54,54,54,60,67,65,67,67,42,92,90,90,86,83,79,50,49,49,49,45,52,52,52,27,54,35,110,83,83,110,110,105,104,105,105,105,105,105,104,104,115,115,52,116,116,116,83,23],"gold":119,"neow_bonus":"RANDOM_COMMON_RELIC","is_prod":false,"is_daily":false,"chose_seed":false,"campfire_upgraded":7,"win_rate":0,"timestamp":1542567889,"path_taken":["M","?","M","M","M","E","M","R","T","M","?","?","E","M","R","BOSS","M","$","M","M","M","E","M","R","T","E","M","R","$","E","R","BOSS","M","?","?","$","M","E","?","?","T","$","R","E","R","M","R","BOSS","R","$","E","BOSS"],"build_version":"2018-11-15","purchased_purges":3,"victory":false,"max_hp_per_floor":[80,80,80,80,80,80,80,80,80,80,80,87,87,87,87,87,92,92,92,92,92,92,92,92,92,92,92,92,92,92,92,92,92,110,110,110,110,110,110,110,110,113,113,113,113,113,113,116,116,116,116,116,116,116,116],"card_choices":[{"not_picked":["Clash","Thunderclap"],"picked":"Cleave","floor":1.0},{"not_picked":["True Grit","Heavy Blade"],"picked":"Perfected Strike","floor":3.0},{"not_picked":["Sword Boomerang","Thunderclap"],"picked":"Demon Form","floor":4.0},{"not_picked":["Armaments","Havoc","Iron Wave"],"picked":"SKIP","floor":5.0},{"not_picked":["Entrench","Thunderclap"],"picked":"Wild Strike","floor":6.0},{"not_picked":["Body Slam","Cleave"],"picked":"Uppercut","floor":7.0},{"not_picked":["Anger","Infernal Blade"],"picked":"True Grit","floor":10.0},{"not_picked":["Fire Breathing","Intimidate","Seeing Red"],"picked":"SKIP","floor":11.0},{"not_picked":["Battle Trance","Power Through"],"picked":"Perfected Strike","floor":13.0},{"not_picked":["Anger","Clothesline"],"picked":"Bloodletting","floor":14.0},{"not_picked":["Demon Form","Limit Break"],"picked":"Offering","floor":16.0},{"not_picked":["Clash","Havoc"],"picked":"Perfected Strike","floor":17.0},{"not_picked":["Bloodletting","Anger"],"picked":"Wild Strike","floor":18.0},{"not_picked":["Perfected Strike","Pommel Strike"],"picked":"Armaments+1","floor":20.0},{"not_picked":["Bloodletting","Anger"],"picked":"Perfected Strike+1","floor":21.0},{"not_picked":["Berserk","Havoc"],"picked":"Infernal Blade+1","floor":22.0},{"not_picked":["Corruption","Sever Soul+1"],"picked":"Battle Trance","floor":23.0},{"not_picked":["Anger","Heavy Blade"],"picked":"Shrug It Off+1","floor":24.0},{"not_picked":["Rampage","Shrug It Off"],"picked":"Twin Strike","floor":27.0},{"not_picked":["Havoc","Thunderclap+1"],"picked":"Pommel Strike","floor":28.0},{"not_picked":["Pummel","Heavy Blade+1","True Grit"],"picked":"SKIP","floor":31.0},{"not_picked":["Barricade","Limit Break"],"picked":"Feed","floor":33.0},{"not_picked":["Clash","Seeing Red+1"],"picked":"Perfected Strike+1","floor":35.0},{"not_picked":["Clothesline","Offering"],"picked":"Seeing Red+1","floor":36.0},{"not_picked":["Sword Boomerang","Havoc","Warcry"],"picked":"SKIP","floor":39.0},{"not_picked":["Shockwave+1","Anger","Sword Boomerang+1"],"picked":"SKIP","floor":40.0},{"not_picked":["Thunderclap+1","Hemokinesis"],"picked":"Metallicize+1","floor":41.0},{"not_picked":["Warcry","Reaper"],"picked":"Perfected Strike","floor":41.0},{"not_picked":["Rampage","Dropkick","Uppercut"],"picked":"SKIP","floor":42.0},{"not_picked":["Sword Boomerang","True Grit","Sever Soul+1"],"picked":"SKIP","floor":42.0},{"not_picked":["Flex","Perfected Strike+1"],"picked":"Pommel Strike","floor":46.0},{"not_picked":["Shrug It Off","Headbutt"],"picked":"Pommel Strike+1","floor":48.0},{"not_picked":["Sword Boomerang+1","Hemokinesis","Twin Strike"],"picked":"SKIP","floor":48.0},{"not_picked":["Evolve","Wild Strike"],"picked":"Pommel Strike","floor":54.0}],"player_experience":914293,"relics_obtained":[{"floor":6.0,"key":"Darkstone Periapt"},{"floor":9.0,"key":"Mercury Hourglass"},{"floor":13.0,"key":"Gambling Chip"},{"floor":23.0,"key":"Matryoshka"},{"floor":26.0,"key":"Bottled Tornado"},{"floor":26.0,"key":"Meat on the Bone"},{"floor":27.0,"key":"Turnip"},{"floor":31.0,"key":"Kunai"},{"floor":34.0,"key":"Bag of Marbles"},{"floor":34.0,"key":"Shuriken"},{"floor":34.0,"key":"Pocketwatch"},{"floor":40.0,"key":"Prayer Wheel"},{"floor":43.0,"key":"Anchor"},{"floor":46.0,"key":"Gremlin Horn"},{"floor":54.0,"key":"Potion Belt"}],"event_choices":[{"damage_healed":0.0,"max_hp_gain":0.0,"max_hp_loss":0.0,"gold_gain":0.0,"event_name":"Match and Keep!","player_choice":"1 cards matched","floor":2.0,"gold_loss":0.0,"damage_taken":0.0,"cards_obtained":["Trip"]},{"damage_healed":0.0,"max_hp_gain":0.0,"max_hp_loss":0.0,"gold_gain":0.0,"event_name":"WeMeetAgain","player_choice":"Gave Potion","floor":12.0,"gold_loss":0.0,"damage_taken":0.0,"relics_obtained":["Strawberry"]},{"damage_healed":27.0,"max_hp_gain":0.0,"max_hp_loss":0.0,"gold_gain":0.0,"event_name":"Wheel of Change","player_choice":"Full Heal","floor":37.0,"gold_loss":0.0,"damage_taken":0.0}],"is_beta":false,"boss_relics":[{"not_picked":["Runic Dome","Lizard Tail"],"picked":"Tiny House"},{"not_picked":["White Beast Statue","Pandora\u0027s Box"],"picked":"Calling Bell"}],"items_purged_floors":[19,38,44],"is_endless":false,"potions_floor_spawned":[6,10,11,13,14,21,22,23,28,36,39,40,41,54],"killed_by":"The Heart","ascension_level":0}