{"gold_per_floor":[116,116,139,139,116,151,167,205,205,249,262,298,23,23,23,153,153,139,155,155,155],"floor_reached":21,"playtime":897,"items_purged":["Strike_B"],"score":347,"play_id":"4437a836-1133-4252-92f7-089e4b4b5c75","local_time":"20190125104611","is_ascension_mode":true,"campfire_choices":[{"data":"Loop","floor":15,"key":"SMITH"}],"neow_cost":"NONE","seed_source_timestamp":667146565922458,"circlet_count":0,"master_deck":["Strike_B","Strike_B","Defend_B","Defend_B","Defend_B","Defend_B","Zap","Dualcast","Auto Shields","Beam Cell","Steam","Hologram","Ball Lightning","Cold Snap","Hologram","Loop+1","Ball Lightning","Coolheaded","Creative AI","Redo"],"relics":["Cracked Core","NeowsBlessing","Golden Idol","Regal Pillow","Shovel","Pear","Symbiotic Virus","Lantern","Runic Capacitor","Busted Crown","Enchiridion"],"potions_floor_usage":[8,12,18],"damage_taken":[{"damage":0,"enemies":"Jaw Worm","floor":1,"turns":1},{"damage":0,"enemies":"Small Slimes","floor":3,"turns":1},{"damage":0,"enemies":"Lagavulin","floor":6,"turns":1},{"damage":0,"enemies":"Cultist","floor":7,"turns":4},{"damage":4,"enemies":"3 Sentries","floor":8,"turns":7},{"damage":15,"enemies":"Lagavulin","floor":10,"turns":10},{"damage":3,"enemies":"Red Slaver","floor":11,"turns":4},{"damage":3,"enemies":"Gremlin Nob","floor":12,"turns":3},{"damage":21,"enemies":"The Guardian","floor":16,"turns":9},{"damage":13,"enemies":"2 Thieves","floor":18,"turns":5},{"damage":5,"enemies":"Shell Parasite","floor":19,"turns":5},{"damage":49,"enemies":"3 Cultists","floor":21,"turns":5}],"seed_played":"-4098683039024101234","potions_obtained":[{"floor":1,"key":"EssenceOfSteel"},{"floor":8,"key":"Explosive Potion"},{"floor":12,"key":"EssenceOfSteel"}],"is_trial":false,"path_per_floor":["M","?","M","?","$","E","M","E","T","E","M","E","$","?","R","B",null,"M","M","?","M"],"character_chosen":"DEFECT","items_purchased":["Hologram","Runic Capacitor"],"campfire_rested":0,"item_purchase_floors":[5,13],"current_hp_per_floor":[68,50,50,50,50,50,50,46,56,41,38,35,35,85,85,64,80,67,62,46,0],"gold":155,"neow_bonus":"THREE_ENEMY_KILL","is_prod":false,"is_daily":false,"chose_seed":false,"campfire_upgraded":1,"win_rate":0,"timestamp":1548431171,"path_taken":["M","?","M","?","$","E","M","E","T","E","?","E","?","?","R","BOSS","M","M","?","M"],"build_version":"2019-01-23","purchased_purges":1,"victory":false,"max_hp_per_floor":[75,75,75,75,75,75,75,75,85,85,85,85,85,85,85,85,85,85,85,85,85],"card_choices":[{"not_picked":["Beam Cell","FTL"],"picked":"Auto Shields","floor":1},{"not_picked":["Stack","Fusion"],"picked":"Beam Cell","floor":3},{"not_picked":["Auto Shields","Sunder"],"picked":"Ball Lightning","floor":6},{"not_picked":["Recycle","Leap"],"picked":"Cold Snap","floor":7},{"not_picked":["Rebound","Turbo"],"picked":"Hologram","floor":8},{"not_picked":["Rainbow","Sweeping Beam"],"picked":"Loop","floor":10},{"not_picked":["Storm","Lockon"],"picked":"Ball Lightning","floor":11},{"not_picked":["Skim","Compile Driver"],"picked":"Coolheaded","floor":12},{"not_picked":["Machine Learning","Biased Cognition"],"picked":"Creative AI","floor":16},{"not_picked":["Sweeping Beam"],"picked":"SKIP","floor":18},{"not_picked":[],"picked":"Redo","floor":19}],"player_experience":222521,"relics_obtained":[{"floor":6,"key":"Regal Pillow"},{"floor":8,"key":"Shovel"},{"floor":9,"key":"Pear"},{"floor":10,"key":"Symbiotic Virus"},{"floor":12,"key":"Lantern"},{"floor":20,"key":"Enchiridion"}],"event_choices":[{"damage_healed":0,"gold_gain":0,"player_choice":"Take Damage","damage_taken":18,"relics_obtained":["Golden Idol"],"max_hp_gain":0,"max_hp_loss":0,"event_name":"Golden Idol","floor":2,"gold_loss":0},{"damage_healed":0,"gold_gain":0,"cards_transformed":["Strike_B"],"player_choice":"Transformed","damage_taken":0,"max_hp_gain":0,"max_hp_loss":0,"event_name":"Transmorgrifier","floor":4,"gold_loss":0,"cards_obtained":["Steam"]},{"damage_healed":50,"gold_gain":0,"player_choice":"Full Heal","damage_taken":0,"max_hp_gain":0,"max_hp_loss":0,"event_name":"Wheel of Change","floor":14,"gold_loss":0},{"damage_healed":0,"gold_gain":0,"player_choice":"Obtained Book","damage_taken":16,"max_hp_gain":0,"max_hp_loss":0,"event_name":"Cursed Tome","floor":20,"gold_loss":0}],"is_beta":false,"boss_relics":[{"not_picked":["Eternal Feather","Ectoplasm"],"picked":"Busted Crown"}],"items_purged_floors":[13],"is_endless":false,"potions_floor_spawned":[1,8,12],"killed_by":"3 Cultists","ascension_level":7}