{"gold_per_floor":[110,210,230,249,267,267,296,296,323,323,342,197,197,44,44,146,146,159,159,159,178,53,53,78,96,123,133,151,161,161,171,171,267,297,308,328,328,178,178],"floor_reached":39,"playtime":3213,"items_purged":["Strike_B","Strike_B","Strike_B","Strike_B"],"score":403,"play_id":"66e26660-eea4-494b-9c7d-0034bbaaa34e","local_time":"20180624113056","is_ascension_mode":false,"campfire_choices":[{"data":"Go for the Eyes","floor":6.0,"key":"SMITH"},{"data":"Sweeping Beam","floor":8.0,"key":"SMITH"},{"data":"Loop","floor":13.0,"key":"SMITH"},{"data":"Capacitor","floor":15.0,"key":"SMITH"},{"floor":23,"key":"REST"},{"data":"Machine Learning","floor":30,"key":"SMITH"},{"floor":32,"key":"REST"}],"neow_cost":"","seed_source_timestamp":0,"circlet_count":0,"master_deck":["Defend_B","Defend_B","Defend_B","Defend_B+1","Zap+1","Dualcast","Skim","Chaos+1","Go for the Eyes+1","Cold Snap","Sweeping Beam+1","Loop+1","Self Repair","Capacitor+1","Rainbow+1","Barrage","Defragment","Leap+1","Blizzard","BootSequence","Static Discharge+1","Leap+1","Machine Learning+1","White Noise+1","Amplify","Ball Lightning+1","Leap+1"],"special_seed":0,"relics":["Cracked Core","Regal Pillow","Bag of Marbles","Sozu","Ancient Tea Set","War Paint","Tiny House"],"potions_floor_usage":[24],"damage_taken":[{"damage":6.0,"enemies":"Jaw Worm","floor":1.0,"turns":4.0},{"damage":1.0,"enemies":"Cultist","floor":3.0,"turns":3.0},{"damage":3.0,"enemies":"Small Slimes","floor":4.0,"turns":4.0},{"damage":9.0,"enemies":"Looter","floor":5.0,"turns":4.0},{"damage":18.0,"enemies":"3 Sentries","floor":7.0,"turns":10.0},{"damage":7.0,"enemies":"Exordium Thugs","floor":11.0,"turns":2.0},{"damage":17.0,"enemies":"The Guardian","floor":16.0,"turns":12.0},{"damage":1,"enemies":"Shell Parasite","floor":18,"turns":5},{"damage":26,"enemies":"2 Thieves","floor":21,"turns":4},{"damage":26,"enemies":"Book of Stabbing","floor":24,"turns":8},{"damage":5,"enemies":"Centurion and Healer","floor":25,"turns":8},{"damage":8,"enemies":"Snake Plant","floor":27,"turns":5},{"damage":12,"enemies":"Snecko","floor":28,"turns":5},{"damage":3,"enemies":"Centurion and Healer","floor":29,"turns":6},{"damage":7,"enemies":"Snake Plant","floor":31,"turns":4},{"damage":22,"enemies":"Collector","floor":33,"turns":7},{"damage":22,"enemies":"3 Shapes","floor":35,"turns":4},{"damage":42,"enemies":"3 Darklings","floor":36,"turns":3},{"damage":30,"enemies":"4 Shapes","floor":39,"turns":3}],"seed_played":"-5154321831577736917","potions_obtained":[{"floor":1.0,"key":"Regen Potion"},{"floor":3.0,"key":"SteroidPotion"},{"floor":5.0,"key":"Ancient Potion"},{"floor":16.0,"key":"Weak Potion"}],"is_trial":false,"path_per_floor":["M","?","M","M","M","R","E","R","T","?","M","$","R","$","R","B",null,"M","?","?","M","$","R","E","M","T","M","M","M","R","M","R","B",null,"M","M","?","$"],"character_chosen":"DEFECT","items_purchased":["Self Repair","Capacitor"],"campfire_rested":2,"item_purchase_floors":[],"current_hp_per_floor":[69,69,68,65,56,56,53,53,53,53,46,46,46,46,46,36,75,74,60,60,34,34,73,54,56,56,55,50,54,54,54,80,65,85,70,28,28,28,0],"gold":178,"neow_bonus":"","is_prod":false,"is_daily":false,"chose_seed":false,"campfire_upgraded":5,"win_rate":0.0,"timestamp":1529854256,"path_taken":["M","?","M","M","M","R","E","R","T","?","M","$","R","?","R","BOSS","M","?","?","?","$","R","E","M","T","M","M","M","R","M","R","BOSS","M","M","?","$","M"],"build_version":"2018-06-21v2","purchased_purges":4,"victory":false,"max_hp_per_floor":[75,75,75,75,75,75,75,75,75,75,75,75,75,75,75,75,75,75,80,80,80,80,80,80,80,80,80,80,80,80,80,80,80,85,85,85,85,85,85],"card_choices":[{"not_picked":["Aggregate","Gash"],"picked":"Skim","floor":1.0},{"not_picked":["Beam Cell","Lockon"],"picked":"Chaos","floor":3.0},{"not_picked":["Sweeping Beam","Double Energy"],"picked":"Go for the Eyes","floor":4.0},{"not_picked":["Double Energy","Ball Lightning"],"picked":"Cold Snap","floor":5.0},{"not_picked":["Storm","Leap"],"picked":"Sweeping Beam","floor":7.0},{"not_picked":["Sweeping Beam","Coolheaded"],"picked":"Loop","floor":11.0},{"not_picked":["Creative AI","Buffer"],"picked":"Rainbow","floor":16.0},{"not_picked":["Self Repair+1","Ball Lightning"],"picked":"Barrage","floor":18},{"not_picked":["Force Field","Stack"],"picked":"Leap+1","floor":21},{"not_picked":["Go for the Eyes","Stack"],"picked":"Blizzard","floor":24},{"not_picked":["Barrage","Rip and Tear"],"picked":"BootSequence","floor":25},{"not_picked":["Cold Snap","Ball Lightning"],"picked":"Static Discharge+1","floor":27},{"not_picked":["Streamline","Stack"],"picked":"Leap+1","floor":28},{"not_picked":["Sweeping Beam","Static Discharge"],"picked":"Machine Learning","floor":29},{"not_picked":["Stack","Streamline"],"picked":"White Noise+1","floor":31},{"not_picked":["Thunder Strike","Buffer"],"picked":"Amplify","floor":33},{"not_picked":["Gash","Compile Driver"],"picked":"Ball Lightning+1","floor":34},{"not_picked":["BootSequence","Fusion+1"],"picked":"Leap+1","floor":35},{"not_picked":["Doom and Gloom","Sweeping Beam","Stack"],"picked":"SKIP","floor":36}],"player_experience":292327,"relics_obtained":[{"floor":7.0,"key":"Regal Pillow"},{"floor":9.0,"key":"Bag of Marbles"},{"floor":24,"key":"Ancient Tea Set"},{"floor":26,"key":"War Paint"}],"event_choices":[{"event_name":"Golden Shrine","player_choice":"Pray","floor":2.0,"damage_taken":0.0},{"event_name":"Accursed Blacksmith","player_choice":"Forge","floor":10.0,"damage_taken":0.0},{"event_name":"Forgotten Altar","player_choice":"Shed Blood","floor":19,"damage_taken":0},{"event_name":"The Library","player_choice":"Read","floor":20,"damage_taken":0},{"event_name":"Mysterious Sphere","player_choice":"Ignore","floor":37,"damage_taken":0}],"boss_relics":[{"not_picked":["Cursed Key","Eternal Feather"],"picked":"Sozu"},{"not_picked":["Philosopher\u0027s Stone","Lizard Tail"],"picked":"Tiny House"}],"items_purged_floors":[],"is_endless":false,"potions_floor_spawned":[1,3,5,16,21,24,29],"killed_by":"4 Shapes","ascension_level":0}