{"gold_per_floor":[111,125,105,105,180,180,206,217,242,242,262,262,278,298,298,375,375,385,27,57,69,96,108],"floor_reached":23,"playtime":932,"items_purged":["Strike_G"],"score":338,"play_id":"4711aabd-c0d6-4362-9e00-1680d22c37ac","local_time":"20180825135311","is_ascension_mode":true,"campfire_choices":[{"data":"Dagger Spray","floor":6.0,"key":"SMITH"},{"data":"Neutralize","floor":15.0,"key":"SMITH"}],"neow_cost":"NONE","seed_source_timestamp":57257175894100,"circlet_count":0,"master_deck":["Defend_G","Defend_G","Defend_G","Defend_G","Defend_G","Strike_G","Strike_G","Strike_G","Strike_G","Survivor","Neutralize+1","AscendersBane","Backstab","Dagger Spray+1","Blur","Riddle With Holes","Neutralize+1","Deflect","Flying Knee","Deadly Poison","Die Die Die","Noxious Fumes","Cloak And Dagger","Dash","RitualDagger","Terror"],"special_seed":0,"relics":["Ring of the Snake","Regal Pillow","Centennial Puzzle","Pen Nib","Dream Catcher","Runic Dome","MawBank"],"potions_floor_usage":[],"damage_taken":[{"damage":6.0,"enemies":"Jaw Worm","floor":1.0,"turns":4.0},{"damage":5.0,"enemies":"Cultist","floor":2.0,"turns":4.0},{"damage":20.0,"enemies":"3 Sentries","floor":7.0,"turns":7.0},{"damage":2.0,"enemies":"2 Louse","floor":8.0,"turns":2.0},{"damage":3.0,"enemies":"Looter","floor":11.0,"turns":2.0},{"damage":0.0,"enemies":"Exordium Thugs","floor":13.0,"turns":5.0},{"damage":0.0,"enemies":"Blue Slaver","floor":14.0,"turns":3.0},{"damage":8.0,"enemies":"Hexaghost","floor":16.0,"turns":10.0},{"damage":2,"enemies":"3 Byrds","floor":18,"turns":3},{"damage":19,"enemies":"2 Thieves","floor":20,"turns":3},{"damage":10,"enemies":"Centurion and Healer","floor":22,"turns":7},{"damage":19,"enemies":"Book of Stabbing","floor":23,"turns":3}],"seed_played":"-7638140878313041286","potions_obtained":[{"floor":1.0,"key":"GamblersBrew"},{"floor":3.0,"key":"Explosive Potion"},{"floor":7.0,"key":"Block Potion"},{"floor":14.0,"key":"LiquidBronze"},{"floor":22,"key":"Explosive Potion"}],"is_trial":false,"path_per_floor":["M","M","?","?","?","R","E","M","T","?","M","T","M","M","R","B",null,"M","$","M","?","M"],"character_chosen":"THE_SILENT","items_purchased":["Noxious Fumes","Cloak And Dagger","MawBank"],"campfire_rested":0,"item_purchase_floors":[19,19,19],"current_hp_per_floor":[53,48,48,48,48,48,28,26,26,26,23,23,23,23,23,15,53,51,51,32,26,16,0],"gold":108,"neow_bonus":"RANDOM_COMMON_RELIC","is_prod":false,"is_daily":false,"chose_seed":false,"campfire_upgraded":2,"win_rate":0,"timestamp":1535219591,"path_taken":["M","M","?","?","?","R","E","M","T","?","M","?","M","M","R","BOSS","BOSS","M","$","M","?","M","E"],"build_version":"2018-08-23v2","purchased_purges":1,"victory":false,"max_hp_per_floor":[66,66,66,66,66,66,66,66,66,66,66,66,66,66,66,66,66,66,66,66,66,66,66],"card_choices":[{"not_picked":["Well Laid Plans","Bouncing Flask"],"picked":"Backstab","floor":1.0},{"not_picked":["Outmaneuver","Masterful Stab"],"picked":"Dagger Spray","floor":2.0},{"not_picked":["Outmaneuver","Distraction"],"picked":"Blur","floor":7.0},{"not_picked":["Acrobatics","Tactician"],"picked":"Riddle With Holes","floor":8.0},{"not_picked":["Blade Dance","Prepared","Bane"],"picked":"SKIP","floor":11.0},{"not_picked":["Distraction","Bane"],"picked":"Flying Knee","floor":13.0},{"not_picked":["Prepared","Accuracy"],"picked":"Deadly Poison","floor":14.0},{"not_picked":["Burst","Grand Finale"],"picked":"Die Die Die","floor":16},{"not_picked":["Sucker Punch","Underhanded Strike","Accuracy"],"picked":"SKIP","floor":18},{"not_picked":["Bouncing Flask+1","Flechettes"],"picked":"Dash","floor":20},{"not_picked":["Poisoned Stab","Dagger Spray"],"picked":"Terror","floor":22}],"player_experience":609436,"relics_obtained":[{"floor":7.0,"key":"Centennial Puzzle"},{"floor":9.0,"key":"Pen Nib"},{"floor":12.0,"key":"Dream Catcher"}],"event_choices":[{"event_name":"The Woman in Blue","player_choice":"Bought 1 Potion","floor":3.0,"damage_taken":0.0},{"event_name":"Living Wall","player_choice":"Grow","floor":4.0,"damage_taken":0.0},{"event_name":"Golden Wing","player_choice":"Gained Gold","floor":5.0,"damage_taken":0.0},{"event_name":"Match and Keep!","player_choice":"2 cards matched","floor":10.0,"damage_taken":0.0},{"event_name":"Nest","player_choice":"Joined the Cult","floor":21,"damage_taken":0}],"is_beta":false,"boss_relics":[{"not_picked":["Coffee Dripper","Philosopher\u0027s Stone"],"picked":"Runic Dome"}],"items_purged_floors":[19],"is_endless":false,"potions_floor_spawned":[1,7,14,22],"killed_by":"Book of Stabbing","ascension_level":15}