{"path_per_floor":["M","?","T","M","$","E","R","E","T","?","?","$","E","M","R","B",null,"M","?","?","$","?","E","M","M","T","$","T","R","E","M","R","B",null,"M","?","$","M","?","R","E","R","T","T","?","M","M","$","R","B"],"character_chosen":"THE_SILENT","items_purchased":["Accuracy","Vajra","Regen Potion","Regen Potion","Apotheosis"],"gold_per_floor":[217,217,217,230,2,34,34,69,69,69,69,17,47,66,66,162,162,182,182,107,32,32,65,79,99,99,50,104,104,139,154,154,253,253,269,269,45,58,0,0,31,31,82,82,82,100,117,17,17,17],"floor_reached":51,"campfire_rested":6,"playtime":4263,"current_hp_per_floor":[69,69,69,62,62,30,51,30,30,34,34,34,28,28,54,39,87,76,76,76,76,76,10,10,3,3,3,3,29,34,24,50,20,87,85,85,85,70,70,70,8,49,51,51,73,45,35,35,77,41],"items_purged":["Defend_G","Masterful Stab","Infinite Blades"],"gold":17,"play_id":"604bf9fe-3607-4c7d-bda0-a846c8cf1cf2","is_prod":false,"is_daily":false,"is_ascension_mode":true,"campfire_upgraded":0,"path_taken":["M","?","?","M","$","E","R","E","T","?","?","?","E","M","R","BOSS","M","?","?","?","?","E","M","?","T","$","?","R","E","M","R","BOSS","M","?","$","M","?","R","E","R","T","?","?","?","M","$","R","BOSS"],"build_version":"2018-02-01-PROD3","purchased_purges":3,"victory":true,"master_deck":["Survivor","Neutralize","Outmaneuver","Calculated Gamble","Accuracy","Distraction","Noxious Fumes","Dramatic Entrance","Leg Sweep","Cloak And Dagger","Noxious Fumes","Leg Sweep+1","Acrobatics+1","Dagger Spray","Sucker Punch","Slice","Outmaneuver","Finisher","Apotheosis","Deflect+1","Deflect+1"],"max_hp_per_floor":[70,70,70,70,70,70,70,70,70,77,77,77,87,87,87,87,87,87,87,87,87,87,87,87,87,87,87,87,87,87,87,87,87,87,87,87,87,87,87,87,89,89,91,91,91,91,93,93,93,93],"relics":["Ring of the Snake","Dead Branch","Vajra","Ginger","Centennial Puzzle","Omamori","Strawberry","Pear","Philosopher\u0027s Stone","Anchor","Oddly Smooth Stone","Shovel","Prayer Wheel","The Courier","Pandora\u0027s Box","Red Mask","Singing Bowl","Regal Pillow","Bag of Preparation","Art of War"],"card_choices":[{"not_picked":["Blade Dance","Choke"],"picked":"Outmaneuver"},{"not_picked":["Bane","Caltrops"],"picked":"Calculated Gamble"},{"not_picked":["Calculated Gamble","Outmaneuver"],"picked":"Distraction"},{"not_picked":["Flechettes","Bouncing Flask"],"picked":"Noxious Fumes"},{"not_picked":["Outmaneuver","Bane"],"picked":"Leg Sweep"},{"not_picked":["Deadly Poison","Heel Hook"],"picked":"Cloak And Dagger"},{"not_picked":["Quick Slash","Caltrops"],"picked":"Noxious Fumes"},{"not_picked":["Unload","Caltrops"],"picked":"Leg Sweep"},{"not_picked":["Outmaneuver","Noxious Fumes"],"picked":"Infinite Blades"},{"not_picked":["Catalyst","Cloak And Dagger"],"picked":"Acrobatics"},{"not_picked":["Dagger Spray","Reflex"],"picked":"Deflect"},{"not_picked":["Dagger Throw","Bane"],"picked":"Deflect"}],"player_experience":133263,"potions_floor_usage":[8,13,13,16,25,30,30,31,33,33,41,41,47,47,50],"damage_taken":[{"damage":1,"enemies":"Small Slimes","floor":1,"turns":4},{"damage":7,"enemies":"Blue Slaver","floor":4,"turns":4},{"damage":32,"enemies":"Lagavulin","floor":6,"turns":8},{"damage":21,"enemies":"3 Sentries","floor":8,"turns":5},{"damage":31,"enemies":"Lagavulin","floor":13,"turns":7},{"damage":0,"enemies":"Cultist","floor":14,"turns":3},{"damage":15,"enemies":"Hexaghost","floor":16,"turns":11},{"damage":11,"enemies":"3 Byrds","floor":18,"turns":6},{"damage":66,"enemies":"Gremlin Leader","floor":23,"turns":6},{"damage":0,"enemies":"2 Thieves","floor":24,"turns":3},{"damage":7,"enemies":"Centurion and Healer","floor":25,"turns":7},{"damage":10,"enemies":"Book of Stabbing","floor":30,"turns":5},{"damage":10,"enemies":"Cultist and Chosen","floor":31,"turns":5},{"damage":30,"enemies":"Collector","floor":33,"turns":9},{"damage":2,"enemies":"Orb Walker","floor":35,"turns":6},{"damage":15,"enemies":"3 Darklings","floor":38,"turns":4},{"damage":64,"enemies":"Nemesis","floor":41,"turns":7},{"damage":28,"enemies":"Maw","floor":46,"turns":7},{"damage":18,"enemies":"Sphere and 2 Shapes","floor":47,"turns":4},{"damage":36,"enemies":"Donu and Deca","floor":50,"turns":10}],"event_choices":[{"event_name":"Purifier","player_choice":"One Purge","floor":2,"damage_taken":0},{"event_name":"Scrap Ooze","player_choice":"success","floor":10,"damage_taken":3},{"event_name":"Match and Keep!","player_choice":"2 cards matched","floor":11,"damage_taken":0},{"event_name":"The Mausoleum","player_choice":"Yes","floor":19,"damage_taken":0},{"event_name":"Beggar","player_choice":"Gave Gold","floor":20,"damage_taken":0},{"event_name":"Addict","player_choice":"Ignored","floor":22,"damage_taken":0},{"event_name":"Tomb of Lord Red Mask","player_choice":"Paid","floor":39,"damage_taken":0},{"event_name":"Winding Halls","player_choice":"Writhe","floor":45,"damage_taken":0}],"boss_relics":[{"not_picked":["White Beast Statue","The Specimen"],"picked":"Philosopher\u0027s Stone"},{"not_picked":["Question Card","Velvet Choker"],"picked":"Pandora\u0027s Box"}],"potions_floor_spawned":[8,13,16,24,25,30,31,33,38,41,46],"seed_played":"1587321347722594930","ascension_level":3,"is_trial":false}