{"gold_per_floor":[368,368,368,333,333,360,163,196,196,211,211,0,0,10,10,84,84,98,115,115,128,146,146,68,68],"floor_reached":25,"playtime":1037,"items_purged":[],"score":345,"play_id":"a44cf08e-25cb-42be-be2e-e5365735468a","local_time":"20190507225026","is_ascension_mode":true,"campfire_choices":[{"floor":11,"key":"REST"},{"data":"Streamline","floor":13,"key":"SMITH"},{"floor":15,"key":"REST"},{"floor":23,"key":"REST"}],"neow_cost":"CURSE","seed_source_timestamp":189106919888678,"circlet_count":0,"master_deck":["AscendersBane","Strike_B","Strike_B","Strike_B","Strike_B","Defend_B","Defend_B","Defend_B","Defend_B","Zap+1","Dualcast","Conserve Battery","Self Repair","Beam Cell","Ball Lightning","Streamline+1","Leap","Streamline","BootSequence","Reinforced Body","Reboot","Compile Driver","Force Field","Steam","Turbo","Creative AI"],"relics":["Cracked Core","Dream Catcher","Regal Pillow","Omamori","Bottled Lightning","Smiling Mask","Membership Card","Fusion Hammer","MutagenicStrength"],"potions_floor_usage":[6,16,19],"damage_taken":[{"damage":11,"enemies":"Jaw Worm","floor":1,"turns":3},{"damage":25,"enemies":"Lagavulin","floor":6,"turns":7},{"damage":41,"enemies":"3 Sentries","floor":8,"turns":9},{"damage":5,"enemies":"Small Slimes","floor":10,"turns":3},{"damage":0,"enemies":"2 Louse","floor":14,"turns":2},{"damage":49,"enemies":"Slime Boss","floor":16,"turns":9},{"damage":5,"enemies":"3 Byrds","floor":18,"turns":5},{"damage":7,"enemies":"Shell Parasite","floor":19,"turns":6},{"damage":24,"enemies":"Cultist and Chosen","floor":21,"turns":6},{"damage":14,"enemies":"Snake Plant","floor":22,"turns":4},{"damage":81,"enemies":"Book of Stabbing","floor":25,"turns":5}],"seed_played":"-648935182094279079","potions_obtained":[{"floor":1,"key":"PowerPotion"},{"floor":10,"key":"SteroidPotion"},{"floor":16,"key":"PowerPotion"},{"floor":21,"key":"EssenceOfSteel"}],"is_trial":false,"path_per_floor":["M","?","?","?","T","E","$","E","T","M","R","$","R","M","R","B",null,"M","M","?","M","M","R","$","E"],"character_chosen":"DEFECT","items_purchased":["Omamori","Beam Cell","Membership Card","Streamline","Creative AI"],"campfire_rested":3,"item_purchase_floors":[7,7,12,12,24],"current_hp_per_floor":[57,50,50,68,68,43,43,9,9,11,48,48,48,48,75,33,65,67,67,67,50,43,75,75,0],"gold":68,"neow_bonus":"TWO_FIFTY_GOLD","is_prod":false,"is_daily":false,"chose_seed":false,"campfire_upgraded":1,"win_rate":0,"timestamp":1557294626,"path_taken":["M","?","?","?","?","E","$","E","T","?","R","$","R","M","R","BOSS","M","M","?","M","M","R","$","E"],"build_version":"2019-01-23","purchased_purges":0,"victory":false,"max_hp_per_floor":[75,75,75,75,75,75,75,75,75,75,75,75,75,75,75,75,75,75,75,75,75,75,75,75,75],"card_choices":[{"not_picked":["Redo","Compile Driver"],"picked":"Conserve Battery","floor":1},{"not_picked":["Rainbow","Capacitor"],"picked":"Self Repair","floor":6},{"not_picked":["Tempest","Steam"],"picked":"Ball Lightning","floor":8},{"not_picked":["Chaos","Conserve Battery"],"picked":"Streamline","floor":10},{"not_picked":["Beam Cell","Reprogram"],"picked":"Leap","floor":11},{"not_picked":["Blizzard","Barrage"],"picked":"BootSequence","floor":14},{"not_picked":["Rebound","Sunder"],"picked":"Reinforced Body","floor":15},{"not_picked":["Meteor Strike","Multi-Cast"],"picked":"Reboot","floor":16},{"not_picked":["Barrage","Stack","Sweeping Beam"],"picked":"SKIP","floor":18},{"not_picked":["Conserve Battery","Leap"],"picked":"Compile Driver","floor":19},{"not_picked":["Turbo","Heatsinks"],"picked":"Force Field","floor":21},{"not_picked":["Beam Cell","Hologram"],"picked":"Steam","floor":22},{"not_picked":["Hologram","Leap"],"picked":"Turbo","floor":23}],"player_experience":626260,"relics_obtained":[{"floor":5,"key":"Dream Catcher"},{"floor":6,"key":"Regal Pillow"},{"floor":8,"key":"Bottled Lightning"},{"floor":9,"key":"Smiling Mask"}],"event_choices":[{"cards_removed":["Decay"],"damage_healed":0,"gold_gain":0,"player_choice":"Card Removal","damage_taken":7,"max_hp_gain":0,"max_hp_loss":0,"event_name":"Golden Wing","floor":2,"gold_loss":0},{"damage_healed":0,"gold_gain":0,"player_choice":"Grow","damage_taken":0,"max_hp_gain":0,"max_hp_loss":0,"event_name":"Living Wall","floor":3,"gold_loss":0,"cards_upgraded":["Zap"]},{"damage_healed":18,"gold_gain":0,"player_choice":"Healed","damage_taken":0,"max_hp_gain":0,"max_hp_loss":0,"event_name":"The Cleric","floor":4,"gold_loss":35},{"damage_healed":0,"gold_gain":0,"player_choice":"Inject Mutagens","damage_taken":0,"relics_obtained":["MutagenicStrength"],"max_hp_gain":0,"max_hp_loss":0,"event_name":"Drug Dealer","floor":20,"gold_loss":0}],"is_beta":false,"boss_relics":[{"not_picked":["Astrolabe","Philosopher\u0027s Stone"],"picked":"Fusion Hammer"}],"items_purged_floors":[],"is_endless":false,"potions_floor_spawned":[1,10,16,21],"killed_by":"Book of Stabbing","ascension_level":13}