{"path_per_floor":["M","T","M","M","?","M","R","E","T","$","M","R","E","M","R","B",null,"M","M","?","M","M","R","M","$","T","R","M","M","R","M","R"],"character_chosen":"IRONCLAD","items_purchased":["Inflame","True Grit","Pommel Strike"],"gold_per_floor":[116,116,133,153,153,166,166,200,200,42,57,57,87,107,107,212,212,227,240,240,255,269,269,287,136,136,136,153,167,167,187,187],"floor_reached":33,"campfire_rested":2,"playtime":3512,"current_hp_per_floor":[67,67,71,74,79,78,78,71,71,71,62,62,43,46,46,26,85,73,64,64,38,16,41,30,30,44,44,32,30,30,33,62],"items_purged":["Strike_R","Strike_R"],"gold":187,"play_id":"11fc26e8-5f75-470b-b2df-b76a4c82d1f2","is_prod":false,"is_daily":false,"is_ascension_mode":false,"campfire_upgraded":4,"path_taken":["M","?","M","M","?","M","R","E","T","$","M","R","E","M","R","BOSS","M","?","?","M","M","R","M","$","T","R","M","?","R","M","R","BOSS"],"build_version":"2018-01-25-PROD3","purchased_purges":3,"victory":false,"master_deck":["Strike_R","Strike_R","Defend_R+1","Defend_R","Defend_R","Defend_R","Bash","Brutality+1","Rupture+1","Armaments+1","Twin Strike","Inflame","True Grit+1","Demon Form","Whirlwind","Heavy Blade","Battle Trance","Pommel Strike"],"max_hp_per_floor":[80,80,80,80,85,85,85,85,85,85,85,85,85,85,85,85,85,85,85,85,85,85,85,85,85,99,99,99,99,99,99,99],"relics":["Burning Blood","Anchor","Shovel","Paper Frog","Ornamental Fan","Toxic Egg","Velvet Choker","Mango"],"card_choices":[{"not_picked":["Anger","Thunderclap"],"picked":"Brutality"},{"not_picked":["Perfected Strike","Dual Wield"],"picked":"Rupture"},{"not_picked":["Anger","Clash"],"picked":"Armaments"},{"not_picked":["Seeing Red","Dark Embrace"],"picked":"Twin Strike"},{"not_picked":["Dark Embrace","Fiend Fire"],"picked":"Demon Form"},{"not_picked":["Bloodletting","Body Slam"],"picked":"Whirlwind"},{"not_picked":["Blood for Blood","Clash"],"picked":"Heavy Blade"},{"not_picked":["Uppercut","Fire Breathing"],"picked":"Battle Trance"}],"player_experience":13916,"potions_floor_usage":[8,13,16,16,28,33,33],"damage_taken":[{"damage":19,"enemies":"Blue Slaver","floor":1,"turns":4},{"damage":2,"enemies":"2 Louse","floor":3,"turns":3},{"damage":3,"enemies":"Jaw Worm","floor":4,"turns":3},{"damage":7,"enemies":"2 Fungi Beasts","floor":6,"turns":4},{"damage":13,"enemies":"Lagavulin","floor":8,"turns":8},{"damage":15,"enemies":"Gremlin Gang","floor":11,"turns":6},{"damage":25,"enemies":"Gremlin Nob","floor":13,"turns":5},{"damage":3,"enemies":"Exordium Wildlife","floor":14,"turns":3},{"damage":26,"enemies":"Slime Boss","floor":16,"turns":9},{"damage":18,"enemies":"2 Thieves","floor":18,"turns":5},{"damage":15,"enemies":"3 Byrds","floor":19,"turns":5},{"damage":32,"enemies":"Snake Plant","floor":21,"turns":5},{"damage":28,"enemies":"Centurion and Healer","floor":22,"turns":6},{"damage":17,"enemies":"3 Cultists","floor":24,"turns":4},{"damage":18,"enemies":"Slaver and Parasite","floor":28,"turns":5},{"damage":8,"enemies":"Centurion and Healer","floor":29,"turns":5},{"damage":3,"enemies":"Snecko","floor":31,"turns":4},{"damage":63,"enemies":"Automaton","floor":33,"turns":6}],"event_choices":[{"event_name":"Big Fish","player_choice":"Donut","floor":5,"damage_taken":0},{"event_name":"Back to Basics","player_choice":"Elegance","floor":20,"damage_taken":0}],"boss_relics":[{"not_picked":["Tiny House","Snecko Eye"],"picked":"Velvet Choker"}],"potions_floor_spawned":[1,6,11,13,18,29,31],"seed_played":"-2427058339840860001","killed_by":"Automaton","ascension_level":0,"is_trial":false}