{"gold_per_floor":[116,116,6,6,6,6,39,50,75,104,104,130,29,42,42,137,137,154,154,127,127,138,173,123,4,28,52,99,111,158,185,197,310,322,346,412,440,471,158,158,189,189,189,79,79,79,79,95,95,95,95,95,33,33],"floor_reached":54,"playtime":5205,"items_purged":["Strike_G","Strike_G","Strike_G","Strike_G","Parasite"],"score":1060,"play_id":"6de300bc-780a-4c3d-8eda-28e8dd88c18b","local_time":"20190214191603","is_ascension_mode":true,"campfire_choices":[{"floor":6,"key":"REST"},{"floor":11,"key":"REST"},{"floor":15,"key":"RECALL"},{"floor":29,"key":"REST"},{"floor":32,"key":"REST"},{"floor":40,"key":"REST"},{"floor":42,"key":"REST"},{"floor":47,"key":"REST"},{"floor":49,"key":"REST"},{"floor":52,"key":"REST"}],"neow_cost":"NONE","seed_source_timestamp":149699457203184,"circlet_count":0,"master_deck":["Defend_G+1","Defend_G+1","Defend_G+1","Defend_G+1","Defend_G+1","Survivor+1","Neutralize+1","Backflip+1","Venomology+1","Footwork+1","Predator+1","Cloak And Dagger+1","Crippling Poison+1","Well Laid Plans+1","Cloak And Dagger+1","PiercingWail+1","Die Die Die+1","Catalyst+1","Blade Dance+1","Crippling Poison+1","Bane+1","Dash+1","Cloak And Dagger+1","Deflect+1","Corpse Explosion+1","Cloak And Dagger+1","Infinite Blades+1","Infinite Blades+1","Heel Hook+1","Prepared+1","Noxious Fumes+1","Sucker Punch","Caltrops"],"relics":["Fusion Hammer","Potion Belt","Anchor","Vajra","Blue Candle","Eternal Feather","Smiling Mask","MawBank","Snake Skull","Letter Opener","Runic Pyramid","Bird Faced Urn","ClockworkSouvenir","The Courier","Mark of the Bloom"],"potions_floor_usage":[10,10,10,16,22,22,23,23,23,23,27,33,36,36,36,38,41,41,48,48,48,50,50,54],"damage_taken":[{"damage":0,"enemies":"Small Slimes","floor":1,"turns":5},{"damage":8,"enemies":"Lagavulin","floor":7,"turns":11},{"damage":0,"enemies":"Cultist","floor":8,"turns":4},{"damage":2,"enemies":"Gremlin Nob","floor":10,"turns":3},{"damage":2,"enemies":"Lagavulin","floor":12,"turns":7},{"damage":0,"enemies":"2 Louse","floor":14,"turns":3},{"damage":25,"enemies":"Hexaghost","floor":16,"turns":14},{"damage":3,"enemies":"3 Byrds","floor":18,"turns":6},{"damage":1,"enemies":"2 Thieves","floor":20,"turns":5},{"damage":15,"enemies":"Snake Plant","floor":22,"turns":6},{"damage":16,"enemies":"Book of Stabbing","floor":23,"turns":6},{"damage":3,"enemies":"Centurion and Healer","floor":27,"turns":6},{"damage":29,"enemies":"Slavers","floor":28,"turns":7},{"damage":35,"enemies":"Book of Stabbing","floor":30,"turns":8},{"damage":0,"enemies":"3 Cultists","floor":31,"turns":4},{"damage":20,"enemies":"Collector","floor":33,"turns":15},{"damage":4,"enemies":"3 Shapes","floor":35,"turns":5},{"damage":8,"enemies":"2 Orb Walkers","floor":36,"turns":5},{"damage":12,"enemies":"3 Darklings","floor":37,"turns":3},{"damage":10,"enemies":"Writhing Mass","floor":38,"turns":7},{"damage":45,"enemies":"Nemesis","floor":41,"turns":7},{"damage":1,"enemies":"Transient","floor":48,"turns":5},{"damage":30,"enemies":"Time Eater","floor":50,"turns":14},{"damage":47,"enemies":"Shield and Spear","floor":54,"turns":3}],"seed_played":"-3951262887525739785","potions_obtained":[{"floor":8,"key":"Energy Potion"},{"floor":14,"key":"Poison Potion"},{"floor":16,"key":"Swift Potion"},{"floor":20,"key":"Regen Potion"},{"floor":30,"key":"Dexterity Potion"},{"floor":31,"key":"Block Potion"},{"floor":33,"key":"GhostInAJar"},{"floor":38,"key":"FearPotion"},{"floor":48,"key":"Weak Potion"}],"is_trial":false,"path_per_floor":["M","?","$","?","$","R","E","M","T","E","R","E","$","M","R","B",null,"M","?","M","$","M","E","$","$","T","M","E","R","E","M","R","B",null,"M","?","M","M","$","R","E","R","T","$","?","?","R","M","R","B",null,"R","$","E"],"character_chosen":"THE_SILENT","items_purchased":["Footwork","Predator","Cloak And Dagger","Dash","ClockworkSouvenir","GhostInAJar","Noxious Fumes","Caltrops"],"campfire_rested":9,"item_purchase_floors":[3,3,13,25,39,39,44,53],"current_hp_per_floor":[63,63,63,56,56,70,62,62,62,60,70,68,68,68,68,43,63,60,53,52,52,51,35,35,35,35,32,3,36,1,1,37,17,57,53,45,39,37,37,70,27,66,66,66,64,64,64,63,63,33,33,33,33,0],"gold":33,"neow_bonus":"BOSS_RELIC","is_prod":false,"is_daily":false,"chose_seed":false,"campfire_upgraded":0,"win_rate":0,"timestamp":1550189763,"path_taken":["M","?","?","?","?","R","E","M","T","E","R","E","$","?","R","BOSS","M","?","M","$","M","E","?","$","T","M","E","R","E","M","R","BOSS","M","?","M","M","$","R","E","R","T","$","?","?","R","M","R","BOSS","R","$","E"],"build_version":"2019-01-23","purchased_purges":5,"victory":false,"max_hp_per_floor":[70,70,70,70,70,70,70,70,70,70,70,70,70,70,70,70,70,70,70,70,70,70,70,70,70,70,70,70,70,70,70,70,70,70,70,70,70,70,70,70,70,70,70,67,64,64,64,64,64,64,64,64,64,64],"card_choices":[{"not_picked":["Sucker Punch","Acrobatics"],"picked":"Backflip","floor":1},{"not_picked":["Bane","PiercingWail"],"picked":"Cloak And Dagger","floor":7},{"not_picked":["Flying Knee","Prepared","Skewer"],"picked":"SKIP","floor":8},{"not_picked":["Slice","Quick Slash"],"picked":"Crippling Poison","floor":10},{"not_picked":["Underhanded Strike","Backstab"],"picked":"Well Laid Plans","floor":12},{"not_picked":["Bullet Time","Backflip"],"picked":"PiercingWail","floor":14},{"not_picked":["Phantasmal Killer","Night Terror"],"picked":"Die Die Die","floor":16},{"not_picked":["Dagger Spray","Footwork+1"],"picked":"Catalyst+1","floor":18},{"not_picked":["Underhanded Strike","Outmaneuver"],"picked":"Blade Dance+1","floor":20},{"not_picked":["Skewer","Quick Slash+1"],"picked":"Crippling Poison+1","floor":22},{"not_picked":["Slice","Underhanded Strike"],"picked":"Bane+1","floor":23},{"not_picked":["Dagger Spray","Accuracy"],"picked":"Cloak And Dagger","floor":27},{"not_picked":["Backstab","Blade Dance","All Out Attack"],"picked":"SKIP","floor":28},{"not_picked":["Bane","Flying Knee"],"picked":"Deflect+1","floor":30},{"not_picked":["Infinite Blades","Slice+1","Poisoned Stab"],"picked":"SKIP","floor":31},{"not_picked":["Die Die Die","Phantasmal Killer"],"picked":"Corpse Explosion","floor":33},{"not_picked":["Slice+1","Blur+1"],"picked":"Cloak And Dagger+1","floor":35},{"not_picked":["Deflect","Dagger Throw+1"],"picked":"Infinite Blades+1","floor":36},{"not_picked":["Deadly Poison","Dodge and Roll+1"],"picked":"Infinite Blades+1","floor":37},{"not_picked":["Flying Knee","Riddle With Holes+1"],"picked":"Heel Hook+1","floor":38},{"not_picked":["Well Laid Plans","Bullet Time"],"picked":"Prepared+1","floor":41},{"not_picked":["Slice+1","Quick Slash"],"picked":"Sucker Punch","floor":48}],"player_experience":284756,"relics_obtained":[{"floor":7,"key":"Potion Belt"},{"floor":9,"key":"Anchor"},{"floor":10,"key":"Vajra"},{"floor":12,"key":"Blue Candle"},{"floor":23,"key":"Smiling Mask"},{"floor":26,"key":"MawBank"},{"floor":28,"key":"Snake Skull"},{"floor":30,"key":"Letter Opener"},{"floor":36,"key":"Bird Faced Urn"},{"floor":41,"key":"The Courier"}],"event_choices":[{"damage_healed":0,"gold_gain":0,"player_choice":"1 cards matched","damage_taken":0,"max_hp_gain":0,"max_hp_loss":0,"event_name":"Match and Keep!","floor":2,"gold_loss":0,"cards_obtained":["Venomology"]},{"cards_removed":["Strike_G"],"damage_healed":0,"gold_gain":0,"player_choice":"Card Removal","damage_taken":7,"max_hp_gain":0,"max_hp_loss":0,"event_name":"Golden Wing","floor":4,"gold_loss":0},{"damage_healed":0,"gold_gain":0,"player_choice":"Damaged","damage_taken":7,"max_hp_gain":0,"max_hp_loss":0,"event_name":"Wheel of Change","floor":19,"gold_loss":0},{"damage_healed":0,"gold_gain":0,"player_choice":"Fight","damage_taken":0,"max_hp_gain":0,"max_hp_loss":0,"event_name":"Mysterious Sphere","floor":36,"gold_loss":0},{"damage_healed":0,"gold_gain":0,"player_choice":"Max HP","damage_taken":0,"max_hp_gain":0,"max_hp_loss":3,"event_name":"Winding Halls","floor":45,"gold_loss":0},{"damage_healed":0,"gold_gain":0,"player_choice":"Upgrade","damage_taken":0,"relics_obtained":["Mark of the Bloom"],"max_hp_gain":0,"max_hp_loss":0,"event_name":"MindBloom","floor":46,"gold_loss":0,"cards_upgraded":["Defend_G","Defend_G","Defend_G","Defend_G","Defend_G","Survivor","Neutralize","Backflip","Venomology","Footwork","Predator","Cloak And Dagger","Crippling Poison","Well Laid Plans","Cloak And Dagger","PiercingWail","Die Die Die","Dash","Cloak And Dagger","Corpse Explosion","Noxious Fumes"]}],"is_beta":false,"boss_relics":[{"not_picked":["Lizard Tail","Sozu"],"picked":"Eternal Feather"},{"not_picked":["Philosopher\u0027s Stone","HoveringKite"],"picked":"Runic Pyramid"}],"items_purged_floors":[13,24,25,39,44],"is_endless":false,"potions_floor_spawned":[8,14,16,20,30,31,33,35,38,48],"killed_by":"Shield and Spear","ascension_level":8}