{"path_per_floor":["M","?","?","?","?","E","M","R","T","M","$","R","$","M","R","B",null,"M","M","M","M","$","E","R","?","T","E","?","R","$","M","R","B",null,"M","M","M","?","?"],"character_chosen":"THE_SILENT","items_purchased":["After Image","Deflect","Backflip"],"gold_per_floor":[113,113,113,113,113,147,163,163,217,231,156,156,41,57,57,156,156,139,155,165,179,34,64,64,64,113,142,142,142,17,36,36,134,134,149,167,187,187,187],"floor_reached":40,"campfire_rested":5,"playtime":3581,"current_hp_per_floor":[70,70,70,70,70,15,23,44,44,44,44,65,65,57,57,37,70,50,50,31,31,31,40,65,56,56,50,50,78,78,49,77,46,96,96,82,81,81,71],"items_purged":["Strike_G","Strike_G","Writhe"],"gold":187,"play_id":"c8f1d046-7e62-4b0d-a3a2-b04d5c65288e","is_prod":false,"is_daily":false,"is_ascension_mode":false,"campfire_upgraded":1,"path_taken":["M","?","?","?","?","E","M","R","T","M","$","R","?","M","R","BOSS","M","M","M","M","$","E","R","?","T","E","?","R","$","M","R","BOSS","M","?","M","?","?","E"],"build_version":"2018-01-25-PROD3","purchased_purges":3,"victory":false,"master_deck":["Defend_G","Defend_G","Defend_G","Defend_G","Defend_G","Strike_G","Strike_G","Strike_G","Survivor","Neutralize","Tactician","Deflect","Calculated Gamble","Noxious Fumes+1","Deadly Poison","Acrobatics","After Image","Deflect","Night Terror","Escape Plan","Leg Sweep","Backflip","Deadly Poison+1","Noxious Fumes","Catalyst+1","Footwork+1","Madness","Madness"],"max_hp_per_floor":[70,70,70,70,70,70,70,70,70,70,70,70,70,70,70,70,70,70,70,70,70,70,84,84,89,89,96,96,96,96,96,96,96,96,96,96,96,96,96],"relics":["Ring of the Snake","Dream Catcher","Oddly Smooth Stone","Snake Skull","The Specimen","Mango","Happy Flower","Strawberry","Ornamental Fan","Sozu"],"card_choices":[{"not_picked":["Die Die Die","Venomology"],"picked":"Tactician"},{"not_picked":["Deadly Poison","Riddle With Holes"],"picked":"Deflect"},{"not_picked":["Riddle With Holes","Flying Knee"],"picked":"Calculated Gamble"},{"not_picked":["Malaise","Flechettes"],"picked":"Noxious Fumes"},{"not_picked":["Quick Slash","PiercingWail"],"picked":"Deadly Poison"},{"not_picked":["Prepared","Backstab"],"picked":"Acrobatics"},{"not_picked":["Flying Knee","Dodge and Roll"],"picked":"Night Terror"},{"not_picked":["Prepared","Poisoned Stab"],"picked":"Escape Plan"},{"not_picked":["Dodge and Roll","Underhanded Strike"],"picked":"Leg Sweep"},{"not_picked":["Choke","Outmaneuver"],"picked":"Deadly Poison"},{"not_picked":["Backstab","Bane"],"picked":"Noxious Fumes"},{"not_picked":["Prepared","Deadly Poison"],"picked":"Catalyst"},{"not_picked":["Slice","Dodge and Roll"],"picked":"Footwork"}],"player_experience":84875,"potions_floor_usage":[],"damage_taken":[{"damage":0.0,"enemies":"2 Louse","floor":1.0,"turns":3.0},{"damage":55.0,"enemies":"Gremlin Nob","floor":6.0,"turns":7.0},{"damage":1.0,"enemies":"Cultist","floor":7.0,"turns":4.0},{"damage":0.0,"enemies":"Small Slimes","floor":10.0,"turns":3.0},{"damage":8.0,"enemies":"3 Louse","floor":14.0,"turns":4.0},{"damage":20.0,"enemies":"Hexaghost","floor":16.0,"turns":12.0},{"damage":20.0,"enemies":"2 Thieves","floor":18.0,"turns":5.0},{"damage":0.0,"enemies":"Shell Parasite","floor":19.0,"turns":7.0},{"damage":19.0,"enemies":"Centurion and Healer","floor":20.0,"turns":7.0},{"damage":0.0,"enemies":"Snake Plant","floor":21.0,"turns":7.0},{"damage":5.0,"enemies":"Book of Stabbing","floor":23.0,"turns":9.0},{"damage":13.0,"enemies":"Slavers","floor":27.0,"turns":8.0},{"damage":29.0,"enemies":"Snecko","floor":31.0,"turns":8.0},{"damage":31.0,"enemies":"Automaton","floor":33.0,"turns":9.0},{"damage":0.0,"enemies":"3 Shapes","floor":35.0,"turns":6.0},{"damage":14.0,"enemies":"3 Darklings","floor":36.0,"turns":6.0},{"damage":1.0,"enemies":"Maw","floor":37.0,"turns":7.0},{"damage":56,"enemies":"2 Orb Walkers","floor":40,"turns":5}],"event_choices":[{"event_name":"Big Fish","player_choice":"Box","floor":2.0,"damage_taken":0.0},{"event_name":"Liars Game","player_choice":"disagreed","floor":3.0,"damage_taken":0.0},{"event_name":"Living Wall","player_choice":"Forget","floor":4.0,"damage_taken":0.0},{"event_name":"Fountain of Cleansing","player_choice":"Removed Curse","floor":5.0,"damage_taken":0.0},{"event_name":"Forgotten Altar","player_choice":"Shed Blood","floor":25.0,"damage_taken":0.0},{"event_name":"The Mausoleum","player_choice":"Yes","floor":28.0,"damage_taken":0.0},{"event_name":"Upgrade Shrine","player_choice":"Upgraded","floor":38.0,"damage_taken":0.0},{"event_name":"Winding Halls","player_choice":"Embrace Madness","floor":39.0,"damage_taken":0.0}],"boss_relics":[],"potions_floor_spawned":[6,7,14,19,21,31,33,35],"seed_played":"6561593907871225884","killed_by":"2 Orb Walkers","ascension_level":0,"is_trial":false}