{"gold_per_floor":[117,117,128,90,90,121,133,133,201,218,218,248,248,258,258,355,355,369,369,369,381,397,397],"floor_reached":23,"playtime":1400,"items_purged":[],"score":216,"play_id":"7fd9ff8e-a64a-4074-ae30-08d9732c5db5","local_time":"20190523221900","is_ascension_mode":false,"campfire_choices":[{"data":"Infinite Blades","floor":8,"key":"SMITH"},{"data":"Finisher","floor":11,"key":"SMITH"},{"data":"Bane","floor":13,"key":"SMITH"},{"data":"Endless Agony","floor":15,"key":"SMITH"}],"neow_cost":"NONE","seed_source_timestamp":623390769698900,"circlet_count":0,"master_deck":["Defend_G+1","Defend_G","Defend_G+1","Defend_G","Defend_G","Strike_G","Strike_G","Strike_G","Strike_G","Strike_G","Survivor","Neutralize","Bouncing Flask+1","Bane+1","Infinite Blades+1","Finisher+1","Endless Agony+1","Writhe","Envenom"],"relics":["Ring of the Snake","NeowsBlessing","War Paint","Letter Opener","Oddly Smooth Stone","WristBlade","Smiling Mask"],"potions_floor_usage":[14,23,23,23],"damage_taken":[{"damage":0,"enemies":"Jaw Worm","floor":1,"turns":1},{"damage":0,"enemies":"Cultist","floor":3,"turns":1},{"damage":0,"enemies":"Lagavulin","floor":6,"turns":1},{"damage":0,"enemies":"2 Louse","floor":7,"turns":3},{"damage":0,"enemies":"Exordium Wildlife","floor":10,"turns":4},{"damage":17,"enemies":"Gremlin Gang","floor":14,"turns":5},{"damage":17,"enemies":"The Guardian","floor":16,"turns":8},{"damage":12,"enemies":"2 Thieves","floor":18,"turns":4},{"damage":10,"enemies":"Spheric Guardian","floor":21,"turns":3},{"damage":6,"enemies":"Snecko","floor":22,"turns":4},{"damage":50,"enemies":"Slavers","floor":23,"turns":3}],"seed_played":"-1033754453926418468","potions_obtained":[{"floor":1,"key":"PowerPotion"},{"floor":10,"key":"Weak Potion"},{"floor":14,"key":"GhostInAJar"},{"floor":22,"key":"LiquidBronze"}],"is_trial":false,"path_per_floor":["M","?","M","$","$","E","M","R","T","M","R","?","R","M","R","B",null,"M","?","?","M","M","E"],"character_chosen":"THE_SILENT","items_purchased":["Infinite Blades"],"campfire_rested":0,"item_purchase_floors":[4],"current_hp_per_floor":[70,70,70,70,70,70,70,70,70,70,70,70,70,53,53,36,70,58,58,58,48,42,0],"gold":397,"neow_bonus":"THREE_ENEMY_KILL","is_prod":false,"is_daily":false,"chose_seed":false,"campfire_upgraded":4,"win_rate":0,"timestamp":1558678740,"path_taken":["M","?","?","?","$","E","M","R","T","M","R","?","R","M","R","BOSS","M","?","?","M","M","E"],"build_version":"2019-01-23","purchased_purges":0,"victory":false,"max_hp_per_floor":[70,70,70,70,70,70,70,70,70,70,70,70,70,70,70,70,70,70,70,70,70,70,70],"card_choices":[{"not_picked":["Leg Sweep","Dagger Spray"],"picked":"Bouncing Flask","floor":1},{"not_picked":["Acrobatics","Dodge and Roll"],"picked":"Bane","floor":3},{"not_picked":["PiercingWail","Dodge and Roll","Eviscerate"],"picked":"SKIP","floor":6},{"not_picked":["Skewer","Flying Knee"],"picked":"Finisher","floor":7},{"not_picked":["Setup","Prepared","Predator"],"picked":"SKIP","floor":10},{"not_picked":["Wraith Form v2","Predator"],"picked":"Endless Agony","floor":14},{"not_picked":["Predator","PiercingWail","Deadly Poison"],"picked":"SKIP","floor":18},{"not_picked":["Prepared+1","Bane","Dodge and Roll"],"picked":"SKIP","floor":21},{"not_picked":["Choke","Blade Dance"],"picked":"Envenom","floor":22}],"player_experience":426256,"relics_obtained":[{"floor":6,"key":"War Paint"},{"floor":9,"key":"Letter Opener"}],"event_choices":[{"damage_healed":0,"gold_gain":0,"player_choice":"Upgraded","damage_taken":0,"max_hp_gain":0,"max_hp_loss":0,"event_name":"Upgrade Shrine","floor":2,"gold_loss":0,"cards_upgraded":["Bouncing Flask"]},{"damage_healed":0,"gold_gain":30,"player_choice":"Searched \u00272\u0027 times","damage_taken":0,"relics_obtained":["Oddly Smooth Stone"],"max_hp_gain":0,"max_hp_loss":0,"event_name":"Dead Adventurer","floor":12,"gold_loss":0},{"damage_healed":0,"gold_gain":30,"player_choice":"Searched \u00272\u0027 times","damage_taken":0,"relics_obtained":["Oddly Smooth Stone"],"max_hp_gain":0,"max_hp_loss":0,"event_name":"Dead Adventurer","floor":12,"gold_loss":0},{"damage_healed":0,"gold_gain":0,"player_choice":"Opened","damage_taken":0,"relics_obtained":["Smiling Mask"],"max_hp_gain":0,"max_hp_loss":0,"event_name":"The Mausoleum","floor":19,"gold_loss":0,"cards_obtained":["Writhe"]},{"damage_healed":0,"gold_gain":0,"player_choice":"Ignored","damage_taken":0,"max_hp_gain":0,"max_hp_loss":0,"event_name":"NoteForYourself","floor":20,"gold_loss":0}],"is_beta":false,"boss_relics":[{"not_picked":["Sozu","Philosopher\u0027s Stone"],"picked":"WristBlade"}],"items_purged_floors":[],"is_endless":false,"potions_floor_spawned":[1,10,14,22],"killed_by":"Slavers","ascension_level":0}