{"gold_per_floor":[115,133,143,158,174,174,204,204,204,204,238,251,251,140,140,140],"floor_reached":16,"playtime":582,"items_purged":[],"score":224,"play_id":"a0dc9351-e77d-42a0-a58e-98882ae0ab0d","local_time":"20181024195311","is_ascension_mode":true,"campfire_choices":[{"data":"Neutralize","floor":6,"key":"SMITH"},{"data":"Terror","floor":8,"key":"SMITH"},{"data":"Dash","floor":10,"key":"SMITH"},{"data":"Dodge and Roll","floor":15,"key":"SMITH"}],"neow_cost":"TEN_PERCENT_HP_LOSS","seed_source_timestamp":1294535181349428,"circlet_count":0,"master_deck":["Defend_G","Defend_G","Defend_G","Defend_G","Defend_G","Strike_G","Strike_G","Strike_G","Strike_G","Strike_G","Survivor","Neutralize+1","AscendersBane","Terror+1","Dash+1","Backstab","Dodge and Roll+1","Dagger Spray","Heel Hook","Deflect","Regret"],"relics":["Ring of the Snake","Ginger","Gremlin Horn","Dodecahedron","The Courier","Blood Vial","Matryoshka"],"potions_floor_usage":[7,11,11],"damage_taken":[{"damage":6,"enemies":"Small Slimes","floor":1,"turns":5},{"damage":5,"enemies":"2 Louse","floor":2,"turns":4},{"damage":0,"enemies":"Jaw Worm","floor":3,"turns":3},{"damage":3,"enemies":"Red Slaver","floor":4,"turns":4},{"damage":0,"enemies":"Exordium Wildlife","floor":5,"turns":3},{"damage":6,"enemies":"3 Sentries","floor":7,"turns":9},{"damage":6,"enemies":"Gremlin Nob","floor":11,"turns":4},{"damage":9,"enemies":"3 Louse","floor":12,"turns":3},{"damage":27,"enemies":"The Guardian","floor":16,"turns":9}],"seed_played":"-2255419300388783295","potions_obtained":[{"floor":1,"key":"Ancient Potion"},{"floor":3,"key":"LiquidBronze"},{"floor":7,"key":"GamblersBrew"}],"is_trial":false,"path_per_floor":["M","M","M","M","M","R","E","R","T","R","E","M","?","?","R"],"character_chosen":"THE_SILENT","items_purchased":[],"campfire_rested":0,"item_purchase_floors":[],"current_hp_per_floor":[53,48,48,45,45,45,39,39,39,39,33,24,24,24,24,0],"gold":140,"neow_bonus":"ONE_RARE_RELIC","is_prod":false,"is_daily":false,"chose_seed":false,"campfire_upgraded":4,"win_rate":0,"timestamp":1540425191,"path_taken":["M","M","M","M","M","R","E","R","T","R","E","M","?","?","R","BOSS"],"build_version":"2018-10-18","purchased_purges":0,"victory":false,"max_hp_per_floor":[60,60,60,60,60,60,60,60,60,60,60,60,60,60,60,60],"card_choices":[{"not_picked":["Distraction","Slice"],"picked":"Terror","floor":1},{"not_picked":["Tactician","Dagger Spray"],"picked":"Dash","floor":2},{"not_picked":["Heel Hook","Choke"],"picked":"Backstab","floor":3},{"not_picked":["Deflect","Outmaneuver"],"picked":"Dodge and Roll","floor":4},{"not_picked":["Tactician","Crippling Poison"],"picked":"Dagger Spray","floor":5},{"not_picked":["Reflex","Deflect"],"picked":"Heel Hook","floor":7},{"not_picked":["Acrobatics","Setup","Flying Knee"],"picked":"SKIP","floor":11},{"not_picked":["Storm of Steel","Cloak And Dagger"],"picked":"Deflect","floor":12}],"player_experience":816992,"relics_obtained":[{"floor":7,"key":"Gremlin Horn"},{"floor":9,"key":"Dodecahedron"},{"floor":11,"key":"The Courier"}],"event_choices":[{"damage_healed":0,"gold_gain":0,"player_choice":"Box","damage_taken":0,"relics_obtained":["Blood Vial"],"max_hp_gain":0,"max_hp_loss":0,"event_name":"Big Fish","floor":13,"gold_loss":0,"cards_obtained":["Regret"]},{"damage_healed":0,"gold_gain":0,"player_choice":"Paid Gold","damage_taken":0,"relics_obtained":["Matryoshka"],"max_hp_gain":0,"max_hp_loss":0,"event_name":"WeMeetAgain","floor":14,"gold_loss":111}],"is_beta":false,"boss_relics":[],"items_purged_floors":[],"is_endless":false,"potions_floor_spawned":[1,3,4,7],"killed_by":"The Guardian","ascension_level":20}