{"gold_per_floor":[114,134,134,151,165,192,192,220,220,234,3,63,63,80,80,151,151,161,161,161,181,20,20,45,60,60,60,76,76,76,110,110,182,182,198,210,210,37,137,137],"floor_reached":40,"playtime":1686,"items_purged":[],"score":896,"play_id":"e7585cc2-a435-4bd2-bf25-663fd2e064ca","local_time":"20190301194044","is_ascension_mode":true,"campfire_choices":[{"floor":7,"key":"REST"},{"data":"Fission","floor":15,"key":"SMITH"},{"floor":23,"key":"REST"},{"data":"Chill","floor":27,"key":"SMITH"},{"data":"Darkness","floor":29,"key":"SMITH"},{"data":"Echo Form","floor":30,"key":"SMITH"},{"floor":32,"key":"REST"}],"neow_cost":"CURSE","seed_source_timestamp":47465462411817,"circlet_count":0,"master_deck":["AscendersBane","Strike_B+1","Defend_B","Defend_B","Defend_B","Defend_B","Zap+1","Dualcast","Fission+1","Auto Shields","Compile Driver","FTL+1","Go for the Eyes","Stack","BootSequence","Coolheaded","Coolheaded","Capacitor","Electrodynamics","Electrodynamics","Ball Lightning+1","Electrodynamics+1","Hyperbeam+1","Darkness+1","Chill+1","Steam","Echo Form+1","Conserve Battery","Cold Snap","Conserve Battery+1","FTL+1","Fission","Cold Snap+1","Force Field+1","Barrage+1"],"relics":["Cracked Core","Cables","Dream Catcher","Mercury Hourglass","Vajra","Lee\u0027s Waffle","Smiling Mask","Spirit Poop","Astrolabe","WingedGreaves","PreservedInsect","Anchor","Symbiotic Virus","Whetstone","Philosopher\u0027s Stone","Art of War","Calipers"],"potions_floor_usage":[6,8,8,16,33,40],"damage_taken":[{"damage":18,"enemies":"Jaw Worm","floor":1,"turns":4},{"damage":6,"enemies":"Cultist","floor":2,"turns":4},{"damage":0,"enemies":"Small Slimes","floor":4,"turns":2},{"damage":6,"enemies":"Red Slaver","floor":5,"turns":3},{"damage":30,"enemies":"3 Sentries","floor":6,"turns":7},{"damage":7,"enemies":"Lagavulin","floor":8,"turns":7},{"damage":4,"enemies":"Blue Slaver","floor":10,"turns":3},{"damage":26,"enemies":"Lagavulin Event","floor":12,"turns":7},{"damage":0,"enemies":"Lots of Slimes","floor":14,"turns":2},{"damage":12,"enemies":"Hexaghost","floor":16,"turns":12},{"damage":23,"enemies":"Shell Parasite","floor":18,"turns":6},{"damage":2,"enemies":"Chosen","floor":21,"turns":3},{"damage":6,"enemies":"Gremlin Leader","floor":24,"turns":3},{"damage":0,"enemies":"Snake Plant","floor":25,"turns":3},{"damage":5,"enemies":"Shelled Parasite and Fungi","floor":28,"turns":6},{"damage":24,"enemies":"Book of Stabbing","floor":31,"turns":4},{"damage":37,"enemies":"Champ","floor":33,"turns":11},{"damage":13,"enemies":"Orb Walker","floor":35,"turns":3},{"damage":0,"enemies":"3 Darklings","floor":36,"turns":3},{"damage":0,"enemies":"Mind Bloom Boss Battle","floor":39,"turns":5},{"damage":64,"enemies":"Giant Head","floor":40,"turns":6}],"seed_played":"5825516158721285706","potions_obtained":[{"floor":1,"key":"Fire Potion"},{"floor":5,"key":"Fire Potion"},{"floor":6,"key":"Strength Potion"},{"floor":12,"key":"Dexterity Potion"},{"floor":16,"key":"PowerPotion"},{"floor":21,"key":"Explosive Potion"}],"is_trial":false,"path_per_floor":["M","M","?","M","M","E","R","E","T","M","$","?","?","M","R","B",null,"M","T","?","M","$","R","E","M","T","R","M","R","R","E","R","B",null,"M","M","$","$","?","E"],"character_chosen":"DEFECT","items_purchased":["Lee\u0027s Waffle","PreservedInsect","Art of War"],"campfire_rested":3,"item_purchase_floors":[11,22,38],"current_hp_per_floor":[46,40,40,40,34,4,25,18,18,14,78,52,52,52,52,40,69,46,46,46,44,44,67,61,61,61,61,56,56,56,32,55,18,63,50,50,50,50,50,0],"gold":137,"neow_bonus":"THREE_RARE_CARDS","is_prod":false,"is_daily":false,"chose_seed":false,"campfire_upgraded":4,"win_rate":0,"timestamp":1551487244,"path_taken":["M","M","?","?","M","E","R","E","T","M","$","?","?","M","R","BOSS","M","?","?","?","$","R","E","M","T","R","M","R","R","E","R","BOSS","M","M","$","$","?","E"],"build_version":"2019-01-23","purchased_purges":0,"victory":false,"max_hp_per_floor":[71,71,71,71,71,71,71,71,71,71,78,78,78,78,78,78,78,78,78,78,78,78,78,78,78,78,78,78,78,78,78,78,78,78,78,78,78,78,78,78],"card_choices":[{"not_picked":["Machine Learning","Amplify"],"picked":"Fission","floor":0},{"not_picked":["Beam Cell","Gash"],"picked":"Auto Shields","floor":1},{"not_picked":["Stack","Steam"],"picked":"Compile Driver","floor":2},{"not_picked":["Reinforced Body","Streamline"],"picked":"FTL","floor":4},{"not_picked":["Sunder","Conserve Battery"],"picked":"Go for the Eyes","floor":5},{"not_picked":["Aggregate","Leap"],"picked":"Stack","floor":6},{"not_picked":["Ball Lightning","Streamline"],"picked":"BootSequence","floor":7},{"not_picked":["Double Energy","Turbo"],"picked":"Coolheaded","floor":8},{"not_picked":["Streamline","Leap"],"picked":"Coolheaded","floor":10},{"not_picked":["Reinforced Body","Redo"],"picked":"Capacitor","floor":12},{"not_picked":["Turbo","Beam Cell"],"picked":"Electrodynamics","floor":14},{"not_picked":["Machine Learning","Hyperbeam"],"picked":"Electrodynamics","floor":16},{"not_picked":["Loop+1","Gash"],"picked":"Darkness","floor":18},{"not_picked":["Gash","Skim"],"picked":"Chill","floor":21},{"not_picked":["Stack","Rip and Tear"],"picked":"Steam","floor":23},{"not_picked":["Ball Lightning","Consume"],"picked":"Echo Form","floor":24},{"not_picked":["Go for the Eyes","Melter"],"picked":"Conserve Battery","floor":25},{"not_picked":["Turbo","Chaos"],"picked":"Cold Snap","floor":28},{"not_picked":["Coolheaded","Go for the Eyes"],"picked":"Conserve Battery+1","floor":31},{"not_picked":["Hologram","Stack"],"picked":"FTL+1","floor":32},{"not_picked":["Thunder Strike","Rainbow"],"picked":"Fission","floor":33},{"not_picked":["Rip and Tear","Blizzard"],"picked":"Cold Snap+1","floor":35},{"not_picked":["Hello World","FTL"],"picked":"Force Field+1","floor":36},{"not_picked":["Go for the Eyes","Leap"],"picked":"Barrage+1","floor":39}],"player_experience":410903,"relics_obtained":[{"floor":3,"key":"Cables"},{"floor":6,"key":"Dream Catcher"},{"floor":8,"key":"Mercury Hourglass"},{"floor":9,"key":"Vajra"},{"floor":12,"key":"Smiling Mask"},{"floor":19,"key":"WingedGreaves"},{"floor":24,"key":"Anchor"},{"floor":26,"key":"Symbiotic Virus"},{"floor":31,"key":"Whetstone"},{"floor":39,"key":"Calipers"}],"event_choices":[{"damage_healed":0,"gold_gain":0,"player_choice":"Relic","damage_taken":0,"max_hp_gain":0,"max_hp_loss":0,"event_name":"Wheel of Change","floor":3,"gold_loss":0},{"damage_healed":0,"gold_gain":30,"player_choice":"Searched \u00272\u0027 times","damage_taken":0,"max_hp_gain":0,"max_hp_loss":0,"event_name":"Dead Adventurer","floor":12,"gold_loss":0},{"cards_removed":["Decay"],"damage_healed":0,"gold_gain":0,"player_choice":"Offered Curse","damage_taken":0,"relics_obtained":["Spirit Poop"],"max_hp_gain":0,"max_hp_loss":0,"event_name":"Bonfire Elementals","floor":13,"gold_loss":0},{"damage_healed":0,"gold_gain":0,"player_choice":"Upgraded","damage_taken":0,"max_hp_gain":0,"max_hp_loss":0,"event_name":"Upgrade Shrine","floor":20,"gold_loss":0,"cards_upgraded":["Zap"]},{"damage_healed":0,"gold_gain":0,"player_choice":"Fight","damage_taken":0,"max_hp_gain":0,"max_hp_loss":0,"event_name":"MindBloom","floor":39,"gold_loss":0}],"is_beta":false,"boss_relics":[{"not_picked":["Eternal Feather","Fusion Hammer"],"picked":"Astrolabe"},{"not_picked":["Calling Bell","Tiny House"],"picked":"Philosopher\u0027s Stone"}],"items_purged_floors":[],"is_endless":false,"potions_floor_spawned":[1,5,6,12,16,21,24,28],"killed_by":"Giant Head","ascension_level":18}