{"gold_per_floor":[109,109,20,20,38,38,77,102,148,248,267,267,290,313,313,406,406,395,409,409,409,71,86,86,117,117,135,135,155,155,12,12,110,110,135,203,218,218,239,273,273,273,273,173,11,31,0,15,15,15],"floor_reached":51,"playtime":2583,"items_purged":["Defend_G","Defend_G","Strike_G"],"score":1217,"play_id":"0735b093-9058-4b5a-9cf6-f5eac22cf4c3","local_time":"20180716183735","is_ascension_mode":true,"campfire_choices":[{"data":"Riddle With Holes","floor":6,"key":"SMITH"},{"floor":12,"key":"REST"},{"data":"Cloak And Dagger","floor":15,"key":"SMITH"},{"data":"After Image","floor":24,"key":"SMITH"},{"data":"Footwork","floor":30,"key":"SMITH"},{"data":"Neutralize","floor":32,"key":"SMITH"},{"data":"Footwork","floor":41,"key":"SMITH"},{"data":"Accuracy","floor":49,"key":"SMITH"}],"neow_cost":"","seed_source_timestamp":211537066919675,"circlet_count":0,"master_deck":["Defend_G","Defend_G","Strike_G+1","Survivor","Neutralize+1","AscendersBane","Poisoned Stab+1","Riddle With Holes+1","Deflect","Cloak And Dagger+1","Escape Plan+1","PiercingWail+1","Backflip+1","Doppelganger+1","Calculated Gamble+1","After Image+1","Terror+1","Backflip+1","Footwork+1","Blade Dance+1","Dagger Spray","Envenom+1","All Out Attack+1","Tools of the Trade+1","Corpse Explosion+1","Dodge and Roll+1","Cloak And Dagger+1","Acrobatics+1","Footwork+1","Well Laid Plans+1","Secret Weapon+1","Accuracy+1"],"relics":["Ring of the Snake","Golden Idol","Shuriken","Toxic Egg 2","Blood Vial","Sozu","Toolbox","Ornamental Fan","Bottled Flame","Potion Belt","Pen Nib","Astrolabe","Bird Faced Urn","Art of War","Whetstone","Red Mask"],"potions_floor_usage":[13,40,50],"damage_taken":[{"damage":5,"enemies":"2 Louse","floor":1,"turns":3},{"damage":0,"enemies":"Cultist","floor":5,"turns":3},{"damage":26,"enemies":"Gremlin Nob","floor":7,"turns":4},{"damage":5,"enemies":"Jaw Worm","floor":8,"turns":4},{"damage":15,"enemies":"Large Slime","floor":11,"turns":4},{"damage":9,"enemies":"Gremlin Gang","floor":13,"turns":5},{"damage":0,"enemies":"Blue Slaver","floor":14,"turns":3},{"damage":5,"enemies":"Hexaghost","floor":16,"turns":9},{"damage":3,"enemies":"2 Thieves","floor":18,"turns":4},{"damage":2,"enemies":"Spheric Guardian","floor":19,"turns":4},{"damage":0,"enemies":"3 Cultists","floor":23,"turns":5},{"damage":0,"enemies":"Book of Stabbing","floor":25,"turns":5},{"damage":0,"enemies":"Snecko","floor":27,"turns":5},{"damage":0,"enemies":"Centurion and Healer","floor":29,"turns":4},{"damage":12,"enemies":"Collector","floor":33,"turns":8},{"damage":2,"enemies":"3 Darklings","floor":35,"turns":3},{"damage":16,"floor":36,"turns":4},{"damage":0,"enemies":"3 Shapes","floor":37,"turns":2},{"damage":0,"enemies":"Flame Bruiser 2 Orb","floor":39,"turns":6},{"damage":11,"enemies":"Nemesis","floor":40,"turns":7},{"damage":0,"enemies":"Sphere and 2 Shapes","floor":46,"turns":3},{"damage":9,"enemies":"Transient","floor":48,"turns":5},{"damage":26,"enemies":"Time Eater","floor":50,"turns":9}],"seed_played":"5858311969625678887","potions_obtained":[{"floor":5,"key":"GamblersBrew"},{"floor":8,"key":"Weak Potion"},{"floor":14,"key":"GamblersBrew"}],"is_trial":false,"path_per_floor":["M","?","$","T","M","R","E","M","T","?","M","R","M","M","R","B",null,"M","M","?","?","$","M","R","E","T","M","?","M","R","$","R","B",null,"M","?","M","?","M","E","R","?","T","$","$","M","?","M","R","B"],"character_chosen":"THE_SILENT","items_purchased":["Riddle With Holes","Deflect","Toolbox","Footwork","Pen Nib","Accuracy"],"campfire_rested":1,"item_purchase_floors":[3,3,22,22,31,45],"current_hp_per_floor":[54,54,54,54,54,54,28,23,23,23,10,28,21,23,23,20,51,50,50,50,50,50,52,52,54,54,56,56,58,58,58,58,48,58,58,45,53,53,61,52,52,47,47,47,47,61,61,58,58,41],"gold":15,"neow_bonus":"","is_prod":false,"is_daily":false,"chose_seed":false,"campfire_upgraded":7,"win_rate":0,"timestamp":1531780655,"path_taken":["M","?","?","?","M","R","E","M","T","?","M","R","M","?","R","BOSS","M","M","?","?","$","M","R","E","T","M","?","?","R","?","R","BOSS","M","?","M","?","?","E","R","?","T","?","$","M","?","M","R","BOSS"],"build_version":"2018-07-12","purchased_purges":3,"victory":true,"max_hp_per_floor":[66,61,61,61,61,61,61,61,61,61,61,61,61,61,61,61,61,61,61,61,61,61,61,61,61,61,61,61,61,61,61,61,61,61,61,61,61,61,61,61,61,61,61,61,61,61,61,61,61,61],"card_choices":[{"not_picked":["Underhanded Strike","Backflip"],"picked":"Poisoned Stab","floor":1},{"not_picked":["Poisoned Stab","Quick Slash"],"picked":"Cloak And Dagger","floor":5},{"not_picked":["Quick Slash","Doppelganger"],"picked":"Escape Plan","floor":7},{"not_picked":["Poisoned Stab","Deadly Poison+1"],"picked":"PiercingWail+1","floor":8},{"not_picked":["Acrobatics+1","Prepared+1"],"picked":"Backflip+1","floor":11},{"not_picked":["Deflect+1","Deadly Poison+1"],"picked":"Doppelganger+1","floor":13},{"not_picked":["Slice","Deadly Poison+1"],"picked":"Calculated Gamble+1","floor":14},{"not_picked":["Unload","Envenom"],"picked":"After Image","floor":16},{"not_picked":["Bouncing Flask+1","Underhanded Strike"],"picked":"Terror+1","floor":18},{"not_picked":["Deadly Poison+1","Expertise+1"],"picked":"Backflip+1","floor":19},{"not_picked":["Deadly Poison+1","Calculated Gamble+1","Dagger Throw"],"picked":"SKIP","floor":23},{"not_picked":["Bane","Masterful Stab","Grand Finale"],"picked":"SKIP","floor":25},{"not_picked":["Deadly Poison+1","Underhanded Strike"],"picked":"Blade Dance+1","floor":27},{"not_picked":["Riddle With Holes","Bane"],"picked":"Dagger Spray","floor":29},{"not_picked":["A Thousand Cuts","Doppelganger+1"],"picked":"Envenom","floor":33},{"not_picked":["Reflex+1","Flying Knee"],"picked":"Dodge and Roll+1","floor":35},{"not_picked":["Eviscerate","Reflex+1"],"picked":"Cloak And Dagger+1","floor":36},{"not_picked":["Outmaneuver+1","Heel Hook"],"picked":"Acrobatics+1","floor":37},{"not_picked":["Deadly Poison+1","Bane"],"picked":"Footwork","floor":39},{"not_picked":["Dash","Terror+1"],"picked":"Well Laid Plans+1","floor":40},{"not_picked":["Enlightenment+1","Trip+1"],"picked":"Secret Weapon+1","floor":42},{"not_picked":["Underhanded Strike+1","Quick Slash","Bane"],"picked":"SKIP","floor":46},{"not_picked":["Dash","Poisoned Stab","Masterful Stab"],"picked":"SKIP","floor":48}],"player_experience":474846,"relics_obtained":[{"floor":4,"key":"Shuriken"},{"floor":7,"key":"Toxic Egg 2"},{"floor":9,"key":"Blood Vial"},{"floor":25,"key":"Ornamental Fan"},{"floor":26,"key":"Bottled Flame"},{"floor":36,"key":"Bird Faced Urn"},{"floor":40,"key":"Art of War"},{"floor":43,"key":"Whetstone"}],"event_choices":[{"event_name":"Golden Idol","player_choice":"Lose Max HP","floor":2,"damage_taken":0},{"event_name":"Golden Shrine","player_choice":"Pray","floor":10,"damage_taken":0},{"event_name":"Purifier","player_choice":"One Purge","floor":20,"damage_taken":0},{"event_name":"The Woman in Blue","player_choice":"Bought 0 Potions","floor":21,"damage_taken":0},{"event_name":"The Mausoleum","player_choice":"Yes","floor":28,"damage_taken":0},{"event_name":"Mysterious Sphere","player_choice":"Fight","floor":36,"damage_taken":0},{"event_name":"Upgrade Shrine","player_choice":"Upgraded","floor":38,"damage_taken":0},{"event_name":"SensoryStone","player_choice":"Memory 2","floor":42,"damage_taken":0},{"event_name":"Tomb of Lord Red Mask","player_choice":"Paid","floor":47,"damage_taken":0}],"boss_relics":[{"not_picked":["Busted Crown","Tiny House"],"picked":"Sozu"},{"not_picked":["Calling Bell","Philosopher\u0027s Stone"],"picked":"Astrolabe"}],"items_purged_floors":[22,44,45],"is_endless":false,"potions_floor_spawned":[5,8,14,19,23,29,35,39],"ascension_level":14}