{"path_per_floor":["M","M","M","?","$","E","R","E","T","M","M","E","T","M","R"],"character_chosen":"THE_SILENT","items_purchased":["Blur"],"gold_per_floor":[117,137,150,150,79,114,114,144,144,154,164,197,224,241,241],"floor_reached":16,"campfire_rested":2,"playtime":1679,"current_hp_per_floor":[68,64,61,61,61,39,60,48,48,48,38,12,12,11,32],"items_purged":[],"gold":241,"score":122,"play_id":"2a52c0c8-ff67-4b01-be79-dd508b5d0c9f","is_prod":false,"is_daily":false,"is_ascension_mode":false,"campfire_upgraded":0,"path_taken":["M","M","?","?","$","E","R","E","T","M","?","E","?","?","R","BOSS"],"build_version":"2018-02-15-PROD1","purchased_purges":0,"victory":false,"master_deck":["Defend_G","Defend_G","Defend_G","Defend_G","Defend_G","Strike_G","Strike_G","Strike_G","Strike_G","Strike_G","Survivor","Neutralize","Well Laid Plans","Bouncing Flask","Infinite Blades","Blur","Terror","Outmaneuver","Storm of Steel","Flying Knee","Blade Dance","Backstab"],"max_hp_per_floor":[70,70,70,70,70,70,70,70,70,70,70,70,70,70,70],"relics":["Question Card","Torii","Lantern","Bottled Lightning","Bottled Flame","Orichalcum"],"card_choices":[{"not_picked":["Sucker Punch","Bouncing Flask","Deadly Poison"],"picked":"Well Laid Plans"},{"not_picked":["Slice","Sucker Punch","PiercingWail"],"picked":"Bouncing Flask"},{"not_picked":["Backflip","Masterful Stab","Sucker Punch"],"picked":"Infinite Blades"},{"not_picked":["Bouncing Flask","Acrobatics","Poisoned Stab"],"picked":"Terror"},{"not_picked":["Heel Hook","PiercingWail","Slice"],"picked":"Outmaneuver"},{"not_picked":["Deflect","Reflex","Backflip"],"picked":"Storm of Steel"},{"not_picked":["Poisoned Stab","Expertise","PiercingWail"],"picked":"Flying Knee"},{"not_picked":["Poisoned Stab","Dagger Throw","Quick Slash"],"picked":"Blade Dance"},{"not_picked":["Dagger Spray","Calculated Gamble","Endless Agony"],"picked":"Backstab"}],"player_experience":116528,"potions_floor_usage":[6,12,16],"damage_taken":[{"damage":2,"enemies":"Cultist","floor":1,"turns":6},{"damage":4,"enemies":"Jaw Worm","floor":2,"turns":5},{"damage":3,"enemies":"2 Louse","floor":3,"turns":3},{"damage":22,"enemies":"Lagavulin","floor":6,"turns":6},{"damage":12,"enemies":"3 Sentries","floor":8,"turns":13},{"damage":0,"enemies":"Large Slime","floor":10,"turns":9},{"damage":10,"enemies":"Looter","floor":11,"turns":4},{"damage":26,"enemies":"Gremlin Nob","floor":12,"turns":4},{"damage":1,"enemies":"2 Fungi Beasts","floor":14,"turns":4},{"damage":38,"enemies":"Slime Boss","floor":16,"turns":8}],"event_choices":[{"event_name":"Golden Wing","player_choice":"Ignored","floor":4,"damage_taken":0}],"boss_relics":[],"potions_floor_spawned":[3,11,14],"seed_played":"2131801534639003580","killed_by":"Slime Boss","ascension_level":0,"is_trial":false}