{"gold_per_floor":[116,129,229,247,260,294,294,319,319,319,337,337,362,375,375,477,477,493,493,493,493,503,503,78,96,121,149,49,76,76,90,90,193,193,212,212,71,46,57,92,92,126,152,152,167,179,191,205,205,205],"floor_reached":51,"playtime":2877,"items_purged":["Writhe","Doubt"],"score":1197,"play_id":"03027972-5b4d-44ee-94c7-0980bcd78ac3","local_time":"20190223124908","is_ascension_mode":true,"campfire_choices":[{"data":"Zap","floor":7,"key":"SMITH"},{"data":"Dualcast","floor":10,"key":"SMITH"},{"data":"Chill","floor":12,"key":"SMITH"},{"floor":15,"key":"REST"},{"floor":23,"key":"REST"},{"floor":30,"key":"REST"},{"data":"Chrysalis","floor":32,"key":"SMITH"},{"floor":41,"key":"REST"},{"floor":44,"key":"REST"},{"floor":49,"key":"REST"}],"neow_cost":"NONE","seed_source_timestamp":906438091698203,"circlet_count":0,"master_deck":["AscendersBane","Strike_B+1","Strike_B+1","Strike_B+1","Strike_B+1","Defend_B+1","Defend_B+1","Defend_B+1","Defend_B+1","Zap+1","Dualcast+1","Ball Lightning","Compile Driver","Chill+1","Auto Shields","Compile Driver","Barrage","Cold Snap","Coolheaded","Core Surge","Loop","Beam Cell","Chrysalis+1","Conserve Battery","Doom and Gloom","Go for the Eyes","Hologram","Electrodynamics","Go for the Eyes","Creative AI","Capacitor","Turbo","Hologram","Leap","Redo+1","Steam","Turbo+1","Doubt","All For One","Turbo+1","Stack","Cold Snap+1","FTL"],"relics":["FrozenCore","NeowsBlessing","Shuriken","Blue Candle","Matryoshka","Orichalcum","Cursed Key","Nilry\u0027s Codex","Pen Nib","DataDisk","Letter Opener","Bronze Scales","Kunai","Bag of Preparation","Sundial","Dream Catcher","Omamori","Ancient Tea Set"],"potions_floor_usage":[8,13,33,50,50],"damage_taken":[{"damage":0,"enemies":"Cultist","floor":1,"turns":1},{"damage":0,"enemies":"Jaw Worm","floor":2,"turns":1},{"damage":0,"enemies":"2 Louse","floor":4,"turns":1},{"damage":3,"enemies":"Large Slime","floor":5,"turns":5},{"damage":18,"enemies":"3 Sentries","floor":6,"turns":7},{"damage":5,"enemies":"Gremlin Nob","floor":8,"turns":3},{"damage":0,"enemies":"Looter","floor":11,"turns":3},{"damage":12,"enemies":"Lagavulin","floor":13,"turns":5},{"damage":0,"enemies":"2 Fungi Beasts","floor":14,"turns":3},{"damage":41,"enemies":"Hexaghost","floor":16,"turns":10},{"damage":13,"enemies":"2 Thieves","floor":18,"turns":4},{"damage":0,"enemies":"3 Byrds","floor":22,"turns":3},{"damage":13,"enemies":"Snake Plant","floor":25,"turns":4},{"damage":12,"enemies":"Gremlin Leader","floor":27,"turns":8},{"damage":9,"enemies":"Book of Stabbing","floor":29,"turns":4},{"damage":0,"enemies":"Shelled Parasite and Fungi","floor":31,"turns":3},{"damage":22,"enemies":"Collector","floor":33,"turns":9},{"damage":0,"enemies":"Orb Walker","floor":35,"turns":2},{"damage":32,"enemies":"3 Darklings","floor":39,"turns":4},{"damage":12,"enemies":"Giant Head","floor":40,"turns":8},{"damage":5,"enemies":"Nemesis","floor":42,"turns":11},{"damage":11,"enemies":"Transient","floor":45,"turns":5},{"damage":15,"enemies":"Spire Growth","floor":46,"turns":6},{"damage":0,"enemies":"4 Shapes","floor":47,"turns":7},{"damage":8,"enemies":"Writhing Mass","floor":48,"turns":8},{"damage":27,"enemies":"Awakened One","floor":50,"turns":12}],"seed_played":"7226312704648750953","potions_obtained":[{"floor":1,"key":"Poison Potion"},{"floor":2,"key":"FocusPotion"},{"floor":11,"key":"Ancient Potion"},{"floor":27,"key":"GamblersBrew"},{"floor":40,"key":"FocusPotion"}],"is_trial":false,"path_per_floor":["M","M","?","M","M","E","R","E","T","R","M","R","E","M","R","B",null,"M","?","?","?","M","R","$","M","T","E","$","E","R","M","R","B",null,"M","?","$","$","M","E","R","E","T","R","M","M","M","M","R","B",null],"character_chosen":"DEFECT","items_purchased":["DataDisk","Chrysalis","Capacitor","Turbo","Hologram","Leap"],"campfire_rested":6,"item_purchase_floors":[24,24,37,37,37,38],"current_hp_per_floor":[68,68,68,68,65,47,47,42,42,42,42,42,30,30,52,11,59,46,30,30,30,30,52,52,39,39,27,27,18,40,40,40,18,61,61,61,61,61,29,17,39,34,34,56,45,30,30,22,44,17],"gold":205,"neow_bonus":"THREE_ENEMY_KILL","is_prod":false,"is_daily":false,"chose_seed":false,"campfire_upgraded":4,"win_rate":0,"timestamp":1550944148,"path_taken":["M","?","?","M","?","E","R","E","T","R","M","R","E","M","R","BOSS","M","?","?","?","M","R","$","M","T","E","$","E","R","M","R","BOSS","M","?","?","$","M","E","R","E","T","R","M","?","M","M","R","BOSS"],"build_version":"2019-01-23","purchased_purges":2,"victory":true,"max_hp_per_floor":[75,75,75,75,75,75,75,75,75,75,75,75,75,75,75,75,75,75,75,75,75,75,75,75,75,75,75,75,75,75,75,75,75,75,75,75,75,75,75,75,75,75,75,75,75,75,75,75,75,75],"card_choices":[{"not_picked":["Capacitor","Beam Cell"],"picked":"Ball Lightning","floor":1},{"not_picked":["Stack","Turbo"],"picked":"Compile Driver","floor":2},{"not_picked":["Undo","Static Discharge","Redo"],"picked":"SKIP","floor":4},{"not_picked":["Loop","Compile Driver"],"picked":"Chill","floor":5},{"not_picked":["Chaos","Consume"],"picked":"Auto Shields","floor":6},{"not_picked":["Recycle","Machine Learning"],"picked":"Compile Driver","floor":8},{"not_picked":["Reprogram","Auto Shields"],"picked":"Barrage","floor":11},{"not_picked":["Redo","Ball Lightning"],"picked":"Cold Snap","floor":13},{"not_picked":["Barrage","Undo"],"picked":"Coolheaded","floor":14},{"not_picked":["Amplify","Multi-Cast"],"picked":"Core Surge","floor":16},{"not_picked":["Aggregate+1","Coolheaded"],"picked":"Loop","floor":18},{"not_picked":["Streamline","Compile Driver"],"picked":"Beam Cell","floor":22},{"not_picked":["Rip and Tear","Double Energy"],"picked":"Conserve Battery","floor":25},{"not_picked":["Tempest","Consume"],"picked":"Doom and Gloom","floor":27},{"not_picked":["Undo","Hologram"],"picked":"Go for the Eyes","floor":29},{"not_picked":["Reprogram","Consume"],"picked":"Hologram","floor":31},{"not_picked":["Seek","Hyperbeam"],"picked":"Electrodynamics","floor":33},{"not_picked":["Beam Cell+1","Coolheaded+1"],"picked":"Go for the Eyes","floor":35},{"not_picked":["Ball Lightning+1","Compile Driver"],"picked":"Redo+1","floor":39},{"not_picked":["Barrage","Redo"],"picked":"Steam","floor":40},{"not_picked":["Ball Lightning","Redo"],"picked":"Turbo+1","floor":42},{"not_picked":["Rip and Tear+1","Steam"],"picked":"All For One","floor":44},{"not_picked":["Rebound","Compile Driver"],"picked":"Turbo+1","floor":45},{"not_picked":["Static Discharge+1","Coolheaded"],"picked":"Stack","floor":46},{"not_picked":["Static Discharge","Redo"],"picked":"Cold Snap+1","floor":47},{"not_picked":["Turbo+1","Recycle"],"picked":"FTL","floor":48}],"player_experience":342754,"relics_obtained":[{"floor":6,"key":"Shuriken"},{"floor":8,"key":"Blue Candle"},{"floor":9,"key":"Matryoshka"},{"floor":13,"key":"Orichalcum"},{"floor":19,"key":"Nilry\u0027s Codex"},{"floor":26,"key":"Letter Opener"},{"floor":26,"key":"Bronze Scales"},{"floor":27,"key":"Kunai"},{"floor":29,"key":"Bag of Preparation"},{"floor":40,"key":"Sundial"},{"floor":42,"key":"Dream Catcher"},{"floor":43,"key":"Omamori"},{"floor":43,"key":"Ancient Tea Set"}],"event_choices":[{"damage_healed":0,"gold_gain":100,"player_choice":"Pray","damage_taken":0,"max_hp_gain":0,"max_hp_loss":0,"event_name":"Golden Shrine","floor":3,"gold_loss":0},{"damage_healed":0,"gold_gain":0,"player_choice":"Obtained Book","damage_taken":16,"max_hp_gain":0,"max_hp_loss":0,"event_name":"Cursed Tome","floor":19,"gold_loss":0},{"damage_healed":0,"gold_gain":0,"player_choice":"Opened","damage_taken":0,"relics_obtained":["Pen Nib"],"max_hp_gain":0,"max_hp_loss":0,"event_name":"The Mausoleum","floor":20,"gold_loss":0,"cards_obtained":["Writhe"]},{"damage_healed":0,"gold_gain":0,"player_choice":"Simplicity","damage_taken":0,"max_hp_gain":0,"max_hp_loss":0,"event_name":"Back to Basics","floor":21,"gold_loss":0,"cards_upgraded":["Strike_B","Strike_B","Strike_B","Strike_B","Defend_B","Defend_B","Defend_B","Defend_B"]},{"damage_healed":0,"gold_gain":0,"player_choice":"1 cards matched","damage_taken":0,"max_hp_gain":0,"max_hp_loss":0,"event_name":"Match and Keep!","floor":36,"gold_loss":0,"cards_obtained":["Creative AI"]}],"is_beta":false,"boss_relics":[{"not_picked":["Philosopher\u0027s Stone","Snecko Eye"],"picked":"Cursed Key"},{"not_picked":["Astrolabe","Runic Dome"],"picked":"FrozenCore"}],"items_purged_floors":[24,28],"is_endless":false,"potions_floor_spawned":[1,2,6,11,27,31,40,42,45,46,47],"ascension_level":12}