{"gold_per_floor":[116,23,23,42,56,56,138,167,190,216,226,242,270,288,288,385,385,403,481,404,414,258,291,291,323,347,5,5,25,25,25,25,128,128,139,165,165,182,200,200,6,6,32,48,0,32,44,71,71,71],"floor_reached":51,"playtime":6417,"items_purged":["Gash","Strike_B","Zap"],"score":775,"play_id":"b73b7ffb-e8f0-4312-9301-447b4083ce9a","local_time":"20180818152125","is_ascension_mode":true,"campfire_choices":[{"data":"Defragment","floor":6,"key":"SMITH"},{"floor":15,"key":"REST"},{"floor":24,"key":"REST"},{"floor":28,"key":"REST"},{"floor":30,"key":"REST"},{"data":"Buffer","floor":32,"key":"SMITH"},{"data":"Electrodynamics","floor":40,"key":"SMITH"},{"data":"Capacitor","floor":42,"key":"SMITH"},{"data":"Defragment","floor":49,"key":"SMITH"}],"neow_cost":"NONE","seed_source_timestamp":41444946030251,"circlet_count":0,"master_deck":["Dualcast+1","BootSequence+1","Defragment+1","Capacitor+1","Storm","Ball Lightning","Chill+1","Buffer+1","Electrodynamics+1","Self Repair","White Noise+1","Consume+1","Conserve Battery+1","Loop","Turbo+1","Apotheosis+1","Amplify+1","Double Energy+1","Self Repair","Rebound","Steam+1","Conserve Battery+1","Heatsinks+1","White Noise+1","Defragment+1"],"relics":["Cracked Core","Tiny Chest","Toxic Egg 2","Vajra","Happy Flower","Omamori","Empty Cage","Kunai","Oddly Smooth Stone","Question Card","Blood Vial","Pandora\u0027s Box","War Paint","Orichalcum","Red Mask","Bag of Marbles","Ginger"],"potions_floor_usage":[21,38,44,46,48],"damage_taken":[{"damage":1,"enemies":"Cultist","floor":1,"turns":3},{"damage":0,"enemies":"2 Louse","floor":4,"turns":2},{"damage":1,"enemies":"Jaw Worm","floor":5,"turns":2},{"damage":31,"enemies":"Lagavulin","floor":8,"turns":8},{"damage":6,"enemies":"Gremlin Nob","floor":10,"turns":3},{"damage":0,"enemies":"Red Slaver","floor":11,"turns":3},{"damage":0,"enemies":"Looter","floor":12,"turns":2},{"damage":6,"enemies":"3 Sentries","floor":13,"turns":6},{"damage":0,"enemies":"2 Fungi Beasts","floor":14,"turns":4},{"damage":14,"enemies":"Slime Boss","floor":16,"turns":8},{"damage":20,"enemies":"Shell Parasite","floor":18,"turns":6},{"damage":19,"enemies":"2 Thieves","floor":21,"turns":5},{"damage":48,"enemies":"Slavers","floor":23,"turns":4},{"damage":23,"enemies":"Gremlin Leader","floor":25,"turns":5},{"damage":8,"enemies":"Snecko","floor":29,"turns":5},{"damage":46,"enemies":"Collector","floor":33,"turns":7},{"damage":5,"enemies":"3 Shapes","floor":35,"turns":4},{"damage":0,"enemies":"Orb Walker","floor":38,"turns":3},{"damage":0,"enemies":"Maw","floor":39,"turns":7},{"damage":0,"enemies":"Transient","floor":44,"turns":5},{"damage":0,"enemies":"Giant Head","floor":46,"turns":10},{"damage":1,"enemies":"Spire Growth","floor":47,"turns":5},{"damage":9,"enemies":"2 Orb Walkers","floor":48,"turns":4},{"damage":6,"enemies":"Donu and Deca","floor":50,"turns":6}],"seed_played":"1694636850726848241","potions_obtained":[{"floor":8,"key":"SteroidPotion"},{"floor":10,"key":"Dexterity Potion"},{"floor":11,"key":"Poison Potion"},{"floor":29,"key":"LiquidBronze"},{"floor":33,"key":"GamblersBrew"},{"floor":39,"key":"Block Potion"},{"floor":44,"key":"Swift Potion"},{"floor":46,"key":"SpeedPotion"}],"is_trial":false,"path_per_floor":["M","$","$","M","M","R","T","E","T","E","M","M","E","M","R","B",null,"M","T","?","M","$","E","R","E","T","$","R","M","R","$","R","B",null,"M","T","?","M","M","R","$","R","T","M","?","E","M","E","R","B"],"character_chosen":"DEFECT","items_purchased":["Gash","Defragment","Consume+1","Turbo+1","Apotheosis+1","White Noise+1"],"campfire_rested":4,"item_purchase_floors":[2,2,22,27,27,41],"current_hp_per_floor":[81,81,81,81,80,80,80,49,49,43,43,43,37,37,61,47,82,62,62,62,50,50,9,33,17,17,17,41,42,66,66,66,32,82,82,82,82,82,82,82,82,82,82,82,82,82,82,82,82,82],"gold":71,"neow_bonus":"TEN_PERCENT_HP_BONUS","is_prod":false,"is_daily":false,"chose_seed":false,"campfire_upgraded":5,"win_rate":0,"timestamp":1534602085,"path_taken":["M","?","$","M","?","R","?","E","T","E","M","M","E","?","R","BOSS","M","?","?","?","$","E","R","E","T","$","R","M","R","?","R","BOSS","M","?","?","?","M","R","$","R","T","M","?","E","M","E","R","BOSS"],"build_version":"2018-08-09","purchased_purges":3,"victory":true,"max_hp_per_floor":[82,82,82,82,82,82,82,82,82,82,82,82,82,82,82,82,82,82,82,82,82,82,82,82,82,82,82,82,82,82,82,82,82,82,82,82,82,82,82,82,82,82,82,82,82,82,82,82,82,82],"card_choices":[{"not_picked":["Beam Cell","Coolheaded"],"picked":"BootSequence","floor":1},{"not_picked":["Blizzard","Coolheaded","Tempest"],"picked":"SKIP","floor":4},{"not_picked":["Blizzard","Coolheaded","Tempest"],"picked":"SKIP","floor":4},{"not_picked":["Turbo","Static Discharge"],"picked":"Capacitor","floor":5},{"not_picked":["Reprogram","Loop"],"picked":"Storm","floor":8},{"not_picked":["Turbo+1","Hologram+1"],"picked":"Ball Lightning","floor":10},{"not_picked":["Barrage","Steam+1"],"picked":"Chill+1","floor":11},{"not_picked":["Stack+1","Steam+1","Reinforced Body+1"],"picked":"SKIP","floor":12},{"not_picked":["Sweeping Beam","Steam+1","Chill+1"],"picked":"SKIP","floor":13},{"not_picked":["Hologram+1","Sweeping Beam"],"picked":"Buffer","floor":14},{"not_picked":["All For One","Machine Learning"],"picked":"Electrodynamics","floor":16},{"not_picked":["Reprogram+1","Go for the Eyes+1"],"picked":"Self Repair","floor":18},{"not_picked":["Streamline+1","Cold Snap+1"],"picked":"White Noise+1","floor":21},{"not_picked":["Fusion+1","Cold Snap"],"picked":"Conserve Battery+1","floor":23},{"not_picked":["Compile Driver","Redo+1"],"picked":"Loop","floor":25},{"not_picked":["Sunder","Core Surge","Stack+1","Conserve Battery+1"],"picked":"SKIP","floor":29},{"not_picked":["Rainbow+1","Multi-Cast+1","Electrodynamics"],"picked":"Amplify+1","floor":33},{"not_picked":["Barrage+1","Auto Shields+1","Steam+1","Rebound"],"picked":"SKIP","floor":35},{"not_picked":["Recycle+1","Go for the Eyes+1","Reprogram+1"],"picked":"Heatsinks+1","floor":38},{"not_picked":["Melter+1","Undo+1","Streamline","Static Discharge"],"picked":"SKIP","floor":39},{"not_picked":["Beam Cell+1","Sweeping Beam+1","Hologram+1","Compile Driver"],"picked":"SKIP","floor":44},{"not_picked":["Capacitor","Lockon","Blizzard","Cold Snap+1"],"picked":"SKIP","floor":46},{"not_picked":["Beam Cell+1","Reinforced Body+1","Turbo+1","FTL+1"],"picked":"SKIP","floor":47},{"not_picked":["Genetic Algorithm+1","Conserve Battery+1","Barrage+1"],"picked":"Defragment","floor":48}],"player_experience":424119,"relics_obtained":[{"floor":7,"key":"Tiny Chest"},{"floor":8,"key":"Toxic Egg 2"},{"floor":9,"key":"Vajra"},{"floor":10,"key":"Happy Flower"},{"floor":13,"key":"Omamori"},{"floor":19,"key":"Kunai"},{"floor":23,"key":"Oddly Smooth Stone"},{"floor":25,"key":"Question Card"},{"floor":26,"key":"Blood Vial"},{"floor":36,"key":"War Paint"},{"floor":43,"key":"Orichalcum"},{"floor":46,"key":"Bag of Marbles"},{"floor":48,"key":"Ginger"}],"event_choices":[{"event_name":"Drug Dealer","player_choice":"Got JAXXED","floor":20,"damage_taken":0},{"event_name":"Falling","player_choice":"Removed Skill","floor":37,"damage_taken":0},{"event_name":"Tomb of Lord Red Mask","player_choice":"Paid","floor":45,"damage_taken":0}],"is_beta":false,"boss_relics":[{"not_picked":["Eternal Feather","Busted Crown"],"picked":"Empty Cage"},{"not_picked":["FrozenCore","Runic Dome"],"picked":"Pandora\u0027s Box"}],"items_purged_floors":[22,27,41],"is_endless":false,"potions_floor_spawned":[8,10,11,18,29,33,39,44,46],"ascension_level":1}