{"gold_per_floor":[118,131,131,150,31,57,57,69,119,119,44,60,25,55,55,157,157,169,185,185,205,215,215,314,314,314,314,140,159,159,74,74,174,174,193,212,212,230,242,277,277,323,405,423,442,442,45,65,65,65],"floor_reached":51,"playtime":2455,"items_purged":["Strike_B","Strike_B","Sunder+1"],"score":980,"play_id":"fec342e5-d7e0-4bab-a31c-7ec0e2997848","local_time":"20180703182021","is_ascension_mode":true,"campfire_choices":[{"data":"Dualcast","floor":7,"key":"SMITH"},{"data":"Conserve Battery","floor":10,"key":"SMITH"},{"data":"Streamline","floor":15,"key":"SMITH"},{"data":"Sunder","floor":23,"key":"SMITH"},{"data":"Chill","floor":25,"key":"SMITH"},{"data":"Cold Snap","floor":30,"key":"SMITH"},{"floor":32,"key":"REST"},{"data":"Conserve Battery","floor":41,"key":"SMITH"},{"data":"Beam Cell","floor":46,"key":"SMITH"},{"data":"Glacier","floor":49,"key":"SMITH"}],"neow_cost":"","seed_source_timestamp":296824268812469,"circlet_count":0,"master_deck":["Zap+1","Dualcast+1","Auto Shields","BootSequence","Compile Driver","Core Surge","Conserve Battery+1","Cold Snap+1","Chill+1","Streamline+1","Electrodynamics+1","Static Discharge+1","Coolheaded+1","Buffer+1","Defragment+1","Biased Cognition+1","Streamline","Beam Cell+1","Barrage","Conserve Battery+1","Hello World+1","Defragment+1","Self Repair+1","Turbo+1","Loop+1","Seek","Glacier+1","Defragment+1"],"relics":["Cracked Core","Frozen Egg 2","Potion Belt","Ancient Tea Set","Cursed Key","Enchiridion","Du-Vu Doll","Omamori","Pandora\u0027s Box","Boot","Incense Burner","Tiny Chest","Strange Spoon"],"potions_floor_usage":[6,16,16,16,29,29,29,29,29,33,33,40,50,50,50,50],"damage_taken":[{"damage":3,"enemies":"Jaw Worm","floor":1,"turns":4},{"damage":0,"enemies":"2 Louse","floor":2,"turns":3},{"damage":0,"enemies":"Cultist","floor":4,"turns":4},{"damage":13,"enemies":"Gremlin Nob","floor":6,"turns":4},{"damage":0,"enemies":"2 Fungi Beasts","floor":8,"turns":3},{"damage":0,"enemies":"Exordium Wildlife","floor":12,"turns":3},{"damage":0,"enemies":"3 Sentries","floor":14,"turns":6},{"damage":20,"enemies":"Slime Boss","floor":16,"turns":11},{"damage":17,"enemies":"Chosen","floor":18,"turns":4},{"damage":0,"enemies":"Spheric Guardian","floor":19,"turns":3},{"damage":8,"enemies":"Snake Plant","floor":21,"turns":4},{"damage":0,"enemies":"Cultist and Chosen","floor":22,"turns":4},{"damage":0,"enemies":"Snecko","floor":29,"turns":2},{"damage":56,"enemies":"Champ","floor":33,"turns":11},{"damage":2,"enemies":"Orb Walker","floor":35,"turns":4},{"damage":0,"enemies":"3 Shapes","floor":36,"turns":6},{"damage":8,"enemies":"Maw","floor":38,"turns":6},{"damage":0,"enemies":"Sphere and 2 Shapes","floor":39,"turns":3},{"damage":4,"enemies":"Giant Head","floor":40,"turns":7},{"damage":0,"floor":42,"turns":3},{"damage":1,"enemies":"3 Darklings","floor":44,"turns":5},{"damage":15,"enemies":"Maw","floor":45,"turns":6},{"damage":0,"enemies":"Sphere and 2 Shapes","floor":48,"turns":3},{"damage":10,"enemies":"Time Eater","floor":50,"turns":10}],"seed_played":"-744986445482239109","potions_obtained":[{"floor":1,"key":"Energy Potion"},{"floor":2,"key":"Weak Potion"},{"floor":4,"key":"Weak Potion"},{"floor":12,"key":"FearPotion"},{"floor":22,"key":"Explosive Potion"},{"floor":27,"key":"SneckoOil"},{"floor":27,"key":"Fruit Juice"},{"floor":27,"key":"EntropicBrew"},{"floor":33,"key":"SpeedPotion"},{"floor":36,"key":"LiquidBronze"},{"floor":39,"key":"Fruit Juice"},{"floor":44,"key":"Regen Potion"},{"floor":48,"key":"Block Potion"}],"is_trial":false,"path_per_floor":["M","M","?","M","$","E","R","M","T","R","$","M","?","E","R","B",null,"M","M","?","M","M","R","?","R","T","?","$","M","R","?","R","B",null,"M","M","?","M","M","E","R","?","T","M","M","R","$","M","R","B"],"character_chosen":"DEFECT","items_purchased":["Core Surge","Conserve Battery","Buffer+1","Glacier","Strange Spoon"],"campfire_rested":1,"item_purchase_floors":[5,5,28,47,47],"current_hp_per_floor":[65,65,65,65,65,52,52,52,52,52,52,52,70,70,70,50,69,52,52,36,28,28,28,28,28,28,28,28,38,38,38,62,6,62,60,60,60,52,62,83,83,85,85,85,80,80,80,80,80,85],"gold":65,"neow_bonus":"","is_prod":false,"is_daily":false,"chose_seed":false,"campfire_upgraded":9,"win_rate":0,"timestamp":1530656421,"path_taken":["M","M","?","M","$","E","R","M","T","R","?","?","?","E","R","BOSS","M","M","?","M","?","R","?","R","T","?","?","?","R","?","R","BOSS","M","?","?","M","M","E","R","?","T","M","M","R","$","M","R","BOSS"],"build_version":"2018-06-28","purchased_purges":3,"victory":true,"max_hp_per_floor":[75,75,75,75,75,75,75,75,75,75,75,75,75,75,75,75,75,75,75,75,75,75,75,75,75,75,75,75,80,80,80,80,80,80,80,80,80,80,80,85,85,85,85,85,85,85,85,85,85,85],"card_choices":[{"not_picked":["Static Discharge","Gash"],"picked":"Auto Shields","floor":1},{"not_picked":["Leap","Turbo"],"picked":"BootSequence","floor":2},{"not_picked":["Beam Cell","Leap"],"picked":"Compile Driver","floor":4},{"not_picked":["Rebound","Go for the Eyes"],"picked":"Cold Snap","floor":6},{"not_picked":["Redo","Barrage"],"picked":"Chill","floor":8},{"not_picked":["Reinforced Body","Hologram"],"picked":"Sunder","floor":12},{"not_picked":["Compile Driver","Chill"],"picked":"Streamline","floor":14},{"not_picked":["Machine Learning+1","Rainbow"],"picked":"Electrodynamics+1","floor":16},{"not_picked":["Doom and Gloom","Heatsinks+1"],"picked":"Static Discharge+1","floor":18},{"not_picked":["Ball Lightning","Double Energy"],"picked":"Coolheaded+1","floor":19},{"not_picked":["Aggregate","Sweeping Beam","Heatsinks+1"],"picked":"SKIP","floor":21},{"not_picked":["Sweeping Beam","Gash+1","Coolheaded"],"picked":"SKIP","floor":22},{"not_picked":["Barrage+1","Steam"],"picked":"Defragment+1","floor":29},{"not_picked":["Seek","Reboot"],"picked":"Biased Cognition+1","floor":33},{"not_picked":["Redo","Stack","Leap"],"picked":"SKIP","floor":35},{"not_picked":["Cold Snap","Beam Cell"],"picked":"Self Repair+1","floor":36},{"not_picked":["Aggregate","Cold Snap","Heatsinks+1"],"picked":"SKIP","floor":38},{"not_picked":["Gash+1","Reinforced Body+1"],"picked":"Turbo+1","floor":39},{"not_picked":["Beam Cell+1","Skim","Rebound+1"],"picked":"SKIP","floor":40},{"not_picked":["Turbo+1","Stack+1"],"picked":"Loop+1","floor":42},{"not_picked":["Tempest+1","Stack","Reprogram+1"],"picked":"SKIP","floor":44},{"not_picked":["Leap","Compile Driver+1"],"picked":"Seek","floor":45},{"not_picked":["Hologram","Stack+1"],"picked":"Defragment+1","floor":48}],"player_experience":360979,"relics_obtained":[{"floor":6,"key":"Frozen Egg 2"},{"floor":9,"key":"Potion Belt"},{"floor":14,"key":"Ancient Tea Set"},{"floor":20,"key":"Enchiridion"},{"floor":26,"key":"Du-Vu Doll"},{"floor":40,"key":"Boot"},{"floor":42,"key":"Incense Burner"},{"floor":43,"key":"Tiny Chest"}],"event_choices":[{"event_name":"Living Wall","player_choice":"Grow","floor":3,"damage_taken":0},{"event_name":"The Cleric","player_choice":"Healed","floor":13,"damage_taken":0},{"event_name":"Cursed Tome","player_choice":"Obtained Book","floor":20,"damage_taken":0},{"event_name":"Nest","player_choice":"Stole From Cult","floor":24,"damage_taken":0},{"event_name":"The Lab","player_choice":"Got Potions","floor":27,"damage_taken":0},{"event_name":"Addict","player_choice":"Obtained Relic","floor":31,"damage_taken":0},{"event_name":"Fountain of Cleansing","player_choice":"Removed Curse","floor":37,"damage_taken":0},{"event_name":"Mysterious Sphere","player_choice":"Fight","floor":42,"damage_taken":0}],"boss_relics":[{"not_picked":["Calling Bell","Black Star"],"picked":"Cursed Key"},{"not_picked":["Eternal Feather","Velvet Choker"],"picked":"Pandora\u0027s Box"}],"items_purged_floors":[11,28,47],"is_endless":false,"potions_floor_spawned":[1,2,4,12,22,33,36,39,44,48],"ascension_level":8}