{"gold_per_floor":[219,219,219,232,80,80,107,32,85,85,111,123,123,149,149,226,226,241,241,23,23,34,63,63,63,88,121,121,131,131,131,131,131],"floor_reached":33,"playtime":1668,"items_purged":["Doubt"],"score":490,"play_id":"62d2f445-6f3d-4003-b20f-df199e3877aa","local_time":"20190507184224","is_ascension_mode":true,"campfire_choices":[{"floor":6,"key":"REST"},{"floor":10,"key":"DIG"},{"floor":13,"key":"REST"},{"floor":15,"key":"DIG"},{"floor":25,"key":"REST"},{"data":"Fission","floor":30,"key":"SMITH"},{"floor":32,"key":"REST"}],"neow_cost":"NONE","seed_source_timestamp":173592848583289,"circlet_count":0,"master_deck":["AscendersBane","Strike_B+1","Strike_B","Strike_B","Strike_B","Defend_B","Defend_B+1","Defend_B","Defend_B","Zap","Dualcast","Cold Snap","Ball Lightning","Gash","All For One","Gash","Rainbow","Fission+1","Lockon+1","Streamline","Doom and Gloom+1","Streamline+1","Turbo","Parasite","Capacitor","Chill+1","Rip and Tear","Writhe"],"relics":["Cracked Core","Strawberry","Regal Pillow","Shovel","Tiny Chest","PreservedInsect","Emotion Chip","Prayer Wheel","Pen Nib","Cursed Key","Bottled Lightning","DataDisk","NlothsMask","Unceasing Top","Letter Opener","Ornamental Fan"],"potions_floor_usage":[7,14,16,22,22,29,33],"damage_taken":[{"damage":7,"enemies":"Jaw Worm","floor":1,"turns":3},{"damage":0,"enemies":"Small Slimes","floor":4,"turns":2},{"damage":22,"enemies":"Gremlin Nob","floor":7,"turns":4},{"damage":17,"enemies":"3 Sentries","floor":11,"turns":5},{"damage":0,"enemies":"Cultist","floor":12,"turns":3},{"damage":13,"enemies":"Gremlin Nob","floor":14,"turns":3},{"damage":48,"enemies":"Slime Boss","floor":16,"turns":11},{"damage":1,"enemies":"Spheric Guardian","floor":18,"turns":3},{"damage":3,"enemies":"3 Byrds","floor":22,"turns":2},{"damage":45,"enemies":"Gremlin Leader","floor":23,"turns":6},{"damage":51,"enemies":"Book of Stabbing","floor":27,"turns":5},{"damage":9,"enemies":"3 Cultists","floor":29,"turns":5},{"damage":78,"enemies":"Collector","floor":33,"turns":7}],"seed_played":"-5569419928044304704","potions_obtained":[{"floor":1,"key":"Weak Potion"},{"floor":11,"key":"FearPotion"},{"floor":14,"key":"SkillPotion"},{"floor":16,"key":"Fire Potion"},{"floor":18,"key":"Swift Potion"},{"floor":23,"key":"Fire Potion"},{"floor":27,"key":"FearPotion"}],"is_trial":false,"path_per_floor":["M","?","$","M","$","R","E","?","T","R","E","M","R","E","R","B",null,"M","T","$","?","M","E","$","R","T","E","?","M","R","?","R","B"],"character_chosen":"DEFECT","items_purchased":["Strawberry","DataDisk"],"campfire_rested":4,"item_purchase_floors":[5,20],"current_hp_per_floor":[61,46,46,46,53,77,55,55,55,55,38,38,77,64,64,16,66,65,65,65,65,62,17,17,56,56,5,32,23,23,23,62,0],"gold":131,"neow_bonus":"HUNDRED_GOLD","is_prod":false,"is_daily":false,"chose_seed":false,"campfire_upgraded":1,"win_rate":0,"timestamp":1557279744,"path_taken":["M","?","$","M","$","R","E","?","T","R","E","?","R","E","R","BOSS","M","?","$","?","?","E","$","R","T","E","?","M","R","?","R","BOSS"],"build_version":"2019-01-23","purchased_purges":1,"victory":false,"max_hp_per_floor":[75,75,75,75,82,82,82,82,82,82,82,82,82,82,82,82,82,82,82,82,82,82,82,82,82,82,82,82,82,82,82,82,82],"card_choices":[{"not_picked":["Compile Driver","Turbo"],"picked":"Cold Snap","floor":1},{"not_picked":["Gash","Conserve Battery"],"picked":"Ball Lightning","floor":4},{"not_picked":["Steam Power","Hello World"],"picked":"Gash","floor":7},{"not_picked":["Redo","Chill"],"picked":"All For One","floor":11},{"not_picked":["Barrage","Turbo"],"picked":"Gash","floor":12},{"not_picked":["Go for the Eyes","Rebound"],"picked":"Rainbow","floor":14},{"not_picked":["Rainbow","Multi-Cast"],"picked":"Fission","floor":16},{"not_picked":["Fusion","Sweeping Beam"],"picked":"Lockon+1","floor":18},{"not_picked":["Beam Cell","Undo"],"picked":"Streamline","floor":18},{"not_picked":["Leap","Melter"],"picked":"Doom and Gloom+1","floor":22},{"not_picked":["Doom and Gloom","Leap"],"picked":"Streamline+1","floor":22},{"not_picked":["Force Field","Defragment"],"picked":"Turbo","floor":23},{"not_picked":["Compile Driver","Conserve Battery"],"picked":"Capacitor","floor":27},{"not_picked":["Coolheaded","Static Discharge"],"picked":"Chill+1","floor":29},{"not_picked":["Barrage","Turbo"],"picked":"Rip and Tear","floor":29}],"player_experience":615655,"relics_obtained":[{"floor":7,"key":"Regal Pillow"},{"floor":9,"key":"Tiny Chest"},{"floor":10,"key":"PreservedInsect"},{"floor":11,"key":"Emotion Chip"},{"floor":14,"key":"Prayer Wheel"},{"floor":15,"key":"Pen Nib"},{"floor":19,"key":"Bottled Lightning"},{"floor":23,"key":"Unceasing Top"},{"floor":27,"key":"Letter Opener"}],"event_choices":[{"damage_healed":0,"gold_gain":0,"player_choice":"Entered Light","damage_taken":15,"max_hp_gain":0,"max_hp_loss":0,"event_name":"Shining Light","floor":2,"gold_loss":0,"cards_upgraded":["Strike_B","Defend_B"]},{"damage_healed":0,"gold_gain":0,"player_choice":"Paid Gold","damage_taken":0,"relics_obtained":["Shovel"],"max_hp_gain":0,"max_hp_loss":0,"event_name":"WeMeetAgain","floor":8,"gold_loss":75},{"damage_healed":0,"gold_gain":0,"player_choice":"Trade","damage_taken":0,"relics_obtained":["NlothsMask"],"max_hp_gain":0,"max_hp_loss":0,"event_name":"FaceTrader","floor":21,"gold_loss":0},{"damage_healed":27,"gold_gain":0,"player_choice":"Heal","damage_taken":0,"max_hp_gain":0,"max_hp_loss":0,"event_name":"The Library","floor":28,"gold_loss":0},{"damage_healed":0,"gold_gain":0,"player_choice":"Opened","damage_taken":0,"relics_obtained":["Ornamental Fan"],"max_hp_gain":0,"max_hp_loss":0,"event_name":"The Mausoleum","floor":31,"gold_loss":0,"cards_obtained":["Writhe"]}],"is_beta":false,"boss_relics":[{"not_picked":["White Beast Statue","Calling Bell"],"picked":"Cursed Key"}],"items_purged_floors":[20],"is_endless":false,"potions_floor_spawned":[1,11,14,16,18,23,27],"killed_by":"Collector","ascension_level":13}