{"gold_per_floor":[217,217,217,26,41,74,74,90,113,128,139,167,167,177,177,281,281,294,311,330,133,150,181,200,200,200,200,229,247,273,148,148,247,247,264,280,290,93,93,93,125,125,125,143,143,157,168,199,199,199],"floor_reached":51,"playtime":9927,"items_purged":["Strike_B","Defend_B","Defend_B","Strike_B"],"score":756,"play_id":"35f0dcda-6d9e-4b29-a22c-ddae21ae14ed","local_time":"20180724191912","is_ascension_mode":false,"campfire_choices":[{"data":"Capacitor","floor":7.0,"key":"SMITH"},{"data":"Consume","floor":13.0,"key":"SMITH"},{"data":"Coolheaded","floor":15.0,"key":"SMITH"},{"data":"Chill","floor":25.0,"key":"SMITH"},{"floor":27.0,"key":"REST"},{"data":"Sunder","floor":32,"key":"SMITH"},{"data":"Dualcast","floor":40,"key":"SMITH"},{"data":"Echo Form","floor":42,"key":"SMITH"},{"floor":49,"key":"REST"}],"neow_cost":"NONE","seed_source_timestamp":0,"circlet_count":0,"master_deck":["Strike_B","Defend_B","Zap","Dualcast+1","Turbo","Capacitor+1","Coolheaded+1","Glacier","FTL","Chill+1","Consume+1","Ball Lightning","Skim","Rip and Tear","Trip","White Noise","Self Repair+1","Self Repair","Sunder+1","All For One","Go for the Eyes+1","BootSequence","Streamline+1","Echo Form+1"],"special_seed":0,"relics":["Cracked Core","Bag of Marbles","Ancient Tea Set","Matryoshka","Nuclear Battery","Centennial Puzzle","Pen Nib","Blue Candle","Oddly Smooth Stone","Lantern","Inserter","Pear","Letter Opener","Bottled Lightning","Anchor"],"potions_floor_usage":[29,33,37,46,50,50],"damage_taken":[{"damage":1.0,"enemies":"2 Louse","floor":1.0,"turns":2.0},{"damage":7.0,"enemies":"Jaw Worm","floor":5.0,"turns":5.0},{"damage":8.0,"enemies":"3 Sentries","floor":6.0,"turns":12.0},{"damage":0.0,"enemies":"Cultist","floor":8.0,"turns":4.0},{"damage":5.0,"enemies":"Looter","floor":10.0,"turns":4.0},{"damage":0.0,"enemies":"Gremlin Gang","floor":11.0,"turns":9.0},{"damage":7.0,"enemies":"Lagavulin","floor":12.0,"turns":7.0},{"damage":0.0,"enemies":"Large Slime","floor":14.0,"turns":4.0},{"damage":4.0,"enemies":"Hexaghost","floor":16.0,"turns":9.0},{"damage":3.0,"enemies":"Chosen","floor":18.0,"turns":4.0},{"damage":0.0,"enemies":"3 Byrds","floor":19.0,"turns":4.0},{"damage":4.0,"enemies":"Snake Plant","floor":20.0,"turns":4.0},{"damage":14.0,"enemies":"Slaver and Parasite","floor":22.0,"turns":7.0},{"damage":6.0,"enemies":"Gremlin Leader","floor":23.0,"turns":6.0},{"damage":3.0,"enemies":"Centurion and Healer","floor":24.0,"turns":8.0},{"damage":28,"enemies":"Slavers","floor":28,"turns":7},{"damage":0,"enemies":"Cultist and Chosen","floor":29,"turns":4},{"damage":4,"enemies":"Book of Stabbing","floor":30,"turns":6},{"damage":24,"enemies":"Champ","floor":33,"turns":11},{"damage":11,"enemies":"Orb Walker","floor":35,"turns":4},{"damage":22,"enemies":"3 Darklings","floor":36,"turns":4},{"damage":0,"enemies":"4 Shapes","floor":37,"turns":8},{"damage":0,"enemies":"Giant Head","floor":41,"turns":8},{"damage":12,"enemies":"Sphere and 2 Shapes","floor":44,"turns":4},{"damage":36,"enemies":"Flame Bruiser 2 Orb","floor":46,"turns":8},{"damage":4,"enemies":"3 Darklings","floor":47,"turns":7},{"damage":44,"enemies":"Nemesis","floor":48,"turns":7},{"damage":20,"enemies":"Awakened One","floor":50,"turns":14}],"seed_played":"-4899130647052900331","potions_obtained":[{"floor":5.0,"key":"Strength Potion"},{"floor":6.0,"key":"FocusPotion"},{"floor":11.0,"key":"SteroidPotion"},{"floor":14.0,"key":"Ancient Potion"},{"floor":19.0,"key":"Explosive Potion"},{"floor":28,"key":"Fire Potion"},{"floor":30,"key":"Explosive Potion"},{"floor":37,"key":"Block Potion"},{"floor":41,"key":"LiquidBronze"},{"floor":46,"key":"SteroidPotion"}],"is_trial":false,"path_per_floor":["M","?","?","$","M","E","R","M","T","M","M","E","R","M","R","B",null,"M","M","M","$","M","E","M","R","T","R","E","M","E","$","R","B",null,"M","M","M","$","?","R","E","R","T","M","$","M","M","E","R","B"],"character_chosen":"DEFECT","items_purchased":["Capacitor","Coolheaded","Trip","Streamline"],"campfire_rested":2,"item_purchase_floors":[4,4,21,38],"current_hp_per_floor":[74,74,74,74,67,59,59,59,59,54,54,47,47,47,47,43,75,72,72,68,68,54,48,45,45,45,67,39,49,62,62,62,55,75,75,70,75,75,75,75,85,85,85,85,85,73,85,58,83,80],"gold":199,"neow_bonus":"HUNDRED_GOLD","is_prod":false,"is_daily":false,"chose_seed":false,"campfire_upgraded":7,"win_rate":0.0,"timestamp":1532456352,"path_taken":["M","?","?","$","M","E","R","M","T","M","?","E","R","M","R","BOSS","M","M","M","$","M","E","M","R","T","R","E","M","E","$","R","BOSS","M","M","M","$","?","R","E","R","T","M","?","M","?","E","R","BOSS"],"build_version":"2018-07-19v2","purchased_purges":4,"victory":true,"max_hp_per_floor":[75,75,75,75,75,75,75,75,75,75,75,75,75,75,75,75,75,75,75,75,75,75,75,75,75,75,75,75,75,75,75,75,75,75,75,75,75,75,75,75,85,85,85,85,85,85,85,85,85,85],"card_choices":[{"not_picked":["Hologram","Rip and Tear"],"picked":"Turbo","floor":1.0},{"not_picked":["Cold Snap","Redo"],"picked":"Glacier","floor":5.0},{"not_picked":["Meteor Strike","Cold Snap"],"picked":"FTL","floor":6.0},{"not_picked":["Gash","Turbo"],"picked":"Chill","floor":8.0},{"not_picked":["Streamline","Sweeping Beam"],"picked":"Consume","floor":10.0},{"not_picked":["Barrage","Beam Cell"],"picked":"Ball Lightning","floor":11.0},{"not_picked":["White Noise","Heatsinks"],"picked":"Skim","floor":12.0},{"not_picked":["Steam","Leap","Aggregate"],"picked":"SKIP","floor":14.0},{"not_picked":["Redo","Coolheaded+1","Turbo"],"picked":"SKIP","floor":18.0},{"not_picked":["Stack+1","Coolheaded"],"picked":"Rip and Tear","floor":19.0},{"not_picked":["Darkness","Leap","Rebound"],"picked":"SKIP","floor":20.0},{"not_picked":["Conserve Battery","Rebound"],"picked":"White Noise","floor":22.0},{"not_picked":["Hologram+1","Glacier","Amplify"],"picked":"SKIP","floor":23.0},{"not_picked":["Compile Driver","Rebound","Ball Lightning"],"picked":"SKIP","floor":24.0},{"not_picked":["Capacitor","Skim"],"picked":"Self Repair+1","floor":28},{"not_picked":["Stack","Beam Cell"],"picked":"Self Repair","floor":29},{"not_picked":["Consume","Darkness+1"],"picked":"Sunder","floor":30},{"not_picked":["Thunder Strike","Amplify"],"picked":"All For One","floor":33},{"not_picked":["Defragment","Glacier"],"picked":"Go for the Eyes+1","floor":35},{"not_picked":["Ball Lightning+1","Blizzard"],"picked":"BootSequence","floor":36},{"not_picked":["Rebound+1","Turbo+1","Hologram"],"picked":"SKIP","floor":37},{"not_picked":["Meteor Strike","Barrage+1"],"picked":"Echo Form","floor":41},{"not_picked":["Self Repair+1","Force Field+1","Fusion"],"picked":"SKIP","floor":44},{"not_picked":["Coolheaded","Steam","Rebound"],"picked":"SKIP","floor":46},{"not_picked":["Compile Driver","Glacier+1","Streamline"],"picked":"SKIP","floor":47},{"not_picked":["Steam Power+1","Stack+1","Storm"],"picked":"SKIP","floor":48}],"player_experience":310903,"relics_obtained":[{"floor":6.0,"key":"Bag of Marbles"},{"floor":9.0,"key":"Ancient Tea Set"},{"floor":12.0,"key":"Matryoshka"},{"floor":23.0,"key":"Centennial Puzzle"},{"floor":26.0,"key":"Pen Nib"},{"floor":26.0,"key":"Blue Candle"},{"floor":28,"key":"Oddly Smooth Stone"},{"floor":30,"key":"Lantern"},{"floor":41,"key":"Pear"},{"floor":43,"key":"Letter Opener"},{"floor":43,"key":"Bottled Lightning"},{"floor":48,"key":"Anchor"}],"event_choices":[{"event_name":"Living Wall","player_choice":"Forget","floor":2.0,"damage_taken":0.0},{"event_name":"Purifier","player_choice":"One Purge","floor":3.0,"damage_taken":0.0},{"event_name":"Accursed Blacksmith","player_choice":"Forge","floor":39,"damage_taken":0}],"is_beta":false,"boss_relics":[{"not_picked":["Empty Cage","Busted Crown"],"picked":"Nuclear Battery"},{"not_picked":["Pandora\u0027s Box","Astrolabe"],"picked":"Inserter"}],"items_purged_floors":[4,21,31,38],"is_endless":false,"potions_floor_spawned":[5,6,11,14,19,28,30,37,41,46],"ascension_level":0}