{"gold_per_floor":[110,124,136,136,153,153,173,173,173,173,189,189,189,224,224,301,301,314,314,364,364,57,57,86,96,96,96,109,109,139,154,154,154],"floor_reached":33,"playtime":1249,"items_purged":["Writhe"],"score":542,"play_id":"96bb2ef7-3ee8-44b8-9f96-08a6143c690d","local_time":"20180930211656","is_ascension_mode":true,"campfire_choices":[{"data":"Ball Lightning","floor":6.0,"key":"SMITH"},{"data":"Go for the Eyes","floor":8.0,"key":"SMITH"},{"data":"Dualcast","floor":12.0,"key":"SMITH"},{"floor":15,"key":"REST"},{"floor":23,"key":"DIG"},{"floor":27,"key":"REST"},{"floor":29,"key":"DIG"},{"data":"Machine Learning","floor":32,"key":"SMITH"}],"neow_cost":"NONE","seed_source_timestamp":1311013007688573,"circlet_count":0,"master_deck":["Strike_B+1","Strike_B+1","Strike_B+1","Strike_B+1","Defend_B+1","Defend_B+1","Defend_B+1","Defend_B+1","Zap+1","Dualcast+1","AscendersBane","Conserve Battery+1","Cold Snap","Ball Lightning+1","Go for the Eyes+1","Scrape","FTL","Machine Learning+1","Ball Lightning+1","Cold Snap","Leap","Hologram+1"],"special_seed":0,"relics":["Cracked Core","Centennial Puzzle","Question Card","FaceOfCleric","Shovel","Runic Dome","Kunai","Runic Capacitor","Vajra","War Paint","Strawberry","Nunchaku","Cables"],"potions_floor_usage":[16,30,30,33],"damage_taken":[{"damage":0.0,"enemies":"2 Louse","floor":1.0,"turns":2.0},{"damage":2.0,"enemies":"Small Slimes","floor":2.0,"turns":3.0},{"damage":0.0,"enemies":"Cultist","floor":3.0,"turns":3.0},{"damage":8.0,"enemies":"Large Slime","floor":5.0,"turns":4.0},{"damage":0.0,"enemies":"Exordium Wildlife","floor":7.0,"turns":3.0},{"damage":0.0,"enemies":"Looter","floor":11.0,"turns":3.0},{"damage":32.0,"enemies":"Gremlin Nob","floor":14.0,"turns":4.0},{"damage":23,"enemies":"Slime Boss","floor":16,"turns":10},{"damage":16,"enemies":"Shell Parasite","floor":18,"turns":4},{"damage":24,"enemies":"Slavers","floor":24,"turns":5},{"damage":7,"enemies":"2 Thieves","floor":25,"turns":3},{"damage":6,"enemies":"Centurion and Healer","floor":28,"turns":6},{"damage":8,"enemies":"Book of Stabbing","floor":30,"turns":6},{"damage":6,"enemies":"Cultist and Chosen","floor":31,"turns":5},{"damage":44,"enemies":"Automaton","floor":33,"turns":6}],"seed_played":"8738007901122443080","potions_obtained":[{"floor":1.0,"key":"FearPotion"},{"floor":3.0,"key":"LiquidBronze"},{"floor":7.0,"key":"Dexterity Potion"},{"floor":25,"key":"Dexterity Potion"},{"floor":28,"key":"Dexterity Potion"},{"floor":31,"key":"Explosive Potion"}],"is_trial":false,"path_per_floor":["M","M","M","?","M","R","M","R","T","?","M","R","?","E","R","B",null,"M","?","?","?","$","R","E","M","T","R","M","R","E","M","R"],"character_chosen":"DEFECT","items_purchased":["Runic Capacitor"],"campfire_rested":2,"item_purchase_floors":[22],"current_hp_per_floor":[64,62,62,44,36,36,36,36,36,36,36,36,36,5,26,4,56,41,41,41,41,41,41,18,12,19,43,38,38,31,26,26,0],"gold":154,"neow_bonus":"UPGRADE_CARD","is_prod":false,"is_daily":false,"chose_seed":false,"campfire_upgraded":4,"win_rate":0,"timestamp":1538356616,"path_taken":["M","M","M","?","M","R","M","R","T","?","M","R","?","E","R","BOSS","M","?","?","?","?","R","E","?","T","R","M","R","E","M","R","BOSS"],"build_version":"2018-09-27","purchased_purges":1,"victory":false,"max_hp_per_floor":[71,71,71,71,71,71,71,71,71,71,71,71,71,72,72,73,73,74,74,74,74,74,74,75,76,83,83,84,84,85,86,86,86],"card_choices":[{"not_picked":["Fusion","Go for the Eyes"],"picked":"Conserve Battery","floor":1.0},{"not_picked":["Turbo","Coolheaded"],"picked":"Cold Snap","floor":2.0},{"not_picked":["Streamline","Cold Snap"],"picked":"Ball Lightning","floor":3.0},{"not_picked":["Chaos","Turbo","Hologram"],"picked":"SKIP","floor":5.0},{"not_picked":["Cold Snap","Redo"],"picked":"Go for the Eyes","floor":7.0},{"not_picked":["Cold Snap","Steam","Streamline"],"picked":"Scrape","floor":11.0},{"not_picked":["Aggregate","Barrage","Loop"],"picked":"FTL","floor":14.0},{"not_picked":["Thunder Strike","Seek","Reboot"],"picked":"Machine Learning","floor":16},{"not_picked":["Streamline","Storm","Cold Snap"],"picked":"Ball Lightning+1","floor":18},{"not_picked":["Reprogram","Meteor Strike","Streamline"],"picked":"Cold Snap","floor":24},{"not_picked":["Turbo","Darkness","Barrage+1"],"picked":"Leap","floor":25},{"not_picked":["Blizzard","Turbo","Chaos","Rebound"],"picked":"SKIP","floor":28},{"not_picked":["Static Discharge","Machine Learning","Fusion","Darkness"],"picked":"SKIP","floor":30},{"not_picked":["Compile Driver","Turbo","Cold Snap+1"],"picked":"Hologram+1","floor":31}],"player_experience":747297,"relics_obtained":[{"floor":9.0,"key":"Question Card"},{"floor":14.0,"key":"Shovel"},{"floor":23,"key":"Vajra"},{"floor":24,"key":"War Paint"},{"floor":26,"key":"Strawberry"},{"floor":29,"key":"Nunchaku"},{"floor":30,"key":"Cables"}],"event_choices":[{"event_name":"Scrap Ooze","player_choice":"success","floor":4.0,"damage_taken":18.0},{"event_name":"Dead Adventurer","player_choice":"Searched \u00270\u0027 times","floor":10.0,"damage_taken":0.0},{"event_name":"FaceTrader","player_choice":"Trade","floor":13.0,"damage_taken":0.0},{"event_name":"The Mausoleum","player_choice":"Yes","floor":19,"damage_taken":0},{"event_name":"Nest","player_choice":"Stole From Cult","floor":20,"damage_taken":0},{"event_name":"Back to Basics","player_choice":"Simplicity","floor":21,"damage_taken":0}],"is_beta":false,"boss_relics":[{"not_picked":["Velvet Choker","White Beast Statue"],"picked":"Runic Dome"}],"items_purged_floors":[22],"is_endless":false,"potions_floor_spawned":[1,3,7,25,28,31],"killed_by":"Automaton","ascension_level":18}