{"gold_per_floor":[117,42,42,42,61,96,96,113,113,125,137,171,186,203,203,299,299,310,310,94,104,120,120,145,145,145,170,184,197,197,208,208,313,363,379,379,379,379,399,427,427,443,443,477,151,165,176,186,186,186],"floor_reached":51,"playtime":7248,"items_purged":["Strike_B","Defend_B","Defend_B"],"score":718,"play_id":"27b120c8-5bf2-4723-a9cd-e0e4d58bcad5","local_time":"20180816212336","is_ascension_mode":false,"campfire_choices":[{"data":"Coolheaded","floor":7,"key":"SMITH"},{"floor":15,"key":"REST"},{"data":"Buffer","floor":23,"key":"SMITH"},{"data":"Static Discharge","floor":25,"key":"SMITH"},{"floor":32,"key":"REST"},{"data":"Ghostly","floor":41,"key":"SMITH"},{"floor":49,"key":"REST"}],"neow_cost":"NONE","seed_source_timestamp":18793308638137,"circlet_count":0,"master_deck":["Zap+1","Dualcast","Melter","Coolheaded+1","Static Discharge+1","Conserve Battery+1","Turbo","Capacitor","Buffer+1","Chill","Sunder","Static Discharge","Echo Form","Ghostly","Ghostly","Ghostly","Ghostly","Ghostly+1","Electrodynamics","Madness","Madness","Compile Driver+1","Seek","Darkness+1","Machine Learning","Heatsinks","Fusion+1"],"relics":["Cracked Core","Incense Burner","Bottled Tornado","Mummified Hand","Empty Cage","Pen Nib","Smiling Mask","Red Mask","Tiny House","Bag of Preparation","Ornamental Fan","Bronze Scales","Strange Spoon"],"potions_floor_usage":[11,16,16,16,16,16,16,22,29,33,50,50,50],"damage_taken":[{"damage":1,"enemies":"Jaw Worm","floor":1,"turns":4},{"damage":5,"enemies":"Small Slimes","floor":5,"turns":3},{"damage":28,"enemies":"3 Sentries","floor":6,"turns":9},{"damage":0,"enemies":"Cultist","floor":8,"turns":2},{"damage":1,"enemies":"Looter","floor":10,"turns":3},{"damage":4,"enemies":"Red Slaver","floor":11,"turns":2},{"damage":6,"enemies":"Lagavulin","floor":12,"turns":6},{"damage":4,"enemies":"Exordium Wildlife","floor":13,"turns":3},{"damage":5,"enemies":"Exordium Thugs","floor":14,"turns":5},{"damage":8,"enemies":"The Guardian","floor":16,"turns":9},{"damage":8,"enemies":"Shell Parasite","floor":18,"turns":5},{"damage":0,"enemies":"Spheric Guardian","floor":21,"turns":2},{"damage":0,"enemies":"Snecko","floor":22,"turns":5},{"damage":15,"enemies":"Gremlin Leader","floor":24,"turns":8},{"damage":20,"floor":27,"turns":5},{"damage":12,"enemies":"3 Cultists","floor":28,"turns":3},{"damage":5,"enemies":"Snake Plant","floor":29,"turns":4},{"damage":0,"enemies":"Sentry and Sphere","floor":31,"turns":6},{"damage":10,"enemies":"Collector","floor":33,"turns":11},{"damage":1,"enemies":"Flame Bruiser 1 Orb","floor":35,"turns":7},{"damage":0,"enemies":"Orb Walker","floor":39,"turns":5},{"damage":9,"enemies":"2 Orb Walkers","floor":40,"turns":6},{"damage":2,"enemies":"Sphere and 2 Shapes","floor":42,"turns":6},{"damage":20,"enemies":"Giant Head","floor":44,"turns":10},{"damage":0,"enemies":"Spire Growth","floor":46,"turns":7},{"damage":0,"enemies":"4 Shapes","floor":47,"turns":6},{"damage":2,"enemies":"Transient","floor":48,"turns":5},{"damage":1,"enemies":"Awakened One","floor":50,"turns":13}],"seed_played":"-1528903572656401624","potions_obtained":[{"floor":1,"key":"SteroidPotion"},{"floor":10,"key":"GamblersBrew"},{"floor":12,"key":"EntropicBrew"},{"floor":14,"key":"LiquidBronze"},{"floor":16,"key":"Strength Potion"},{"floor":21,"key":"Block Potion"},{"floor":27,"key":"Strength Potion"},{"floor":28,"key":"AttackPotion"},{"floor":31,"key":"PowerPotion"},{"floor":33,"key":"Block Potion"},{"floor":34,"key":"SmokeBomb"},{"floor":35,"key":"FocusPotion"},{"floor":47,"key":"EssenceOfSteel"}],"is_trial":false,"path_per_floor":["M","$","?","?","M","E","R","M","T","M","M","E","M","M","R","B",null,"M","?","$","M","M","R","E","R","T","?","M","M","?","M","R","B",null,"M","?","?","?","M","E","R","M","T","E","$","M","M","M","R","B"],"character_chosen":"DEFECT","items_purchased":["Chill","Sunder","Strange Spoon","Heatsinks"],"campfire_rested":3,"item_purchase_floors":[20,20,45,45],"current_hp_per_floor":[74,74,74,74,69,41,41,41,41,40,36,30,26,21,43,50,75,67,67,67,67,67,67,52,52,52,32,20,15,15,15,26,16,42,41,41,41,36,36,27,27,25,25,5,5,5,5,3,15,14],"gold":186,"neow_bonus":"REMOVE_CARD","is_prod":false,"is_daily":false,"chose_seed":false,"campfire_upgraded":4,"win_rate":0,"timestamp":1534451016,"path_taken":["M","$","?","?","M","E","R","M","T","?","M","E","M","?","R","BOSS","M","?","$","M","M","R","E","R","T","?","M","?","?","M","R","BOSS","M","?","?","?","M","E","R","M","T","E","$","M","?","M","R","BOSS"],"build_version":"2018-08-09","purchased_purges":3,"victory":true,"max_hp_per_floor":[75,75,75,75,75,75,75,75,75,75,75,75,75,75,75,75,75,75,75,75,75,75,75,75,75,75,75,75,75,37,37,37,37,42,42,42,42,42,42,42,42,42,42,42,42,42,42,42,42,42],"card_choices":[{"not_picked":["Compile Driver","Reinforced Body"],"picked":"Melter","floor":1},{"not_picked":["Rip and Tear","Rebound"],"picked":"Coolheaded","floor":5},{"not_picked":["Coolheaded","Amplify"],"picked":"Go for the Eyes","floor":6},{"not_picked":["Steam Power","Compile Driver"],"picked":"Static Discharge","floor":8},{"not_picked":["Coolheaded","Go for the Eyes","Beam Cell"],"picked":"SKIP","floor":10},{"not_picked":["Compile Driver","Sweeping Beam"],"picked":"Conserve Battery","floor":11},{"not_picked":["Leap","Double Energy"],"picked":"Turbo","floor":12},{"not_picked":["Darkness","White Noise"],"picked":"Capacitor","floor":13},{"not_picked":["Barrage","Beam Cell","Streamline"],"picked":"SKIP","floor":14},{"not_picked":["All For One","Meteor Strike"],"picked":"Buffer","floor":16},{"not_picked":["Conserve Battery","Recycle+1","Ball Lightning"],"picked":"SKIP","floor":18},{"not_picked":["Static Discharge","Chaos","Sweeping Beam"],"picked":"SKIP","floor":21},{"not_picked":["Rebound","Double Energy","Streamline"],"picked":"SKIP","floor":22},{"not_picked":["Sunder","Reprogram"],"picked":"Static Discharge","floor":24},{"not_picked":["Rebound","Reprogram"],"picked":"Echo Form","floor":27},{"not_picked":["Static Discharge+1","Hello World+1","Blizzard"],"picked":"SKIP","floor":28},{"not_picked":["Turbo","Barrage","Go for the Eyes"],"picked":"SKIP","floor":29},{"not_picked":["Sweeping Beam+1","Rebound","Gash"],"picked":"SKIP","floor":31},{"not_picked":["Thunder Strike","Meteor Strike"],"picked":"Electrodynamics","floor":33},{"not_picked":["Conserve Battery+1","Go for the Eyes+1","Lockon"],"picked":"SKIP","floor":35},{"not_picked":["Steam Power+1","Turbo+1"],"picked":"Compile Driver+1","floor":39},{"not_picked":["Steam+1","Multi-Cast"],"picked":"Seek","floor":40},{"not_picked":["Compile Driver","Aggregate"],"picked":"Darkness+1","floor":42},{"not_picked":["Chaos","Steam Power"],"picked":"Machine Learning","floor":44},{"not_picked":["Conserve Battery","Rebound","Turbo"],"picked":"SKIP","floor":46},{"not_picked":["Redo","Barrage"],"picked":"Fusion+1","floor":47},{"not_picked":["Ball Lightning+1","FTL","Steam"],"picked":"SKIP","floor":48}],"player_experience":402399,"relics_obtained":[{"floor":6,"key":"Incense Burner"},{"floor":9,"key":"Bottled Tornado"},{"floor":12,"key":"Mummified Hand"},{"floor":24,"key":"Pen Nib"},{"floor":26,"key":"Smiling Mask"},{"floor":27,"key":"Red Mask"},{"floor":40,"key":"Bag of Preparation"},{"floor":43,"key":"Ornamental Fan"},{"floor":44,"key":"Bronze Scales"}],"event_choices":[{"event_name":"Living Wall","player_choice":"Forget","floor":3,"damage_taken":0},{"event_name":"Accursed Blacksmith","player_choice":"Forge","floor":4,"damage_taken":0},{"event_name":"Back to Basics","player_choice":"Elegance","floor":19,"damage_taken":0},{"event_name":"Masked Bandits","player_choice":"Fought Bandits","floor":27,"damage_taken":0},{"event_name":"Ghosts","player_choice":"Became a Ghost","floor":30,"damage_taken":0},{"event_name":"Falling","player_choice":"Removed Attack","floor":36,"damage_taken":0},{"event_name":"FaceTrader","player_choice":"Leave","floor":37,"damage_taken":0},{"event_name":"Winding Halls","player_choice":"Embrace Madness","floor":38,"damage_taken":0}],"is_beta":false,"boss_relics":[{"not_picked":["Orrery","FrozenCore"],"picked":"Empty Cage"},{"not_picked":["Fusion Hammer","Lizard Tail"],"picked":"Tiny House"}],"items_purged_floors":[2,20,45],"is_endless":false,"potions_floor_spawned":[1,10,12,14,16,21,27,28,31,33,35,47],"ascension_level":0}