{"gold_per_floor":[20,31,31,50,4,4,29,29,29,47,47,47,47,62,62,139,139,154,154,154],"floor_reached":20,"playtime":1200,"items_purged":[],"score":318,"play_id":"3131c185-d6d5-43f7-8fd6-c4284f399b5b","local_time":"20180922144850","is_ascension_mode":true,"campfire_choices":[{"data":"Dualcast","floor":6,"key":"SMITH"},{"floor":8,"key":"REST"},{"data":"Scrape","floor":12,"key":"SMITH"},{"data":"Capacitor","floor":15,"key":"SMITH"}],"neow_cost":"NO_GOLD","seed_source_timestamp":600219839446752,"circlet_count":0,"master_deck":["Strike_B","Strike_B","Strike_B","Strike_B","Defend_B","Defend_B","Defend_B","Defend_B","Zap+1","Dualcast+1","AscendersBane","Biased Cognition","Skim","Beam Cell","Go for the Eyes","Scrape+1","Echo Form","Parasite","Capacitor+1","Meteor Strike"],"relics":["Cracked Core","Bottled Flame","Letter Opener","Nuclear Battery"],"potions_floor_usage":[14,16,18],"damage_taken":[{"damage":0,"enemies":"2 Louse","floor":1,"turns":2},{"damage":4,"enemies":"Small Slimes","floor":2,"turns":4},{"damage":7,"enemies":"Jaw Worm","floor":4,"turns":2},{"damage":42,"enemies":"3 Sentries","floor":7,"turns":6},{"damage":6,"enemies":"Looter","floor":10,"turns":3},{"damage":7,"enemies":"Exordium Wildlife","floor":14,"turns":3},{"damage":28,"enemies":"Slime Boss","floor":16,"turns":8},{"damage":11,"enemies":"Spheric Guardian","floor":18,"turns":3},{"damage":38,"enemies":"Colosseum Slavers","floor":19,"turns":4},{"damage":10,"enemies":"Shell Parasite","floor":20,"turns":1}],"seed_played":"-8310969162985038371","potions_obtained":[{"floor":1,"key":"SneckoOil"},{"floor":10,"key":"AttackPotion"},{"floor":14,"key":"SteroidPotion"},{"floor":18,"key":"Ancient Potion"}],"is_trial":false,"path_per_floor":["M","M","?","M","$","R","E","R","T","M","?","R","$","M","R","B",null,"M","?"],"character_chosen":"DEFECT","items_purchased":["Scrape"],"campfire_rested":1,"item_purchase_floors":[5],"current_hp_per_floor":[64,60,60,53,53,53,11,32,32,26,43,43,43,36,36,8,55,44,6,0],"gold":154,"neow_bonus":"THREE_RARE_CARDS","is_prod":false,"is_daily":false,"chose_seed":false,"campfire_upgraded":3,"win_rate":0,"timestamp":1537642130,"path_taken":["M","M","?","M","$","R","E","R","T","M","?","R","?","?","R","BOSS","M","?","?"],"build_version":"2018-09-20","purchased_purges":0,"victory":false,"max_hp_per_floor":[71,71,71,71,71,71,71,71,71,71,71,71,71,71,71,71,71,71,71,71],"card_choices":[{"not_picked":["Seek","Thunder Strike"],"picked":"Biased Cognition","floor":0},{"not_picked":["Darkness","Hologram"],"picked":"Skim","floor":1},{"not_picked":["Steam","Gash"],"picked":"Beam Cell","floor":2},{"not_picked":["Hologram","Skim"],"picked":"Go for the Eyes","floor":4},{"not_picked":["Capacitor","Redo","Sweeping Beam"],"picked":"SKIP","floor":7},{"not_picked":["Doom and Gloom","Rebound"],"picked":"Echo Form","floor":10},{"not_picked":["Cold Snap","Steam"],"picked":"Capacitor","floor":14},{"not_picked":["Multi-Cast","Rainbow"],"picked":"Meteor Strike","floor":16},{"not_picked":["Hologram","Rip and Tear","Rebound"],"picked":"SKIP","floor":18}],"player_experience":687543,"relics_obtained":[{"floor":7,"key":"Bottled Flame"},{"floor":9,"key":"Letter Opener"}],"event_choices":[{"event_name":"Living Wall","player_choice":"Grow","floor":3,"damage_taken":0},{"event_name":"Mushrooms","player_choice":"Healed and dodged fight","floor":11,"damage_taken":0},{"event_name":"Colosseum","player_choice":"Fight","floor":19,"damage_taken":0},{"event_name":"Colosseum","player_choice":"Fled From Nobs","floor":19,"damage_taken":0}],"is_beta":false,"boss_relics":[{"not_picked":["Runic Dome","Busted Crown"],"picked":"Nuclear Battery"}],"items_purged_floors":[],"is_endless":false,"potions_floor_spawned":[1,10,14,18],"killed_by":"Shell Parasite","ascension_level":17}