{"path_per_floor":["M","M","M","M","?","R","M","M","T","R","?","R","M","M","R","B",null,"M","$","M","?","$","R","?","M","T","R","E","?","M","?","R"],"character_chosen":"IRONCLAD","items_purchased":["Red Skull"],"gold_per_floor":[117,133,148,162,237,237,248,263,263,263,263,263,279,296,296,394,394,406,35,51,51,51,51,51,64,112,112,137,52,72,72,72,72],"floor_reached":33,"campfire_rested":3,"playtime":4282,"current_hp_per_floor":[80,80,80,80,69,69,59,65,65,65,65,65,71,66,66,10,80,54,54,27,27,27,51,51,33,33,57,40,47,9,9,35,0],"items_purged":["Strike_R"],"gold":72,"score":284,"play_id":"cb2cc3a2-9dff-4baf-b75d-98425511629f","local_time":"20180515171658","is_prod":false,"is_daily":false,"chose_seed":false,"is_ascension_mode":false,"campfire_upgraded":4,"timestamp":1526401018,"path_taken":["M","M","M","M","?","R","M","M","T","R","?","R","M","?","R","BOSS","M","$","?","?","$","R","?","M","T","R","E","?","M","?","R","BOSS"],"build_version":"2018-05-10","seed_source_timestamp":221765354546330,"purchased_purges":1,"victory":false,"master_deck":["Defend_R","Defend_R","Defend_R","Defend_R","Bash+1","Pommel Strike","Iron Wave+1","Shrug It Off","Whirlwind+1","Shrug It Off+1","Flex+1","Impervious+1","Armaments+1","Shrug It Off+1","Pommel Strike","Limit Break+1","Bite","Bite","Bite","Bite","Bite"],"max_hp_per_floor":[80,80,80,80,80,80,80,80,80,80,80,80,80,80,80,80,80,80,80,80,80,80,80,80,80,80,80,80,87,87,87,87,87],"relics":["Burning Blood","Toxic Egg 2","Lizard Tail","Red Skull","Unceasing Top","Strawberry"],"card_choices":[{"not_picked":["Ghostly Armor","Carnage"],"picked":"Pommel Strike","floor":1},{"not_picked":["Sentinel","Twin Strike"],"picked":"Iron Wave","floor":2},{"not_picked":["True Grit","Havoc"],"picked":"Shrug It Off","floor":4},{"not_picked":["Flex","True Grit"],"picked":"Whirlwind","floor":7},{"not_picked":["Evolve","Pommel Strike"],"picked":"Shrug It Off","floor":8},{"not_picked":["Cleave","Iron Wave"],"picked":"Flex","floor":13},{"not_picked":["Feed","Juggernaut"],"picked":"Impervious","floor":16},{"not_picked":["Anger","Evolve"],"picked":"Armaments","floor":18},{"not_picked":["Sword Boomerang","Perfected Strike"],"picked":"Shrug It Off","floor":20},{"not_picked":["Cleave","Wild Strike"],"picked":"Pommel Strike","floor":25},{"not_picked":["Shrug It Off","Disarm"],"picked":"Limit Break","floor":28}],"player_experience":66090,"potions_floor_usage":[16,16,16,20,33],"damage_taken":[{"damage":2,"enemies":"2 Louse","floor":1,"turns":4},{"damage":0,"enemies":"Small Slimes","floor":2,"turns":3},{"damage":1,"enemies":"Cultist","floor":3,"turns":3},{"damage":6,"enemies":"Red Slaver","floor":4,"turns":6},{"damage":16,"enemies":"Gremlin Gang","floor":7,"turns":7},{"damage":0,"enemies":"Lots of Slimes","floor":8,"turns":1},{"damage":0,"enemies":"3 Louse","floor":13,"turns":3},{"damage":11,"enemies":"Exordium Wildlife","floor":14,"turns":2},{"damage":70,"enemies":"Hexaghost","floor":16,"turns":15},{"damage":32,"enemies":"Chosen","floor":18,"turns":7},{"damage":33,"enemies":"3 Byrds","floor":20,"turns":12},{"damage":24,"enemies":"3 Cultists","floor":25,"turns":5},{"damage":68,"enemies":"Book of Stabbing","floor":28,"turns":11},{"damage":46,"enemies":"Centurion and Healer","floor":30,"turns":16},{"damage":68,"enemies":"Collector","floor":33,"turns":7}],"event_choices":[{"event_name":"World of Goop","player_choice":"Gather Gold","floor":5,"damage_taken":0},{"event_name":"Match and Keep!","player_choice":"0 cards matched","floor":11,"damage_taken":0},{"event_name":"Beggar","player_choice":"Ignored","floor":21,"damage_taken":0},{"event_name":"Bonfire Elementals","player_choice":"BASIC","floor":24,"damage_taken":0},{"event_name":"Addict","player_choice":"Obtained Relic","floor":29,"damage_taken":0},{"event_name":"Vampires","player_choice":"Became a vampire (Vial)","floor":31,"damage_taken":0}],"boss_relics":[{"not_picked":["Runic Pyramid","Eternal Feather"],"picked":"Lizard Tail"}],"potions_floor_spawned":[2,3,4,13,14,18,28],"seed_played":"-8766677586888861517","killed_by":"Collector","ascension_level":0,"is_trial":false}