{"gold_per_floor":[114,129,141,216,20,53,53,87,111,143,160,160,160,175,175,246,246,246,186,33,33,33,33,33,33,33,33,33,33,33,33,33,33,33,33,33],"floor_reached":36,"playtime":1954,"items_purged":["Strike_R"],"score":833,"play_id":"02c3a235-78d0-4a76-a0f1-c6d0966ab994","local_time":"20181129221010","is_ascension_mode":true,"campfire_choices":[{"data":"Blood for Blood","floor":7,"key":"SMITH"},{"data":"Apotheosis","floor":12,"key":"SMITH"},{"data":"Barricade","floor":15,"key":"SMITH"},{"data":"Corruption","floor":25,"key":"SMITH"},{"floor":32,"key":"REST"}],"neow_cost":"NONE","seed_source_timestamp":777552926659561,"circlet_count":0,"master_deck":["AscendersBane","Strike_R","Strike_R","Defend_R","Defend_R","Defend_R","Iron Wave","Ghostly Armor","Blood for Blood+1","Apotheosis+1","Disarm","Barricade+1","Uppercut","Impervious","Iron Wave","Corruption+1","Battle Trance","Headbutt","Dark Embrace","Rupture","Shockwave","Inflame","Offering"],"relics":["Burning Blood","Oddly Smooth Stone","Happy Flower","Red Skull","Meat on the Bone","Ectoplasm","Strawberry","Smiling Mask","Pen Nib","Empty Cage"],"potions_floor_usage":[6,10,16,23,27,31,33],"damage_taken":[{"damage":13,"enemies":"2 Louse","floor":1,"turns":4},{"damage":0,"enemies":"Cultist","floor":2,"turns":3},{"damage":2,"enemies":"Small Slimes","floor":3,"turns":4},{"damage":20,"enemies":"Gremlin Nob","floor":6,"turns":4},{"damage":30,"enemies":"3 Sentries","floor":8,"turns":11},{"damage":19,"enemies":"Gremlin Nob","floor":10,"turns":4},{"damage":6,"enemies":"Exordium Thugs","floor":11,"turns":5},{"damage":0,"enemies":"Looter","floor":14,"turns":3},{"damage":30,"enemies":"Slime Boss","floor":16,"turns":16},{"damage":0,"enemies":"Spheric Guardian","floor":18,"turns":6},{"damage":19,"enemies":"2 Thieves","floor":19,"turns":4},{"damage":7,"enemies":"Snake Plant","floor":22,"turns":6},{"damage":21,"enemies":"Gremlin Leader","floor":23,"turns":8},{"damage":0,"enemies":"Snecko","floor":24,"turns":5},{"damage":2,"enemies":"Cultist and Chosen","floor":27,"turns":8},{"damage":11,"enemies":"Chosen and Byrds","floor":28,"turns":9},{"damage":10,"enemies":"Centurion and Healer","floor":30,"turns":6},{"damage":4,"enemies":"Slavers","floor":31,"turns":8},{"damage":0,"enemies":"Automaton","floor":33,"turns":17},{"damage":6,"enemies":"3 Darklings","floor":35,"turns":7},{"damage":85,"enemies":"2 Orb Walkers","floor":36,"turns":5}],"seed_played":"-3285329219025474262","potions_obtained":[{"floor":2,"key":"SteroidPotion"},{"floor":3,"key":"Fire Potion"},{"floor":14,"key":"Dexterity Potion"},{"floor":16,"key":"Swift Potion"},{"floor":22,"key":"AttackPotion"},{"floor":24,"key":"SkillPotion"},{"floor":28,"key":"Energy Potion"},{"floor":33,"key":"PowerPotion"}],"is_trial":false,"path_per_floor":["M","M","M","?","$","E","R","E","T","E","M","R","?","M","R","B",null,"M","M","$","?","M","E","M","R","T","M","M","?","M","E","R","B",null,"M","?"],"character_chosen":"IRONCLAD","items_purchased":["Apotheosis","Corruption"],"campfire_rested":1,"item_purchase_floors":[5,20],"current_hp_per_floor":[61,67,71,60,60,46,46,22,22,9,21,21,21,39,39,27,63,69,56,56,56,55,59,65,65,65,69,64,64,60,62,82,82,82,82,0],"gold":33,"neow_bonus":"RANDOM_COMMON_RELIC","is_prod":false,"is_daily":false,"chose_seed":false,"campfire_upgraded":4,"win_rate":0,"timestamp":1543547410,"path_taken":["M","M","M","?","$","E","R","E","T","E","M","R","?","M","R","BOSS","M","M","?","?","M","E","?","R","T","M","M","?","M","E","R","BOSS","M","?"],"build_version":"2018-11-15","purchased_purges":1,"victory":false,"max_hp_per_floor":[75,75,75,75,75,75,75,75,75,75,75,75,75,75,75,75,75,75,75,75,75,75,82,82,82,82,82,82,82,82,82,82,82,82,82,82],"card_choices":[{"not_picked":["True Grit","Seeing Red"],"picked":"Iron Wave","floor":1},{"not_picked":["Havoc","Anger"],"picked":"Ghostly Armor","floor":2},{"not_picked":["Heavy Blade","Entrench"],"picked":"Blood for Blood","floor":3},{"not_picked":["Twin Strike","Flame Barrier"],"picked":"Disarm","floor":6},{"not_picked":["Fire Breathing","Rampage"],"picked":"Barricade","floor":8},{"not_picked":["Wild Strike","Perfected Strike","Anger"],"picked":"SKIP","floor":10},{"not_picked":["Clash","Twin Strike"],"picked":"Uppercut","floor":11},{"not_picked":["Uppercut","Havoc","Perfected Strike"],"picked":"SKIP","floor":14},{"not_picked":["Berserk","Double Tap"],"picked":"Impervious","floor":16},{"not_picked":["Heavy Blade","Perfected Strike"],"picked":"Iron Wave","floor":18},{"not_picked":["Dual Wield","Searing Blow","Evolve"],"picked":"SKIP","floor":19},{"not_picked":["Sword Boomerang","Sentinel"],"picked":"Battle Trance","floor":22},{"not_picked":["Fire Breathing+1","Twin Strike","Rupture"],"picked":"SKIP","floor":23},{"not_picked":["Clothesline","Armaments","Combust"],"picked":"SKIP","floor":24},{"not_picked":["Wild Strike","Flex+1","Warcry"],"picked":"SKIP","floor":27},{"not_picked":["Sever Soul","Hemokinesis+1"],"picked":"Headbutt","floor":28},{"not_picked":["Burning Pact","Infernal Blade"],"picked":"Shockwave","floor":30},{"not_picked":["Warcry","Headbutt"],"picked":"Inflame","floor":31},{"not_picked":["Impervious","Double Tap"],"picked":"Offering","floor":33},{"not_picked":["Clash","Cleave+1","Headbutt"],"picked":"SKIP","floor":35}],"player_experience":947936,"relics_obtained":[{"floor":6,"key":"Happy Flower"},{"floor":8,"key":"Red Skull"},{"floor":10,"key":"Meat on the Bone"},{"floor":23,"key":"Strawberry"},{"floor":26,"key":"Smiling Mask"},{"floor":31,"key":"Pen Nib"}],"event_choices":[{"damage_healed":0,"gold_gain":75,"player_choice":"Gather Gold","damage_taken":11,"max_hp_gain":0,"max_hp_loss":0,"event_name":"World of Goop","floor":4,"gold_loss":0},{"damage_healed":0,"gold_gain":0,"player_choice":"0 cards matched","damage_taken":0,"max_hp_gain":0,"max_hp_loss":0,"event_name":"Match and Keep!","floor":13,"gold_loss":0,"cards_obtained":[]},{"damage_healed":0,"gold_gain":0,"player_choice":"Ignored","damage_taken":0,"max_hp_gain":0,"max_hp_loss":0,"event_name":"N\u0027loth","floor":21,"gold_loss":0},{"damage_healed":0,"gold_gain":0,"cards_transformed":["Strike_R","Strike_R"],"player_choice":"Became Test Subject","damage_taken":0,"max_hp_gain":0,"max_hp_loss":0,"event_name":"Drug Dealer","floor":29,"gold_loss":0,"cards_obtained":["Dark Embrace","Rupture"]},{"damage_healed":0,"gold_gain":0,"player_choice":"Fight","damage_taken":0,"max_hp_gain":0,"max_hp_loss":0,"event_name":"Mysterious Sphere","floor":36,"gold_loss":0}],"is_beta":false,"boss_relics":[{"not_picked":["Tiny House","Mark of Pain"],"picked":"Ectoplasm"},{"not_picked":["Calling Bell","Cursed Key"],"picked":"Empty Cage"}],"items_purged_floors":[20],"is_endless":false,"potions_floor_spawned":[2,3,14,16,22,24,28,33],"killed_by":"2 Orb Walkers","ascension_level":15}