{"gold_per_floor":[110,130,13,13,13,48,48,59,83,111,123,169,181,212,224,236],"floor_reached":16,"playtime":435,"items_purged":["Defend_G"],"score":286,"play_id":"640ab56a-6cb0-4e46-a7f5-1ee2c5c021f6","local_time":"20181027140735","is_ascension_mode":true,"campfire_choices":[{"data":"Neutralize","floor":7.0,"key":"SMITH"},{"data":"Flechettes","floor":11.0,"key":"SMITH"},{"floor":13.0,"key":"REST"},{"data":"Footwork","floor":15.0,"key":"SMITH"}],"neow_cost":"NONE","seed_source_timestamp":1533070395296976,"circlet_count":0,"master_deck":["Defend_G","Defend_G","Defend_G","Defend_G","Strike_G","Strike_G","Strike_G","Strike_G","Strike_G","Survivor","Neutralize+1","AscendersBane","Quick Slash","Backstab","Footwork+1","Dodge and Roll","Flechettes+1","Dagger Spray","Cloak And Dagger"],"special_seed":0,"relics":["Ring of the Snake","NeowsBlessing","Bronze Scales","Frozen Egg 2","Potion Belt","MawBank","Bottled Tornado"],"potions_floor_usage":[16],"damage_taken":[{"damage":0.0,"enemies":"2 Louse","floor":1.0,"turns":1.0},{"damage":0.0,"enemies":"Cultist","floor":2.0,"turns":1.0},{"damage":0.0,"enemies":"Gremlin Nob","floor":6.0,"turns":1.0},{"damage":1.0,"enemies":"Small Slimes","floor":8.0,"turns":3.0},{"damage":14.0,"enemies":"3 Sentries","floor":10.0,"turns":9.0},{"damage":43.0,"enemies":"Gremlin Nob","floor":12.0,"turns":5.0},{"damage":1.0,"enemies":"Looter","floor":14.0,"turns":3.0},{"damage":6,"enemies":"Slime Boss","floor":16,"turns":9}],"seed_played":"-1568482394902604347","potions_obtained":[{"floor":2.0,"key":"EntropicBrew"},{"floor":6.0,"key":"SpeedPotion"}],"is_trial":false,"path_per_floor":["M","M","$","?","$","E","R","M","T","E","R","E","R","M","R"],"character_chosen":"THE_SILENT","items_purchased":["Footwork"],"campfire_rested":1,"item_purchase_floors":[3],"current_hp_per_floor":[59,59,59,59,59,59,59,58,58,44,44,1,20,19,19,13],"gold":236,"neow_bonus":"THREE_ENEMY_KILL","is_prod":false,"is_daily":false,"chose_seed":false,"campfire_upgraded":3,"win_rate":0,"timestamp":1540663655,"path_taken":["M","M","$","?","$","E","R","M","T","E","R","E","R","M","R","BOSS"],"build_version":"2018-10-25v2","purchased_purges":1,"victory":false,"max_hp_per_floor":[66,66,66,66,66,66,66,66,66,66,66,66,66,66,66,66],"card_choices":[{"not_picked":["Cloak And Dagger","Reflex"],"picked":"Quick Slash","floor":1.0},{"not_picked":["Sucker Punch","Crippling Poison"],"picked":"Backstab","floor":2.0},{"not_picked":["Terror","Blade Dance"],"picked":"Dodge and Roll","floor":6.0},{"not_picked":["Outmaneuver","Blade Dance"],"picked":"Flechettes","floor":8.0},{"not_picked":["Outmaneuver","Terror"],"picked":"Dagger Spray","floor":10.0},{"not_picked":["Catalyst","Dagger Spray"],"picked":"Cloak And Dagger","floor":12.0},{"not_picked":["Setup","Sucker Punch","Choke"],"picked":"SKIP","floor":14.0}],"player_experience":843719,"relics_obtained":[{"floor":6.0,"key":"Frozen Egg 2"},{"floor":9.0,"key":"Potion Belt"},{"floor":10.0,"key":"MawBank"},{"floor":12.0,"key":"Bottled Tornado"}],"event_choices":[{"damage_healed":0.0,"max_hp_gain":0.0,"max_hp_loss":0.0,"gold_gain":0.0,"event_name":"WeMeetAgain","player_choice":"Gave Potion","floor":4.0,"gold_loss":0.0,"damage_taken":0.0,"relics_obtained":["Bronze Scales"]}],"is_beta":false,"boss_relics":[],"items_purged_floors":[3],"is_endless":false,"potions_floor_spawned":[2,6],"killed_by":"Slime Boss","ascension_level":20}