{"gold_per_floor":[366,45,45,45,56,56,81,81,106,133,79,95,95,112,112,112],"floor_reached":16,"playtime":574,"items_purged":["Shame"],"score":189,"play_id":"72c4ddf9-a589-4c41-a554-0eb6005e6360","local_time":"20181117203029","is_ascension_mode":true,"campfire_choices":[{"data":"Carnage","floor":6,"key":"SMITH"},{"data":"Body Slam","floor":13,"key":"SMITH"},{"floor":15,"key":"REST"}],"neow_cost":"CURSE","seed_source_timestamp":270496031646207,"circlet_count":0,"master_deck":["AscendersBane","Strike_R","Strike_R","Strike_R","Strike_R","Strike_R","Defend_R+1","Defend_R","Defend_R","Defend_R+1","Bash","True Grit+1","Carnage+1","Rampage","Feel No Pain","Iron Wave","Body Slam+1","Sentinel"],"relics":["Burning Blood","Dodecahedron","Regal Pillow","Incense Burner"],"potions_floor_usage":[10,16,16],"damage_taken":[{"damage":5,"enemies":"Small Slimes","floor":1,"turns":3},{"damage":7,"enemies":"2 Louse","floor":5,"turns":3},{"damage":31,"enemies":"3 Sentries","floor":7,"turns":9},{"damage":11,"enemies":"Lagavulin","floor":10,"turns":5},{"damage":2,"enemies":"Jaw Worm","floor":12,"turns":4},{"damage":8,"enemies":"Blue Slaver","floor":14,"turns":3},{"damage":56,"enemies":"Slime Boss","floor":16,"turns":6}],"seed_played":"3497482536354915382","potions_obtained":[{"floor":5,"key":"SteroidPotion"},{"floor":10,"key":"FearPotion"},{"floor":14,"key":"SteroidPotion"}],"is_trial":false,"path_per_floor":["M","$","?","?","M","R","E","?","T","E","$","M","R","M","R","B"],"character_chosen":"IRONCLAD","items_purchased":["Dodecahedron","Iron Wave"],"campfire_rested":1,"item_purchase_floors":[2,11],"current_hp_per_floor":[69,69,69,69,68,68,43,20,20,15,15,19,19,17,54,0],"gold":112,"neow_bonus":"TWO_FIFTY_GOLD","is_prod":false,"is_daily":false,"chose_seed":false,"campfire_upgraded":2,"win_rate":0,"timestamp":1542504629,"path_taken":["M","$","?","?","M","R","E","?","T","E","?","M","R","M","R","BOSS"],"build_version":"2018-11-15","purchased_purges":1,"victory":false,"max_hp_per_floor":[75,75,75,75,75,75,75,75,75,75,75,75,75,75,75,75],"card_choices":[{"not_picked":["Evolve","Armaments"],"picked":"True Grit","floor":1},{"not_picked":["Clash","Headbutt"],"picked":"Carnage","floor":5},{"not_picked":["Second Wind","Body Slam"],"picked":"Rampage","floor":7},{"not_picked":["Reckless Charge","Clash"],"picked":"Feel No Pain","floor":10},{"not_picked":["Warcry","Feel No Pain"],"picked":"Body Slam","floor":12},{"not_picked":["Wild Strike","Thunderclap"],"picked":"Sentinel","floor":14}],"player_experience":907228,"relics_obtained":[{"floor":7,"key":"Regal Pillow"},{"floor":10,"key":"Incense Burner"}],"event_choices":[{"damage_healed":0,"gold_gain":0,"player_choice":"Ignored","damage_taken":0,"max_hp_gain":0,"max_hp_loss":0,"event_name":"Liars Game","floor":3,"gold_loss":0},{"damage_healed":0,"gold_gain":0,"player_choice":"Grow","damage_taken":0,"max_hp_gain":0,"max_hp_loss":0,"event_name":"Living Wall","floor":4,"gold_loss":0,"cards_upgraded":["True Grit"]},{"damage_healed":0,"gold_gain":0,"player_choice":"Entered Light","damage_taken":23,"max_hp_gain":0,"max_hp_loss":0,"event_name":"Shining Light","floor":8,"gold_loss":0,"cards_upgraded":["Defend_R","Defend_R"]}],"is_beta":false,"boss_relics":[],"items_purged_floors":[2],"is_endless":false,"potions_floor_spawned":[5,10,14],"killed_by":"Slime Boss","ascension_level":15}