{"gold_per_floor":[20,32,49,64,64,64,97,97,120,135,149,164,176,176,176,249,249,262,262,218,230,230,230,255,267,279,291,320,332,344,375,387,478,490,519,543,569,581,610,622,650,681,716,745,771,795,807],"floor_reached":47,"playtime":3358,"items_purged":[],"score":922,"play_id":"6930678a-212f-4220-a995-db54302d4956","local_time":"20181012232258","is_ascension_mode":true,"campfire_choices":[{"data":"Streamline","floor":6.0,"key":"SMITH"},{"floor":8.0,"key":"REST"},{"data":"Rainbow","floor":15.0,"key":"SMITH"},{"floor":23.0,"key":"REST"},{"floor":27.0,"key":"REST"},{"floor":29.0,"key":"REST"},{"floor":32.0,"key":"REST"},{"floor":40.0,"key":"REST"}],"neow_cost":"NO_GOLD","seed_source_timestamp":267399748744659,"circlet_count":0,"master_deck":["Strike_B+1","Defend_B+1","Defend_B+1","Defend_B+1","Defend_B+1","Zap+1","Dualcast+1","AscendersBane","Streamline+1","Loop+1","Defragment+1","FTL+1","Reinforced Body+1","Rainbow+1","Go for the Eyes+1","Undo+1","Loop+1","Creative AI+1","Conserve Battery+1","Thunder Strike+1","Hologram+1","Heatsinks+1","Ghostly+1","Ghostly+1","Ghostly+1","Ghostly+1","Ghostly+1","Compile Driver+1","Cold Snap+1","Buffer+1","Leap+1","Go for the Eyes+1","Beam Cell+1","Conserve Battery","Coolheaded","Sweeping Beam+1","Turbo+1","Cold Snap+1"],"special_seed":0,"relics":["Cracked Core","Bird Faced Urn","Ancient Tea Set","Omamori","Fusion Hammer","MawBank","Torii","Molten Egg 2","Empty Cage","Mark of the Bloom","Boot"],"potions_floor_usage":[47],"damage_taken":[{"damage":0.0,"enemies":"2 Louse","floor":1.0,"turns":2.0},{"damage":1.0,"enemies":"Cultist","floor":2.0,"turns":4.0},{"damage":0.0,"enemies":"Small Slimes","floor":3.0,"turns":3.0},{"damage":49.0,"enemies":"Exordium Thugs","floor":4.0,"turns":5.0},{"damage":20.0,"enemies":"Lagavulin","floor":7.0,"turns":5.0},{"damage":20.0,"enemies":"Large Slime","floor":10.0,"turns":6.0},{"damage":9.0,"enemies":"Red Slaver","floor":11.0,"turns":4.0},{"damage":0.0,"enemies":"3 Louse","floor":12.0,"turns":1.0},{"damage":4.0,"enemies":"2 Fungi Beasts","floor":13.0,"turns":3.0},{"damage":15.0,"enemies":"Slime Boss","floor":16.0,"turns":8.0},{"damage":32.0,"enemies":"Chosen","floor":18.0,"turns":7.0},{"damage":38.0,"enemies":"2 Thieves","floor":20.0,"turns":5.0},{"damage":6.0,"enemies":"Centurion and Healer","floor":21.0,"turns":11.0},{"damage":26.0,"enemies":"Book of Stabbing","floor":24.0,"turns":7.0},{"damage":3.0,"enemies":"Snake Plant","floor":28.0,"turns":7.0},{"damage":6.0,"enemies":"3 Cultists","floor":31.0,"turns":7.0},{"damage":38.0,"enemies":"Collector","floor":33.0,"turns":15.0},{"damage":10.0,"enemies":"3 Darklings","floor":35.0,"turns":11.0},{"damage":21.0,"enemies":"Orb Walker","floor":36.0,"turns":7.0},{"damage":0.0,"enemies":"4 Shapes","floor":37.0,"turns":10.0},{"damage":0.0,"enemies":"Maw","floor":39.0,"turns":9.0},{"damage":16.0,"enemies":"Reptomancer","floor":41.0,"turns":11.0},{"damage":0.0,"enemies":"Transient","floor":42.0,"turns":6.0},{"damage":0.0,"enemies":"4 Shapes","floor":44.0,"turns":9.0},{"damage":0.0,"enemies":"Sphere and 2 Shapes","floor":45.0,"turns":7.0},{"damage":1.0,"enemies":"Transient","floor":46.0,"turns":6.0},{"damage":39,"enemies":"Reptomancer","floor":47,"turns":2}],"seed_played":"2477967435938563761","potions_obtained":[{"floor":1.0,"key":"Energy Potion"},{"floor":4.0,"key":"Weak Potion"},{"floor":5.0,"key":"Fire Potion"},{"floor":11.0,"key":"PowerPotion"},{"floor":13.0,"key":"PowerPotion"},{"floor":16.0,"key":"Regen Potion"},{"floor":24.0,"key":"SneckoOil"},{"floor":31.0,"key":"Swift Potion"},{"floor":33.0,"key":"Poison Potion"},{"floor":35.0,"key":"SkillPotion"},{"floor":41.0,"key":"SpeedPotion"},{"floor":42.0,"key":"SteroidPotion"}],"is_trial":false,"path_per_floor":["M","M","M","M","?","R","E","R","T","M","M","M","M","?","R","B",null,"M","?","M","M","?","R","E","T","T","R","M","R","$","M","R","B",null,"M","M","M","?","M","R","M","M","T","M","M","M"],"character_chosen":"DEFECT","items_purchased":[],"campfire_rested":6,"item_purchase_floors":[],"current_hp_per_floor":[64,63,65,20,20,20,4,25,25,9,4,4,4,4,4,7,55,44,44,12,18,18,28,16,16,16,26,33,35,35,35,35,12,29,29,25,35,35,35,35,19,19,19,19,19,18,0],"gold":807,"neow_bonus":"ONE_RARE_RELIC","is_prod":false,"is_daily":false,"chose_seed":false,"campfire_upgraded":2,"win_rate":0,"timestamp":1539400978,"path_taken":["M","M","M","M","?","R","E","R","T","M","M","M","M","?","R","BOSS","M","?","M","M","?","R","E","?","T","R","M","R","$","M","R","BOSS","M","M","M","?","M","R","M","M","T","M","M","M","M"],"build_version":"2018-10-11","purchased_purges":0,"victory":false,"max_hp_per_floor":[71,71,71,71,71,71,71,71,71,71,71,71,71,71,71,71,71,71,71,71,71,35,35,35,35,35,35,35,35,35,35,35,35,35,35,35,35,35,35,35,35,35,35,35,35,35,35],"card_choices":[{"not_picked":["Steam","Fusion"],"picked":"Streamline","floor":1.0},{"not_picked":["Sweeping Beam","Hologram"],"picked":"Loop","floor":2.0},{"not_picked":["Cold Snap","Capacitor"],"picked":"Defragment","floor":3.0},{"not_picked":["Aggregate","Barrage"],"picked":"FTL","floor":4.0},{"not_picked":["Hologram","Melter"],"picked":"Reinforced Body","floor":7.0},{"not_picked":["Gash","Turbo"],"picked":"Rainbow","floor":10.0},{"not_picked":["Compile Driver","Capacitor"],"picked":"Go for the Eyes","floor":11.0},{"not_picked":["Rebound","Redo"],"picked":"Undo","floor":12.0},{"not_picked":["Hologram","Barrage"],"picked":"Loop","floor":13.0},{"not_picked":["Reboot","Machine Learning"],"picked":"Creative AI","floor":16.0},{"not_picked":["Loop+1","Fusion"],"picked":"Conserve Battery","floor":18.0},{"not_picked":["Static Discharge","Steam"],"picked":"Hologram","floor":20.0},{"not_picked":["Hello World","Double Energy"],"picked":"Heatsinks","floor":21.0},{"not_picked":["Turbo","Beam Cell","Gash"],"picked":"SKIP","floor":24.0},{"not_picked":["Barrage+1","Gash+1"],"picked":"Compile Driver+1","floor":28.0},{"not_picked":["Go for the Eyes+1","Defragment+1"],"picked":"Cold Snap+1","floor":31.0},{"not_picked":["Reboot","Seek"],"picked":"Buffer","floor":33.0},{"not_picked":["Aggregate","Gash+1"],"picked":"Leap","floor":35.0},{"not_picked":["Barrage+1","Blizzard+1"],"picked":"Go for the Eyes+1","floor":36.0},{"not_picked":["Steam","Stack"],"picked":"Beam Cell+1","floor":37.0},{"not_picked":["Undo","Self Repair+1"],"picked":"Conserve Battery","floor":39.0},{"not_picked":["Scrape+1","Melter+1"],"picked":"Coolheaded","floor":41.0},{"not_picked":["Gash+1","Beam Cell+1"],"picked":"Sweeping Beam+1","floor":42.0},{"not_picked":["Darkness","Steam"],"picked":"Turbo+1","floor":44.0},{"not_picked":["Rebound+1","Creative AI","Streamline+1"],"picked":"SKIP","floor":45.0},{"not_picked":["Stack","Beam Cell+1"],"picked":"Cold Snap+1","floor":46.0}],"player_experience":756729,"relics_obtained":[{"floor":7.0,"key":"Ancient Tea Set"},{"floor":9.0,"key":"Omamori"},{"floor":24.0,"key":"MawBank"},{"floor":25.0,"key":"Torii"},{"floor":26.0,"key":"Molten Egg 2"},{"floor":43.0,"key":"Boot"}],"event_choices":[{"event_name":"The Lab","player_choice":"Got Potions","floor":5.0,"damage_taken":0.0},{"event_name":"Living Wall","player_choice":"Grow","floor":14.0,"damage_taken":0.0},{"event_name":"Transmorgrifier","player_choice":"Transform","floor":19.0,"damage_taken":0.0},{"event_name":"Ghosts","player_choice":"Became a Ghost","floor":22.0,"damage_taken":0.0},{"event_name":"MindBloom","player_choice":"Upgrade","floor":38.0,"damage_taken":0.0}],"is_beta":false,"boss_relics":[{"not_picked":["White Beast Statue","Black Star"],"picked":"Fusion Hammer"},{"not_picked":["Orrery","Coffee Dripper"],"picked":"Empty Cage"}],"items_purged_floors":[],"is_endless":false,"potions_floor_spawned":[1,4,11,13,16,24,31,33,35,41,42],"killed_by":"Reptomancer","ascension_level":18}