{"path_per_floor":["M","?","?","M","M","R","E","M","T","E","R","M","R","M","R","B",null,"M","$","?","M","?"],"character_chosen":"IRONCLAD","items_purchased":["Burning Pact","Unceasing Top"],"gold_per_floor":[114,114,114,127,146,146,176,190,217,242,242,262,262,280,280,385,385,405,39,39,55,55],"floor_reached":23,"campfire_rested":0,"playtime":1211,"current_hp_per_floor":[80,73,57,52,58,58,36,33,33,29,29,25,25,31,31,22,80,63,63,63,64,48],"items_purged":[],"gold":55,"score":241,"play_id":"741b7e74-417d-4cfa-b8b2-5f6e56b28290","is_prod":false,"is_daily":false,"is_ascension_mode":true,"campfire_upgraded":4,"path_taken":["M","?","?","?","M","R","E","M","T","E","R","M","R","M","R","BOSS","M","$","?","M","?","E"],"build_version":"2018-02-12-PROD1","purchased_purges":0,"victory":false,"master_deck":["Strike_R","Strike_R","Strike_R","Strike_R+1","Strike_R","Defend_R","Defend_R","Defend_R","Defend_R+1","Bash+1","Limit Break+1","Battle Trance","Dropkick+1","Dual Wield","Flex+1","Clumsy","Injury","Parasite","Feel No Pain","Burning Pact"],"max_hp_per_floor":[80,80,80,80,80,80,80,80,80,80,80,80,80,80,80,80,80,80,80,80,80,80],"relics":["Burning Blood","Paper Frog","Pantograph","Juzu Bracelet","Pen Nib","Calling Bell","Ginger","Blood Vial","Dream Catcher","Unceasing Top","Enchiridion"],"card_choices":[{"not_picked":["Iron Wave","Clothesline"],"picked":"Battle Trance"},{"not_picked":["Searing Blow","Iron Wave"],"picked":"Dropkick"},{"not_picked":["Pommel Strike","Second Wind"],"picked":"Dual Wield"},{"not_picked":["Cleave","Exhume"],"picked":"Flex"},{"not_picked":["Second Wind","Armaments"],"picked":"Feel No Pain"}],"player_experience":150252,"potions_floor_usage":[23,23],"damage_taken":[{"damage":2.0,"enemies":"2 Louse","floor":1.0,"turns":2.0},{"damage":11.0,"enemies":"Blue Slaver","floor":4.0,"turns":5.0},{"damage":0.0,"enemies":"Cultist","floor":5.0,"turns":2.0},{"damage":28.0,"enemies":"3 Sentries","floor":7.0,"turns":8.0},{"damage":9.0,"enemies":"Looter","floor":8.0,"turns":3.0},{"damage":10.0,"enemies":"Gremlin Nob","floor":10.0,"turns":3.0},{"damage":10.0,"enemies":"Gremlin Gang","floor":12.0,"turns":4.0},{"damage":0.0,"enemies":"Exordium Wildlife","floor":14.0,"turns":3.0},{"damage":40.0,"enemies":"Hexaghost","floor":16.0,"turns":5.0},{"damage":23.0,"enemies":"2 Thieves","floor":18.0,"turns":3.0},{"damage":7.0,"enemies":"Chosen","floor":21.0,"turns":4.0},{"damage":37,"enemies":"Gremlin Leader","floor":23,"turns":5}],"event_choices":[{"event_name":"Scrap Ooze","player_choice":"success","floor":2.0,"damage_taken":7.0},{"event_name":"Shining Light","player_choice":"Entered Light","floor":3.0,"damage_taken":0.0},{"event_name":"Beggar","player_choice":"Ignored","floor":20.0,"damage_taken":0.0},{"event_name":"Cursed Tome","player_choice":"Obtained Book","floor":22.0,"damage_taken":0.0}],"boss_relics":[],"potions_floor_spawned":[1,8,10,14,16,18],"seed_played":"5987196790048181463","killed_by":"Gremlin Leader","ascension_level":4,"is_trial":false}