{"gold_per_floor":[110,124,124,10,21,21,56,56,56,56,83,83,108,108,108,180,180,190,190,113,124,135,135],"floor_reached":23,"playtime":879,"items_purged":["Strike_G"],"score":362,"play_id":"b4aeb135-fcdc-48a0-96c7-b10ad1363d38","local_time":"20180810203349","is_ascension_mode":true,"campfire_choices":[{"data":"Backstab","floor":6,"key":"SMITH"},{"floor":10,"key":"DIG"},{"floor":15,"key":"DIG"}],"neow_cost":"NONE","seed_source_timestamp":388581019595134,"circlet_count":0,"master_deck":["Defend_G","Defend_G","Defend_G","Defend_G","Defend_G","Strike_G","Strike_G","Strike_G","Strike_G","Survivor","Neutralize+1","AscendersBane","Backflip","Backstab+1","Predator","Quick Slash","Die Die Die","Infinite Blades","A Thousand Cuts","Blade Dance+1","J.A.X.","Dodge and Roll+1"],"relics":["Ring of the Snake","NeowsBlessing","Shovel","Singing Bowl","Sundial","Pantograph","Unceasing Top","Bag of Marbles","The Specimen","Sozu"],"potions_floor_usage":[16,16,16,16],"damage_taken":[{"damage":0,"enemies":"Cultist","floor":1,"turns":1},{"damage":0,"enemies":"Small Slimes","floor":2,"turns":1},{"damage":0,"enemies":"Jaw Worm","floor":5,"turns":1},{"damage":17,"enemies":"3 Sentries","floor":7,"turns":8},{"damage":13,"enemies":"Gremlin Nob","floor":11,"turns":4},{"damage":27,"enemies":"Lagavulin","floor":13,"turns":7},{"damage":27,"enemies":"Hexaghost","floor":16,"turns":12},{"damage":6,"enemies":"2 Thieves","floor":18,"turns":4},{"damage":15,"enemies":"Chosen","floor":21,"turns":3},{"damage":17,"enemies":"Sentry and Sphere","floor":22,"turns":4},{"damage":18,"enemies":"Slavers","floor":23,"turns":2}],"seed_played":"5722882186299362029","potions_obtained":[{"floor":7,"key":"EssenceOfSteel"},{"floor":11,"key":"Explosive Potion"},{"floor":13,"key":"EntropicBrew"}],"is_trial":false,"path_per_floor":["M","M","?","$","M","R","E","?","T","R","E","?","E","?","R","B",null,"M","?","?","M","M"],"character_chosen":"THE_SILENT","items_purchased":["Predator"],"campfire_rested":0,"item_purchase_floors":[4],"current_hp_per_floor":[59,59,59,59,59,59,42,42,42,42,31,31,6,6,6,4,54,48,48,48,35,18,0],"gold":135,"neow_bonus":"THREE_ENEMY_KILL","is_prod":false,"is_daily":false,"chose_seed":false,"campfire_upgraded":1,"win_rate":0,"timestamp":1533947629,"path_taken":["M","M","?","$","?","R","E","?","T","R","E","?","E","?","R","BOSS","M","?","?","M","M","E"],"build_version":"2018-08-09","purchased_purges":1,"victory":false,"max_hp_per_floor":[66,66,66,66,66,66,66,66,66,66,68,68,70,70,70,70,70,70,70,70,72,72,72],"card_choices":[{"not_picked":["Eviscerate","Quick Slash"],"picked":"Backflip","floor":1},{"not_picked":["Flying Knee","Outmaneuver"],"picked":"Backstab","floor":2},{"not_picked":["Outmaneuver","PiercingWail"],"picked":"Quick Slash","floor":5},{"not_picked":["Outmaneuver","Dodge and Roll","Flying Knee"],"picked":"SKIP","floor":7},{"not_picked":["Expertise","PiercingWail","Envenom"],"picked":"Singing Bowl","floor":11},{"not_picked":["Distraction","Outmaneuver","Sucker Punch"],"picked":"Singing Bowl","floor":13},{"not_picked":["Grand Finale","Storm of Steel"],"picked":"A Thousand Cuts","floor":16},{"not_picked":["Slice","Sucker Punch"],"picked":"Blade Dance+1","floor":18},{"not_picked":["Predator","Dodge and Roll","Blade Dance"],"picked":"Singing Bowl","floor":21},{"not_picked":["Riddle With Holes","Grand Finale"],"picked":"Dodge and Roll+1","floor":22}],"player_experience":567982,"relics_obtained":[{"floor":7,"key":"Shovel"},{"floor":9,"key":"Sundial"},{"floor":10,"key":"Pantograph"},{"floor":11,"key":"Unceasing Top"},{"floor":13,"key":"Bag of Marbles"},{"floor":15,"key":"The Specimen"}],"event_choices":[{"event_name":"Living Wall","player_choice":"Grow","floor":3,"damage_taken":0},{"event_name":"WeMeetAgain","player_choice":"Potion","floor":8,"damage_taken":0},{"event_name":"Scrap Ooze","player_choice":"unsuccessful","floor":12,"damage_taken":0},{"event_name":"Match and Keep!","player_choice":"2 cards matched","floor":14,"damage_taken":0},{"event_name":"N\u0027loth","player_choice":"Ignored","floor":19,"damage_taken":0},{"event_name":"Drug Dealer","player_choice":"Got JAXXED","floor":20,"damage_taken":0}],"is_beta":false,"boss_relics":[{"not_picked":["Pandora\u0027s Box","Ring of the Serpent"],"picked":"Sozu"}],"items_purged_floors":[4],"is_endless":false,"potions_floor_spawned":[7,11,13,18,21],"killed_by":"Slavers","ascension_level":15}