{"gold_per_floor":[109,109,59,77,77,106,67,67,67,67,117,128,144,144,144,239,239,254,264,275,275,190,190,205,205,231,264,283,283,301,301,301,403,403,414,462,478,578,29,29,40,51,51,51,86,86,86,100,100,100],"floor_reached":51,"playtime":3300,"items_purged":[],"score":695,"play_id":"88a28284-174f-47cc-bfc9-2a1da432088e","local_time":"20180630183732","is_ascension_mode":false,"campfire_choices":[{"floor":8,"key":"REST"},{"data":"Distraction","floor":10,"key":"SMITH"},{"data":"Dash","floor":15,"key":"SMITH"},{"data":"Distraction","floor":23,"key":"SMITH"},{"data":"Terror","floor":25,"key":"SMITH"},{"floor":29,"key":"REST"},{"floor":32,"key":"REST"},{"data":"Burst","floor":40,"key":"SMITH"},{"data":"Backstab","floor":44,"key":"SMITH"},{"floor":46,"key":"REST"},{"floor":49,"key":"REST"}],"neow_cost":"","seed_source_timestamp":491853159899490,"circlet_count":0,"master_deck":["Survivor","Neutralize","Distraction+1","Leg Sweep","Grand Finale","Caltrops+1","Caltrops+1","Dash+1","Unload","Cloak And Dagger","Acrobatics","Quick Slash","Backstab+1","Heel Hook","Flying Knee","Concentrate","Dodge and Roll","Choke","Terror+1","Distraction+1","Outmaneuver+1","Footwork+1","Burst+1","Distraction+1","Outmaneuver+1","Caltrops+1","Eviscerate+1","Distraction+1","A Thousand Cuts+1","Dramatic Entrance"],"relics":["Ring of the Snake","Frozen Egg 2","Incense Burner","Blood Vial","Pandora\u0027s Box","Bag of Preparation","Vajra","Meat on the Bone","Runic Dome","Prayer Wheel","Sundial","Kunai","Bottled Lightning","Du-Vu Doll"],"potions_floor_usage":[6,35,41,45,50],"damage_taken":[{"damage":0,"enemies":"2 Louse","floor":1,"turns":4},{"damage":1,"enemies":"Small Slimes","floor":4,"turns":6},{"damage":30,"enemies":"3 Sentries","floor":6,"turns":26},{"damage":0,"enemies":"Cultist","floor":12,"turns":5},{"damage":11,"enemies":"3 Louse","floor":13,"turns":3},{"damage":40,"enemies":"Slime Boss","floor":16,"turns":14},{"damage":0,"enemies":"Chosen","floor":18,"turns":7},{"damage":2,"enemies":"Shell Parasite","floor":19,"turns":5},{"damage":15,"enemies":"Centurion and Healer","floor":20,"turns":7},{"damage":16,"enemies":"Snecko","floor":24,"turns":4},{"damage":14,"enemies":"Gremlin Leader","floor":27,"turns":5},{"damage":17,"enemies":"3 Cultists","floor":28,"turns":6},{"damage":16,"enemies":"Centurion and Healer","floor":30,"turns":6},{"damage":14,"enemies":"Automaton","floor":33,"turns":11},{"damage":2,"enemies":"Orb Walker","floor":35,"turns":5},{"damage":24,"floor":36,"turns":8},{"damage":0,"enemies":"3 Shapes","floor":37,"turns":7},{"damage":0,"enemies":"Maw","floor":41,"turns":10},{"damage":1,"enemies":"3 Darklings","floor":42,"turns":5},{"damage":39,"enemies":"2 Orb Walkers","floor":45,"turns":5},{"damage":1,"enemies":"Sphere and 2 Shapes","floor":48,"turns":3},{"damage":76,"enemies":"Time Eater","floor":50,"turns":13}],"seed_played":"6308854760779408732","potions_obtained":[{"floor":1,"key":"Swift Potion"},{"floor":13,"key":"GhostInAJar"},{"floor":16,"key":"Weak Potion"},{"floor":18,"key":"LiquidBronze"},{"floor":31,"key":"FairyPotion"},{"floor":37,"key":"Fruit Juice"},{"floor":48,"key":"GhostInAJar"}],"is_trial":false,"path_per_floor":["M","?","?","M","$","E","$","R","T","R","T","M","M","?","R","B",null,"M","M","M","?","?","R","M","R","T","E","M","R","M","?","R","B",null,"M","?","M","?","$","R","M","M","T","R","E","R","?","M","R","B"],"character_chosen":"THE_SILENT","items_purchased":["Caltrops+1","Sundial","Kunai"],"campfire_rested":5,"item_purchase_floors":[7,39,39],"current_hp_per_floor":[70,63,63,62,62,32,32,53,53,53,53,55,46,69,69,30,70,70,68,55,55,55,55,41,41,41,29,26,47,45,45,66,54,70,68,46,48,48,48,48,55,56,56,56,31,53,53,54,75,19],"gold":100,"neow_bonus":"","is_prod":false,"is_daily":false,"chose_seed":false,"campfire_upgraded":6,"win_rate":0,"timestamp":1530412652,"path_taken":["M","?","?","M","$","E","$","R","T","R","?","?","M","?","R","BOSS","M","M","M","?","?","R","M","R","T","E","M","R","M","?","R","BOSS","M","?","?","?","$","R","M","M","T","R","E","R","?","M","R","BOSS"],"build_version":"2018-06-28","purchased_purges":0,"victory":true,"max_hp_per_floor":[70,70,70,70,70,70,70,70,70,70,70,70,70,70,70,70,70,70,70,70,70,70,70,70,70,70,70,70,70,70,70,70,70,70,70,70,70,70,70,70,75,75,75,75,75,75,75,75,75,75],"card_choices":[{"not_picked":["Skewer","Flying Knee"],"picked":"Distraction","floor":1},{"not_picked":["Dodge and Roll","Prepared"],"picked":"Leg Sweep","floor":4},{"not_picked":["Slice","Leg Sweep"],"picked":"Grand Finale","floor":6},{"not_picked":["Cloak And Dagger","PiercingWail"],"picked":"Caltrops+1","floor":12},{"not_picked":["Prepared","Deflect"],"picked":"Dash","floor":13},{"not_picked":["Phantasmal Killer","Doppelganger"],"picked":"Unload","floor":16},{"not_picked":["Bane","Poisoned Stab"],"picked":"Choke","floor":18},{"not_picked":["Dagger Throw","Blur"],"picked":"Terror","floor":19},{"not_picked":["Underhanded Strike","Crippling Poison"],"picked":"Distraction","floor":20},{"not_picked":["Sucker Punch","Bane","Reflex"],"picked":"SKIP","floor":24},{"not_picked":["Reflex","Calculated Gamble"],"picked":"Outmaneuver+1","floor":27},{"not_picked":["PiercingWail+1","Expertise"],"picked":"Footwork+1","floor":28},{"not_picked":["Underhanded Strike","Dagger Throw","Accuracy+1"],"picked":"SKIP","floor":30},{"not_picked":["Bullet Time","Corpse Explosion"],"picked":"Burst","floor":33},{"not_picked":["Outmaneuver","Dagger Throw+1"],"picked":"Distraction+1","floor":35},{"not_picked":["Finisher","Malaise"],"picked":"Outmaneuver+1","floor":36},{"not_picked":["Dagger Spray","Flechettes"],"picked":"Caltrops+1","floor":37},{"not_picked":["Dagger Spray+1","Skewer","Dagger Throw+1"],"picked":"SKIP","floor":37},{"not_picked":["PiercingWail","Sucker Punch"],"picked":"Eviscerate+1","floor":41},{"not_picked":["Dagger Throw","Eviscerate","Quick Slash"],"picked":"SKIP","floor":41},{"not_picked":["Deflect","Crippling Poison+1"],"picked":"Distraction+1","floor":42},{"not_picked":["Deadly Poison","Reflex","Deflect"],"picked":"SKIP","floor":42},{"not_picked":["Outmaneuver","Dodge and Roll"],"picked":"A Thousand Cuts+1","floor":45},{"not_picked":["Flash of Steel","Purity"],"picked":"Dramatic Entrance","floor":47},{"not_picked":["Masterful Stab","Reflex+1","Cloak And Dagger+1"],"picked":"SKIP","floor":48},{"not_picked":["Prepared+1","Deflect","Slice+1"],"picked":"SKIP","floor":48}],"player_experience":330976,"relics_obtained":[{"floor":6,"key":"Frozen Egg 2"},{"floor":9,"key":"Incense Burner"},{"floor":11,"key":"Blood Vial"},{"floor":26,"key":"Vajra"},{"floor":27,"key":"Meat on the Bone"},{"floor":36,"key":"Prayer Wheel"},{"floor":43,"key":"Bottled Lightning"},{"floor":45,"key":"Du-Vu Doll"}],"event_choices":[{"event_name":"Golden Wing","player_choice":"Card Removal","floor":2,"damage_taken":0},{"event_name":"The Cleric","player_choice":"Card Removal","floor":3,"damage_taken":0},{"event_name":"Big Fish","player_choice":"Banana","floor":14,"damage_taken":0},{"event_name":"The Woman in Blue","player_choice":"Bought 0 Potions","floor":21,"damage_taken":0},{"event_name":"Addict","player_choice":"Obtained Relic","floor":22,"damage_taken":0},{"event_name":"The Lab","player_choice":"Got Potions","floor":31,"damage_taken":0},{"event_name":"Mysterious Sphere","player_choice":"Fight","floor":36,"damage_taken":0},{"event_name":"Golden Shrine","player_choice":"Pray","floor":38,"damage_taken":0},{"event_name":"SensoryStone","player_choice":"Memory 1","floor":47,"damage_taken":0}],"boss_relics":[{"not_picked":["Lizard Tail","Velvet Choker"],"picked":"Pandora\u0027s Box"},{"not_picked":["Cursed Key","Coffee Dripper"],"picked":"Runic Dome"}],"items_purged_floors":[],"is_endless":false,"potions_floor_spawned":[1,13,16,18,27,30,37,42,48],"ascension_level":0}