{"path_per_floor":["M","M","?","M","T","R","E","R","T","R","$","R","T","E","R","B",null,"M","?","M","M","?","R","E","R","T","E","?","?","M","?","R","B",null,"M","M","?","?","M","R","E","?","T","?","?","R","M"],"character_chosen":"THE_SILENT","items_purchased":["Molten Egg 2"],"gold_per_floor":[117,130,205,221,221,221,251,251,251,251,1,1,1,35,35,138,138,158,158,172,190,90,90,116,116,143,168,168,418,429,429,429,533,533,553,566,615,615,630,630,663,663,663,663,663,663,683],"floor_reached":48,"campfire_rested":3,"playtime":3880,"current_hp_per_floor":[70,68,57,57,57,57,60,60,60,60,60,60,60,49,70,38,70,70,70,68,48,48,69,60,60,60,64,64,64,59,70,70,25,70,70,38,19,19,9,30,18,18,18,61,61,61,44],"items_purged":[],"gold":683,"score":477,"play_id":"ee433d04-fef9-480e-821a-1597defae5ea","is_prod":false,"is_daily":false,"is_ascension_mode":false,"campfire_upgraded":6,"path_taken":["M","?","?","M","?","R","E","R","T","R","$","R","?","E","R","BOSS","M","?","M","?","?","R","E","R","T","E","?","?","M","?","R","BOSS","M","M","?","?","M","R","E","?","T","?","?","R","M","E"],"build_version":"2018-02-15-PROD1","purchased_purges":0,"victory":false,"master_deck":["Defend_G+1","Defend_G+1","Defend_G+1","Defend_G+1","Defend_G+1","Strike_G+1","Strike_G+1","Strike_G+1","Strike_G+1","Strike_G+1","Survivor+1","Neutralize+1","Backflip+1","Escape Plan+1","Backstab+1","Predator+1","All Out Attack+1","Bullet Time+1","Dash+1","Well Laid Plans","J.A.X.","Dagger Spray+1","Dodge and Roll+1","A Thousand Cuts","Caltrops+1","Adrenaline","Slice+1","Blur+1","Blur","Noxious Fumes+1","Backstab+1","Backflip+1","Deflect"],"max_hp_per_floor":[70,70,70,70,70,70,70,70,70,70,70,70,70,70,70,70,70,70,70,70,70,70,70,70,70,70,70,70,70,70,70,70,70,70,70,70,70,70,70,70,70,70,70,61,61,61,61],"relics":["Ring of the Snake","Unceasing Top","Peace Pipe","Whetstone","Molten Egg 2","Bird Faced Urn","Prayer Wheel","Black Star","Omamori","Vajra","Orichalcum","Juzu Bracelet","Bronze Scales","Runic Pyramid","Shovel","Centennial Puzzle","Pantograph","Blood Vial","Ancient Tea Set"],"card_choices":[{"not_picked":["Bane","Riddle With Holes"],"picked":"Backflip"},{"not_picked":["Cloak And Dagger","Underhanded Strike"],"picked":"Escape Plan"},{"not_picked":["Dagger Spray","Dodge and Roll"],"picked":"Backstab"},{"not_picked":["Underhanded Strike","Bane"],"picked":"Predator"},{"not_picked":["Acrobatics","Bullet Time"],"picked":"All Out Attack"},{"not_picked":["Die Die Die","Corpse Explosion"],"picked":"Bullet Time"},{"not_picked":["Poisoned Stab","Acrobatics"],"picked":"Dash"},{"not_picked":["Bane","Quick Slash"],"picked":"Prepared"},{"not_picked":["Deadly Poison","Flying Knee"],"picked":"Well Laid Plans"},{"not_picked":["Well Laid Plans","PiercingWail"],"picked":"Dagger Spray"},{"not_picked":["Quick Slash","Cloak And Dagger"],"picked":"Dodge and Roll"},{"not_picked":["Leg Sweep","Blade Dance"],"picked":"A Thousand Cuts"},{"not_picked":["Cloak And Dagger","Dagger Spray"],"picked":"Caltrops"},{"not_picked":["Envenom","Venomology"],"picked":"Adrenaline"},{"not_picked":["Bane","Dagger Throw"],"picked":"Slice"},{"not_picked":["Malaise","Sucker Punch"],"picked":"Blur"},{"not_picked":["Dagger Throw","Malaise"],"picked":"Blur"},{"not_picked":["Flying Knee","Quick Slash"],"picked":"Noxious Fumes"},{"not_picked":["Quick Slash","Flying Knee"],"picked":"Backstab"},{"not_picked":["Cloak And Dagger","Blade Dance"],"picked":"Backflip"},{"not_picked":["Well Laid Plans","Prepared"],"picked":"Deflect"}],"player_experience":112648,"potions_floor_usage":[7,14,18,21,27,37,41,48],"damage_taken":[{"damage":0,"enemies":"Cultist","floor":1,"turns":5},{"damage":2,"enemies":"Small Slimes","floor":2,"turns":6},{"damage":0,"enemies":"Jaw Worm","floor":4,"turns":6},{"damage":12,"enemies":"3 Sentries","floor":7,"turns":13},{"damage":11,"enemies":"Lagavulin","floor":14,"turns":8},{"damage":32,"enemies":"Slime Boss","floor":16,"turns":9},{"damage":0,"enemies":"Chosen","floor":18,"turns":3},{"damage":2,"enemies":"3 Byrds","floor":20,"turns":5},{"damage":20,"enemies":"Cultist and Chosen","floor":21,"turns":7},{"damage":11,"enemies":"Book of Stabbing","floor":24,"turns":7},{"damage":7,"enemies":"Slavers","floor":27,"turns":5},{"damage":9,"enemies":"Centurion and Healer","floor":30,"turns":4},{"damage":49,"enemies":"Champ","floor":33,"turns":12},{"damage":2,"enemies":"Orb Walker","floor":35,"turns":3},{"damage":34,"enemies":"3 Darklings","floor":36,"turns":4},{"damage":23,"enemies":"Mysterious Sphere","floor":37,"turns":5},{"damage":12,"enemies":"4 Shapes","floor":39,"turns":4},{"damage":20,"enemies":"Nemesis","floor":41,"turns":7},{"damage":20,"enemies":"Maw","floor":47,"turns":8},{"damage":56,"enemies":"2 Orb Walkers","floor":48,"turns":3}],"event_choices":[{"event_name":"World of Goop","player_choice":"Gather Gold","floor":3,"damage_taken":0},{"event_name":"Back to Basics","player_choice":"Simplicity","floor":19,"damage_taken":0},{"event_name":"Drug Dealer","player_choice":"Got JAXXED","floor":22,"damage_taken":0},{"event_name":"Vampires","player_choice":"Ignored","floor":28,"damage_taken":0},{"event_name":"Golden Shrine","player_choice":"Desecrate","floor":29,"damage_taken":0},{"event_name":"The Library","player_choice":"Heal","floor":31,"damage_taken":0},{"event_name":"Mysterious Sphere","player_choice":"Fight","floor":37,"damage_taken":0},{"event_name":"Tomb of Lord Red Mask","player_choice":"Ignored","floor":42,"damage_taken":0},{"event_name":"The Moai Head","player_choice":"Heal","floor":44,"damage_taken":0},{"event_name":"Upgrade Shrine","player_choice":"Upgraded","floor":45,"damage_taken":0}],"boss_relics":[{"not_picked":["Ectoplasm","Velvet Choker"],"picked":"Black Star"},{"not_picked":["Philosopher\u0027s Stone","Runic Dome"],"picked":"Runic Pyramid"}],"potions_floor_spawned":[4,7,16,18,24,36,39,47],"seed_played":"-2665924483741515120","killed_by":"2 Orb Walkers","ascension_level":0,"is_trial":false}