{"gold_per_floor":[110,110,185,203,54,54,82,96,96,39,39],"floor_reached":11,"playtime":327,"items_purged":["Strike_B"],"score":142,"play_id":"3661c084-d3d5-4bf3-8f77-b05c63d56c08","local_time":"20181114225215","is_ascension_mode":true,"campfire_choices":[{"data":"Defragment","floor":6,"key":"SMITH"}],"neow_cost":"NONE","seed_source_timestamp":20044701030705,"circlet_count":0,"master_deck":["AscendersBane","Strike_B","Strike_B","Strike_B","Defend_B","Defend_B","Defend_B","Defend_B","Zap+1","Dualcast","BootSequence","Melter","Defragment+1","Rainbow","Cold Snap"],"relics":["Cracked Core","Ornamental Fan","Regal Pillow"],"potions_floor_usage":[11,11],"damage_taken":[{"damage":4,"enemies":"Small Slimes","floor":1,"turns":3},{"damage":0,"enemies":"Jaw Worm","floor":4,"turns":4},{"damage":31,"enemies":"Lagavulin","floor":7,"turns":8},{"damage":0,"enemies":"Cultist","floor":8,"turns":4},{"damage":0,"enemies":"Gremlin Nob","floor":11,"turns":3}],"seed_played":"-4876437710620308307","potions_obtained":[{"floor":1,"key":"SpeedPotion"},{"floor":8,"key":"Fire Potion"}],"is_trial":false,"path_per_floor":["M","?","?","M","$","R","E","M","T","$","E"],"character_chosen":"DEFECT","items_purchased":["Defragment","SkillPotion"],"campfire_rested":0,"item_purchase_floors":[5,10],"current_hp_per_floor":[60,60,49,49,49,49,18,18,18,18,18],"gold":39,"neow_bonus":"UPGRADE_CARD","is_prod":false,"is_daily":false,"chose_seed":false,"campfire_upgraded":1,"win_rate":0,"timestamp":1542253935,"path_taken":["M","?","?","M","?","R","E","M","T","$","E"],"build_version":"2018-11-08","purchased_purges":1,"victory":false,"max_hp_per_floor":[71,71,71,71,71,71,71,71,71,71,71],"card_choices":[{"not_picked":["Double Energy","Fusion"],"picked":"BootSequence","floor":1},{"not_picked":["Barrage","Hologram"],"picked":"Melter","floor":4},{"not_picked":["Sweeping Beam","Rebound"],"picked":"Rainbow","floor":7},{"not_picked":["Barrage","Steam"],"picked":"Cold Snap","floor":8}],"player_experience":897060,"relics_obtained":[{"floor":7,"key":"Ornamental Fan"},{"floor":9,"key":"Regal Pillow"}],"event_choices":[{"damage_healed":0,"gold_gain":0,"player_choice":"Ignored","damage_taken":0,"max_hp_gain":0,"max_hp_loss":0,"event_name":"Liars Game","floor":2,"gold_loss":0},{"damage_healed":0,"gold_gain":75,"player_choice":"Gather Gold","damage_taken":11,"max_hp_gain":0,"max_hp_loss":0,"event_name":"World of Goop","floor":3,"gold_loss":0}],"is_beta":false,"boss_relics":[],"items_purged_floors":[5],"is_endless":false,"potions_floor_spawned":[1,8],"killed_by":"Gremlin Nob","ascension_level":20}