{"path_per_floor":["M","?","?","M","M","E","?","R","T","R","M","$","T","M","R"],"character_chosen":"THE_SILENT","items_purchased":["Ginger","Catalyst"],"gold_per_floor":[110,360,360,373,390,418,418,418,418,418,428,37,37,51,51,51],"floor_reached":16,"campfire_rested":2,"playtime":1326,"item_purchase_floors":[12,12],"current_hp_per_floor":[70,70,70,65,55,39,32,53,53,53,42,42,42,41,62,0],"items_purged":[],"gold":51,"score":100,"play_id":"568d28d5-6f7d-405d-9112-6b2bdd54c84e","local_time":"20180621233356","is_prod":false,"is_daily":false,"chose_seed":false,"is_ascension_mode":false,"campfire_upgraded":1,"win_rate":0.0,"timestamp":1529652836,"campfire_choices":[{"floor":8,"key":"REST"},{"data":"Flying Knee","floor":10,"key":"SMITH"},{"floor":15,"key":"REST"}],"path_taken":["M","?","?","M","?","E","?","R","T","R","M","?","?","M","R","BOSS"],"build_version":"2018-06-21","seed_source_timestamp":285386988390832,"purchased_purges":0,"circlet_count":0,"victory":false,"master_deck":["Defend_G","Defend_G","Defend_G","Defend_G","Defend_G","Strike_G","Strike_G","Strike_G","Strike_G","Strike_G","Survivor","Neutralize","Deadly Poison","Flying Knee+1","Bane","Deadly Poison","Poisoned Stab","Catalyst","Escape Plan"],"max_hp_per_floor":[70,70,70,70,70,70,70,70,70,70,70,70,70,70,70,70],"relics":["Ring of the Snake","Tough Bandages","Centennial Puzzle","Ginger","Bronze Scales"],"card_choices":[{"not_picked":["Dodge and Roll","Backflip"],"picked":"Deadly Poison","floor":1},{"not_picked":["Expertise","Dodge and Roll"],"picked":"Flying Knee","floor":4},{"not_picked":["Prepared","Dagger Throw"],"picked":"Bane","floor":5},{"not_picked":["Escape Plan","Skewer"],"picked":"Deadly Poison","floor":6},{"not_picked":["Underhanded Strike","Well Laid Plans"],"picked":"Poisoned Stab","floor":11},{"not_picked":["Heel Hook","Dodge and Roll"],"picked":"Escape Plan","floor":14}],"player_experience":234381,"potions_floor_usage":[16],"damage_taken":[{"damage":0,"enemies":"Small Slimes","floor":1,"turns":3},{"damage":5,"enemies":"Cultist","floor":4,"turns":4},{"damage":10,"enemies":"Jaw Worm","floor":5,"turns":5},{"damage":16,"enemies":"3 Sentries","floor":6,"turns":11},{"damage":11,"enemies":"Exordium Thugs","floor":11,"turns":4},{"damage":1,"enemies":"Blue Slaver","floor":14,"turns":3},{"damage":64,"enemies":"Slime Boss","floor":16,"turns":12}],"relics_obtained":[{"floor":6,"key":"Tough Bandages"},{"floor":9,"key":"Centennial Puzzle"},{"floor":13,"key":"Bronze Scales"}],"event_choices":[{"event_name":"Golden Shrine","player_choice":"Desecrate","floor":2,"damage_taken":0},{"event_name":"Transmorgrifier","player_choice":"Transform","floor":3,"damage_taken":0},{"event_name":"Golden Wing","player_choice":"Card Removal","floor":7,"damage_taken":0}],"boss_relics":[],"items_purged_floors":[],"is_endless":false,"potions_floor_spawned":[4],"seed_played":"2829331580726706844","killed_by":"Slime Boss","ascension_level":0,"potions_obtained":[{"floor":4,"key":"FearPotion"}],"is_trial":false}