{"path_per_floor":["M","?","M","?","?","R","M","R","T","R","?","M","M","M","R","B",null,"M","M","$","M","?","$","R","T","T","E","R","E","R","E","R"],"character_chosen":"THE_SILENT","items_purchased":["Apotheosis","Bottled Lightning"],"gold_per_floor":[118,118,129,304,304,304,324,324,350,350,350,366,386,406,406,508,508,523,534,70,84,9,9,9,9,9,34,34,66,66,95,95,95],"floor_reached":33,"campfire_rested":2,"playtime":2365,"current_hp_per_floor":[66,66,66,66,66,66,66,66,66,66,52,52,50,50,50,23,70,70,52,52,36,36,36,57,57,71,57,82,80,80,70,70,0],"items_purged":[],"gold":95,"score":293,"play_id":"a5b76dcd-16c2-42dd-b6ce-9b800bd823cb","local_time":"20180324001334","is_prod":false,"is_daily":false,"is_ascension_mode":false,"campfire_upgraded":6,"timestamp":1521879214,"path_taken":["M","?","M","?","?","R","M","R","T","R","?","M","M","?","R","BOSS","M","M","$","M","?","$","R","?","T","E","R","E","R","E","R","BOSS"],"build_version":"2018-03-22v2","purchased_purges":0,"victory":false,"master_deck":["Defend_G","Defend_G","Defend_G","Defend_G","Defend_G+1","Strike_G","Strike_G","Strike_G","Strike_G","Strike_G","Survivor+1","Neutralize+1","Dagger Spray+1","Dagger Spray+1","Deflect","Flying Knee","Leg Sweep+1","Adrenaline","Quick Slash+1","Dash+1","Apotheosis+1","Footwork+1","Cloak And Dagger+1"],"max_hp_per_floor":[70,70,70,70,70,70,70,70,70,70,70,70,70,70,70,70,70,70,70,70,70,70,70,70,70,84,84,84,84,84,84,84,84],"relics":["Lizard Tail","Orichalcum","Black Star","Bottled Lightning","Thread and Needle","Mango","Blue Candle","Toxic Egg 2","Snake Skull","Bronze Scales","Prayer Wheel","Ancient Tea Set"],"card_choices":[{"not_picked":["Quick Slash","Deadly Poison"],"picked":"Dagger Spray","floor":1},{"not_picked":["Acrobatics","PiercingWail"],"picked":"Dagger Spray","floor":3},{"not_picked":["Slice","Doppelganger"],"picked":"Prepared","floor":7},{"not_picked":["PiercingWail","Bane"],"picked":"Deflect","floor":12},{"not_picked":["Dash","Deadly Poison"],"picked":"Flying Knee","floor":13},{"not_picked":["PiercingWail","Dodge and Roll"],"picked":"Leg Sweep","floor":14},{"not_picked":["Grand Finale","Tactician"],"picked":"Adrenaline","floor":16},{"not_picked":["Flying Knee","Dagger Throw"],"picked":"Quick Slash","floor":18},{"not_picked":["Sucker Punch","Dagger Throw"],"picked":"Dash","floor":19},{"not_picked":["PiercingWail","Riddle With Holes"],"picked":"Footwork","floor":29},{"not_picked":["Sucker Punch","Deadly Poison"],"picked":"Cloak And Dagger","floor":31}],"player_experience":215279,"potions_floor_usage":[13,16,19,29,33],"damage_taken":[{"damage":4,"enemies":"Jaw Worm","floor":1,"turns":4},{"damage":0,"enemies":"2 Louse","floor":3,"turns":2},{"damage":0,"enemies":"Small Slimes","floor":7,"turns":3},{"damage":0,"enemies":"Blue Slaver","floor":12,"turns":4},{"damage":2,"enemies":"3 Louse","floor":13,"turns":2},{"damage":0,"enemies":"Looter","floor":14,"turns":3},{"damage":65,"enemies":"Slime Boss","floor":16,"turns":15},{"damage":0,"enemies":"Shell Parasite","floor":18,"turns":10},{"damage":18,"enemies":"Spheric Guardian","floor":19,"turns":6},{"damage":16,"enemies":"Snecko","floor":21,"turns":7},{"damage":14,"enemies":"Slavers","floor":27,"turns":6},{"damage":2,"enemies":"Gremlin Leader","floor":29,"turns":9},{"damage":10,"enemies":"Book of Stabbing","floor":31,"turns":6},{"damage":79,"enemies":"Champ","floor":33,"turns":23}],"event_choices":[{"event_name":"The Cleric","player_choice":"Leave","floor":2,"damage_taken":0},{"event_name":"Liars Game","player_choice":"agreed","floor":4,"damage_taken":0},{"event_name":"Living Wall","player_choice":"Forget","floor":5,"damage_taken":0},{"event_name":"Shining Light","player_choice":"Entered Light","floor":11,"damage_taken":0},{"event_name":"Beggar","player_choice":"Gave Gold","floor":22,"damage_taken":0}],"boss_relics":[{"not_picked":["Runic Dome","Philosopher\u0027s Stone"],"picked":"Black Star"}],"potions_floor_spawned":[3,14,16,27,29],"seed_played":"2310989048893014653","killed_by":"Champ","ascension_level":0,"is_trial":false}