{"gold_per_floor":[109,109,32,44,44,75,75,92,119,119,134,154,187,207,207,207],"floor_reached":16,"playtime":736,"items_purged":[],"score":178,"play_id":"7f582266-84ef-4487-9ad1-53a654411ffb","local_time":"20190119085852","is_ascension_mode":true,"campfire_choices":[{"data":"Zap","floor":7,"key":"SMITH"},{"data":"Chill","floor":10,"key":"SMITH"},{"data":"Buffer","floor":15,"key":"SMITH"}],"neow_cost":"NONE","seed_source_timestamp":142463171788143,"circlet_count":0,"master_deck":["Strike_B","Strike_B","Strike_B","Strike_B","Defend_B","Defend_B","Defend_B","Defend_B","Zap+1","Dualcast","Turbo","Pain","Self Repair","Coolheaded","Chill+1","Buffer+1","Capacitor","FTL","Coolheaded"],"relics":["Cracked Core","NeowsBlessing","WarpedTongs","Ancient Tea Set","Bag of Marbles","Pantograph"],"potions_floor_usage":[13,13,14],"damage_taken":[{"damage":0,"enemies":"Small Slimes","floor":1,"turns":1},{"damage":0,"enemies":"Cultist","floor":4,"turns":1},{"damage":3,"enemies":"Lagavulin","floor":6,"turns":1},{"damage":0,"enemies":"2 Louse","floor":8,"turns":2},{"damage":6,"enemies":"Exordium Wildlife","floor":11,"turns":4},{"damage":3,"enemies":"2 Fungi Beasts","floor":12,"turns":3},{"damage":8,"enemies":"3 Sentries","floor":13,"turns":8},{"damage":3,"enemies":"Lots of Slimes","floor":14,"turns":4},{"damage":75,"enemies":"Hexaghost","floor":16,"turns":11}],"seed_played":"6409015232009994900","potions_obtained":[{"floor":8,"key":"SteroidPotion"},{"floor":11,"key":"Regen Potion"},{"floor":12,"key":"Poison Potion"}],"is_trial":false,"path_per_floor":["M","?","$","M","$","E","R","M","T","R","M","M","E","M","R","B"],"character_chosen":"DEFECT","items_purchased":["Self Repair"],"campfire_rested":0,"item_purchase_floors":[3],"current_hp_per_floor":[68,68,68,75,75,75,75,75,75,75,75,72,75,75,75,0],"gold":207,"neow_bonus":"THREE_ENEMY_KILL","is_prod":false,"is_daily":false,"chose_seed":false,"campfire_upgraded":3,"win_rate":0,"timestamp":1547906332,"path_taken":["M","?","?","?","?","E","R","M","T","R","M","M","E","M","R","BOSS"],"build_version":"2019-01-17v2","purchased_purges":0,"victory":false,"max_hp_per_floor":[75,75,75,75,75,75,75,75,75,75,75,75,75,75,75,75],"card_choices":[{"not_picked":["Hologram","Storm"],"picked":"Turbo","floor":1},{"not_picked":["Go for the Eyes","Sweeping Beam"],"picked":"Coolheaded","floor":4},{"not_picked":["Streamline","Self Repair"],"picked":"Chill","floor":6},{"not_picked":["Chill","Rebound","Compile Driver"],"picked":"SKIP","floor":8},{"not_picked":["Static Discharge","Rebound"],"picked":"Buffer","floor":11},{"not_picked":["Ball Lightning","Loop"],"picked":"Capacitor","floor":12},{"not_picked":["Compile Driver","Genetic Algorithm"],"picked":"FTL","floor":13},{"not_picked":["Lockon","Skim"],"picked":"Coolheaded","floor":14}],"player_experience":176540,"relics_obtained":[{"floor":6,"key":"Ancient Tea Set"},{"floor":9,"key":"Bag of Marbles"},{"floor":13,"key":"Pantograph"}],"event_choices":[{"damage_healed":0,"gold_gain":0,"player_choice":"Rummage","damage_taken":0,"relics_obtained":["WarpedTongs"],"max_hp_gain":0,"max_hp_loss":0,"event_name":"Accursed Blacksmith","floor":2,"gold_loss":0,"cards_obtained":["Pain"]}],"is_beta":false,"boss_relics":[],"items_purged_floors":[],"is_endless":false,"potions_floor_spawned":[8,11,12],"killed_by":"Hexaghost","ascension_level":6}