{"path_per_floor":["M","M","?","?","M","E","R","?","T","M","E","$","M","E","R","B",null,"M","M","?","M","$","M","R","M","T","R","M","M","M","M","R"],"character_chosen":"IRONCLAD","items_purchased":["Secret Weapon"],"gold_per_floor":[109,128,128,98,112,144,144,244,271,282,314,27,42,70,70,165,165,177,194,117,130,30,45,45,57,57,57,71,90,102,122,122,122],"floor_reached":33,"campfire_rested":2,"playtime":3461,"current_hp_per_floor":[88,84,84,84,87,67,67,67,67,80,74,74,76,75,75,13,88,85,67,67,58,58,42,68,55,62,62,57,56,62,44,72,0],"items_purged":["Strike_R","Strike_R"],"gold":122,"score":298,"play_id":"ac394158-b160-4995-b578-eaf0849b1dd4","local_time":"20180514132351","is_prod":false,"is_daily":false,"chose_seed":false,"is_ascension_mode":false,"campfire_upgraded":3,"timestamp":1526300631,"path_taken":["M","M","?","?","M","E","R","?","T","M","E","$","M","E","R","BOSS","M","?","?","M","?","M","R","M","T","R","M","?","M","?","R","BOSS"],"build_version":"2018-05-10","seed_source_timestamp":181836119207028,"purchased_purges":2,"victory":false,"master_deck":["Strike_R","Strike_R","Strike_R","Defend_R","Defend_R","Defend_R","Defend_R","Bash","Cleave","Sever Soul","Good Instincts+1","Battle Trance","Flame Barrier","Heavy Blade","Searing Blow+1","Rampage+1","Secret Weapon","Heavy Blade","Cleave","Impervious","Headbutt","Pommel Strike+1","J.A.X.","Armaments","Anger","Pommel Strike","Pommel Strike"],"max_hp_per_floor":[88,88,88,88,88,88,88,88,88,88,88,88,88,88,88,88,88,88,88,88,88,88,88,88,88,95,95,95,95,95,95,95,95],"relics":["Burning Blood","Bag of Marbles","Lantern","Mummified Hand","Oddly Smooth Stone","Sozu","Strawberry"],"card_choices":[{"not_picked":["Clothesline","Burning Pact"],"picked":"Cleave","floor":1},{"not_picked":["Body Slam","Anger"],"picked":"Sever Soul","floor":2},{"not_picked":["Reckless Charge","Flex"],"picked":"Flame Barrier","floor":5},{"not_picked":["Whirlwind","Combust"],"picked":"Heavy Blade","floor":6},{"not_picked":["Power Through","Thunderclap"],"picked":"Searing Blow","floor":10},{"not_picked":["Dropkick","Body Slam"],"picked":"Rampage","floor":11},{"not_picked":["Iron Wave","Perfected Strike"],"picked":"Heavy Blade","floor":13},{"not_picked":["Burning Pact","Flame Barrier"],"picked":"Cleave","floor":14},{"not_picked":["Demon Form","Berserk"],"picked":"Impervious","floor":16},{"not_picked":["Perfected Strike","Sword Boomerang"],"picked":"Headbutt","floor":18},{"not_picked":["Corruption","Wild Strike"],"picked":"Pommel Strike","floor":19},{"not_picked":["Intimidate","Heavy Blade"],"picked":"Armaments","floor":23},{"not_picked":["Clothesline","Shrug It Off"],"picked":"Anger","floor":25},{"not_picked":["Iron Wave","Berserk"],"picked":"Pommel Strike","floor":29},{"not_picked":["Body Slam","True Grit"],"picked":"Pommel Strike","floor":30}],"player_experience":30685,"potions_floor_usage":[10,16,16],"damage_taken":[{"damage":5,"enemies":"2 Louse","floor":1,"turns":4},{"damage":10,"enemies":"Cultist","floor":2,"turns":4},{"damage":3,"enemies":"Small Slimes","floor":5,"turns":3},{"damage":26,"enemies":"Gremlin Nob","floor":6,"turns":4},{"damage":1,"enemies":"2 Fungi Beasts","floor":10,"turns":3},{"damage":12,"enemies":"3 Sentries","floor":11,"turns":6},{"damage":4,"enemies":"Gremlin Gang","floor":13,"turns":3},{"damage":7,"enemies":"Gremlin Nob","floor":14,"turns":4},{"damage":68,"enemies":"Hexaghost","floor":16,"turns":9},{"damage":9,"enemies":"3 Byrds","floor":18,"turns":4},{"damage":24,"enemies":"Spheric Guardian","floor":19,"turns":4},{"damage":15,"enemies":"Snake Plant","floor":21,"turns":3},{"damage":22,"enemies":"Chosen and Byrds","floor":23,"turns":4},{"damage":19,"enemies":"Slaver and Parasite","floor":25,"turns":5},{"damage":11,"enemies":"3 Cultists","floor":28,"turns":6},{"damage":7,"enemies":"Centurion and Healer","floor":29,"turns":6},{"damage":0,"enemies":"Snecko","floor":30,"turns":4},{"damage":24,"enemies":"Snake Plant","floor":31,"turns":3},{"damage":78,"enemies":"Collector","floor":33,"turns":5}],"event_choices":[{"event_name":"Match and Keep!","player_choice":"2 cards matched","floor":3,"damage_taken":0},{"event_name":"The Woman in Blue","player_choice":"Bought 2 Potions","floor":4,"damage_taken":0},{"event_name":"Wheel of Change","player_choice":"Gold","floor":8,"damage_taken":0},{"event_name":"Drug Dealer","player_choice":"Got JAXXED","floor":20,"damage_taken":0}],"boss_relics":[{"not_picked":["Snecko Eye","Ectoplasm"],"picked":"Sozu"}],"potions_floor_spawned":[2,6,18,21,29],"seed_played":"-5361342046706563827","killed_by":"Collector","ascension_level":0,"is_trial":false}