{"gold_per_floor":[119,139,153,19,19,49,49,67,112,122,122,142,142,159,159,234,234,248,248,163,163,173,173,173,173,173,203,220,238,238,263,263,263],"floor_reached":33,"playtime":1397,"items_purged":["Defend_B"],"score":599,"play_id":"edc691ed-c15d-4cac-8bca-c625aba2c3aa","local_time":"20190107190354","is_ascension_mode":true,"campfire_choices":[{"data":"Reinforced Body","floor":7,"key":"SMITH"},{"data":"Coolheaded","floor":11,"key":"SMITH"},{"floor":13,"key":"REST"},{"floor":15,"key":"REST"},{"floor":23,"key":"REST"},{"data":"Loop","floor":25,"key":"SMITH"},{"data":"Biased Cognition","floor":30,"key":"SMITH"},{"floor":32,"key":"REST"}],"neow_cost":"NONE","seed_source_timestamp":3348601603324,"circlet_count":0,"master_deck":["AscendersBane","Defend_B","Defend_B","Defend_B","Zap+1","Dualcast","Streamline+1","Sweeping Beam","Reinforced Body+1","Conserve Battery","Coolheaded+1","Rebound+1","Biased Cognition+1","Loop+1","RitualDagger+1","Bite+1","Bite+1","Bite+1","Bite+1","Bite+1","Undo+1","Coolheaded+1","Core Surge+1"],"relics":["FrozenCore","Molten Egg 2","Bronze Scales","Orichalcum","Toxic Egg 2","Art of War","Potion Belt"],"potions_floor_usage":[14,16,27,27,28,33],"damage_taken":[{"damage":2,"enemies":"Jaw Worm","floor":1,"turns":2},{"damage":1,"enemies":"Cultist","floor":2,"turns":3},{"damage":0,"enemies":"Small Slimes","floor":3,"turns":2},{"damage":22,"enemies":"3 Sentries","floor":6,"turns":6},{"damage":3,"enemies":"3 Louse","floor":8,"turns":2},{"damage":10,"enemies":"Large Slime","floor":10,"turns":4},{"damage":18,"enemies":"Exordium Wildlife","floor":12,"turns":4},{"damage":5,"enemies":"Gremlin Gang","floor":14,"turns":4},{"damage":37,"enemies":"Slime Boss","floor":16,"turns":10},{"damage":0,"enemies":"Spheric Guardian","floor":18,"turns":4},{"damage":9,"enemies":"3 Byrds","floor":22,"turns":4},{"damage":25,"enemies":"Gremlin Leader","floor":27,"turns":8},{"damage":14,"enemies":"Snake Plant","floor":28,"turns":6},{"damage":5,"enemies":"Centurion and Healer","floor":29,"turns":12},{"damage":58,"enemies":"Slavers","floor":31,"turns":9},{"damage":13,"enemies":"Collector","floor":33,"turns":3}],"seed_played":"4458888348393844897","potions_obtained":[{"floor":6,"key":"SteroidPotion"},{"floor":10,"key":"EssenceOfSteel"},{"floor":16,"key":"EssenceOfSteel"},{"floor":18,"key":"Poison Potion"},{"floor":27,"key":"Swift Potion"},{"floor":29,"key":"Swift Potion"}],"is_trial":false,"path_per_floor":["M","M","M","$","?","E","R","M","T","M","R","M","R","M","R","B",null,"M","?","?","?","M","R","?","R","T","E","M","M","R","E","R","B"],"character_chosen":"DEFECT","items_purchased":["Conserve Battery"],"campfire_rested":4,"item_purchase_floors":[4],"current_hp_per_floor":[62,61,61,61,61,39,39,36,36,26,26,8,29,24,45,8,55,55,49,49,29,20,42,42,42,42,41,39,53,53,1,16,6],"gold":263,"neow_bonus":"UPGRADE_CARD","is_prod":false,"is_daily":false,"chose_seed":false,"campfire_upgraded":4,"win_rate":0,"timestamp":1546905834,"path_taken":["M","M","M","$","?","E","R","M","T","?","R","M","R","M","R","BOSS","M","?","?","?","M","R","?","R","T","E","?","M","R","E","R","BOSS"],"build_version":"2019-01-03v4","purchased_purges":1,"victory":false,"max_hp_per_floor":[71,71,71,71,71,71,71,71,71,71,71,71,71,71,71,71,71,71,71,71,76,76,76,53,53,53,53,53,53,53,53,53,53],"card_choices":[{"not_picked":["Gash","Double Energy"],"picked":"Streamline","floor":1},{"not_picked":["Recycle","Stack"],"picked":"Sweeping Beam","floor":2},{"not_picked":["Go for the Eyes","Turbo"],"picked":"Reinforced Body","floor":3},{"not_picked":["Reinforced Body","Scrape","Consume"],"picked":"SKIP","floor":6},{"not_picked":["Conserve Battery","Sweeping Beam+1"],"picked":"Coolheaded","floor":8},{"not_picked":["Blizzard+1","Coolheaded","Redo"],"picked":"SKIP","floor":10},{"not_picked":["Reinforced Body","Force Field","Leap"],"picked":"SKIP","floor":12},{"not_picked":["Tempest","Streamline+1"],"picked":"Rebound+1","floor":14},{"not_picked":["Rainbow","Core Surge+1"],"picked":"Biased Cognition","floor":16},{"not_picked":["Sweeping Beam+1","Conserve Battery"],"picked":"Loop","floor":18},{"not_picked":["Redo","Steam","Cold Snap+1"],"picked":"SKIP","floor":22},{"not_picked":["Rebound+1","Turbo+1"],"picked":"Undo+1","floor":27},{"not_picked":["Rebound+1","Ball Lightning+1"],"picked":"Coolheaded+1","floor":28},{"not_picked":["Steam Power+1","Reinforced Body+1","Turbo+1"],"picked":"SKIP","floor":29},{"not_picked":["Reboot+1","Redo+1"],"picked":"Core Surge+1","floor":31}],"player_experience":1001251,"relics_obtained":[{"floor":6,"key":"Molten Egg 2"},{"floor":9,"key":"Bronze Scales"},{"floor":26,"key":"Toxic Egg 2"},{"floor":27,"key":"Art of War"},{"floor":31,"key":"Potion Belt"}],"event_choices":[{"damage_healed":0,"gold_gain":0,"player_choice":"Upgraded","damage_taken":0,"max_hp_gain":0,"max_hp_loss":0,"event_name":"Upgrade Shrine","floor":5,"gold_loss":0,"cards_upgraded":["Streamline"]},{"damage_healed":0,"gold_gain":0,"player_choice":"Joined the Cult","damage_taken":6,"max_hp_gain":0,"max_hp_loss":0,"event_name":"Nest","floor":19,"gold_loss":0,"cards_obtained":["RitualDagger"]},{"damage_healed":0,"gold_gain":0,"player_choice":"Obtained Relic","damage_taken":0,"relics_obtained":["Orichalcum"],"max_hp_gain":0,"max_hp_loss":0,"event_name":"Addict","floor":20,"gold_loss":85},{"damage_healed":0,"gold_gain":0,"player_choice":"Shed Blood","damage_taken":25,"max_hp_gain":5,"max_hp_loss":0,"event_name":"Forgotten Altar","floor":21,"gold_loss":0},{"damage_healed":0,"gold_gain":0,"player_choice":"Became a vampire","damage_taken":0,"max_hp_gain":0,"max_hp_loss":23,"event_name":"Vampires","floor":24,"gold_loss":0,"cards_obtained":["Bite","Bite","Bite","Bite","Bite"]}],"is_beta":false,"boss_relics":[{"not_picked":["Velvet Choker","Philosopher\u0027s Stone"],"picked":"FrozenCore"}],"items_purged_floors":[4],"is_endless":false,"potions_floor_spawned":[6,10,16,18,27,29],"killed_by":"Collector","ascension_level":20}