{"path_per_floor":["M","$","?","?","$","R","M","R","T","M","M","R","M","?","R","B",null,"M","$","?","M","$","R"],"character_chosen":"THE_SILENT","items_purchased":[],"gold_per_floor":[110,35,0,0,0,0,16,16,16,35,54,54,67,67,67,170,170,95,95,95,112,12,12],"floor_reached":24,"campfire_rested":2,"playtime":935,"current_hp_per_floor":[39,39,39,39,39,39,39,39,46,46,20,40,39,39,39,5,52,34,34,22,22,22,43],"items_purged":["Parasite","Defend_G"],"gold":12,"score":282,"play_id":"563539d0-6da6-41b0-8951-7e4a678123c8","is_prod":false,"is_daily":false,"is_ascension_mode":true,"campfire_upgraded":3,"path_taken":["M","$","?","?","?","R","M","R","T","M","M","R","M","?","R","BOSS","M","$","?","?","$","R","M"],"build_version":"2018-02-22-PROD2","purchased_purges":2,"victory":false,"master_deck":["Defend_G","Defend_G","Defend_G","Defend_G","Strike_G","Strike_G","Strike_G","Strike_G","Survivor","Neutralize","Grand Finale","Dash+1","After Image+1","Malaise","Acrobatics+1","Grand Finale","Acrobatics","Backflip+1"],"max_hp_per_floor":[63,60,60,60,60,60,60,60,67,67,67,67,67,67,67,67,67,67,67,72,72,72,72],"relics":["Ring of the Snake","Strawberry","Runic Pyramid"],"card_choices":[{"not_picked":["Corpse Explosion","A Thousand Cuts"],"picked":"Grand Finale"},{"not_picked":["Quick Slash","Escape Plan"],"picked":"Dash"},{"not_picked":["Expertise","Slice"],"picked":"After Image"},{"not_picked":["Deadly Poison","Heel Hook"],"picked":"Malaise"},{"not_picked":["Cloak And Dagger","Malaise"],"picked":"Acrobatics"},{"not_picked":["Storm of Steel","Die Die Die"],"picked":"Grand Finale"},{"not_picked":["Flying Knee","Deflect"],"picked":"Acrobatics"},{"not_picked":["Underhanded Strike","Choke"],"picked":"Backflip"}],"player_experience":272246,"potions_floor_usage":[11,16,18],"damage_taken":[{"damage":24,"enemies":"Jaw Worm","floor":1,"turns":10},{"damage":0,"enemies":"Small Slimes","floor":7,"turns":3},{"damage":0,"enemies":"2 Louse","floor":10,"turns":4},{"damage":26,"enemies":"Gremlin Gang","floor":11,"turns":8},{"damage":1,"enemies":"Exordium Wildlife","floor":13,"turns":5},{"damage":34,"enemies":"The Guardian","floor":16,"turns":17},{"damage":18,"enemies":"2 Thieves","floor":18,"turns":5},{"damage":0,"enemies":"Shell Parasite","floor":21,"turns":4},{"damage":56,"enemies":"Cultist and Chosen","floor":24,"turns":5}],"event_choices":[{"event_name":"World of Goop","player_choice":"Left","floor":3,"damage_taken":0},{"event_name":"Liars Game","player_choice":"disagreed","floor":4,"damage_taken":0},{"event_name":"Living Wall","player_choice":"Forget","floor":14,"damage_taken":0},{"event_name":"Forgotten Altar","player_choice":"Shed Blood","floor":20,"damage_taken":0}],"boss_relics":[{"not_picked":["Snecko Eye","Eternal Feather"],"picked":"Runic Pyramid"}],"potions_floor_spawned":[1,11,13],"seed_played":"333529212497897780","killed_by":"Cultist and Chosen","ascension_level":11,"is_trial":false}