{"gold_per_floor":[116,127,97,97,122,122,161,161,161,174,209,209,233,254,254,385,385,385,129,129,129,129,129,129,129,129,129,129,129,129,129,129,129],"floor_reached":33,"playtime":1558,"items_purged":["Strike_B"],"score":416,"play_id":"34b7a035-e92f-4a2c-ae34-03299abb3872","local_time":"20180628170135","is_ascension_mode":true,"campfire_choices":[{"data":"Zap","floor":6,"key":"SMITH"},{"data":"Streamline","floor":8,"key":"SMITH"},{"data":"Coolheaded","floor":12,"key":"SMITH"},{"data":"Recycle","floor":15,"key":"SMITH"},{"data":"Magnetism","floor":23,"key":"SMITH"},{"data":"Cold Snap","floor":25,"key":"SMITH"},{"floor":29,"key":"REST"},{"floor":32,"key":"REST"}],"neow_cost":"NONE","seed_source_timestamp":3889461357384,"circlet_count":0,"master_deck":["Strike_B","Strike_B","Strike_B","Defend_B","Defend_B+1","Defend_B+1","Defend_B","Zap+1","Dualcast+1","Streamline+1","Cold Snap+1","BootSequence","Coolheaded+1","Recycle+1","Amplify","Magnetism+1","Hologram+1"],"relics":["Cracked Core","Golden Idol","Matryoshka","Art of War","War Paint","Blue Candle","Ectoplasm","DataDisk","Tiny Chest","Potion Belt","Incense Burner","Question Card"],"potions_floor_usage":[7,11,16,18,24,28,28,30],"damage_taken":[{"damage":0,"enemies":"2 Louse","floor":1,"turns":3},{"damage":0,"enemies":"Cultist","floor":2,"turns":2},{"damage":7,"enemies":"Jaw Worm","floor":5,"turns":2},{"damage":21,"enemies":"Gremlin Nob","floor":7,"turns":4},{"damage":1,"enemies":"Exordium Wildlife","floor":10,"turns":2},{"damage":0,"enemies":"3 Sentries","floor":11,"turns":4},{"damage":0,"enemies":"Large Slime","floor":13,"turns":4},{"damage":0,"enemies":"Red Slaver","floor":14,"turns":2},{"damage":13,"enemies":"Hexaghost","floor":16,"turns":9},{"damage":0,"enemies":"Chosen","floor":18,"turns":2},{"damage":15,"enemies":"Spheric Guardian","floor":21,"turns":4},{"damage":2,"enemies":"Centurion and Healer","floor":24,"turns":6},{"damage":33,"enemies":"Slavers","floor":27,"turns":8},{"damage":7,"enemies":"Chosen and Byrds","floor":28,"turns":6},{"damage":9,"enemies":"Book of Stabbing","floor":30,"turns":5},{"damage":34,"enemies":"Champ","floor":33,"turns":11}],"seed_played":"6432510220882905539","potions_obtained":[{"floor":1,"key":"PowerPotion"},{"floor":3,"key":"Explosive Potion"},{"floor":3,"key":"SmokeBomb"},{"floor":11,"key":"FearPotion"},{"floor":16,"key":"Energy Potion"},{"floor":24,"key":"GamblersBrew"},{"floor":27,"key":"Explosive Potion"},{"floor":28,"key":"Swift Potion"}],"is_trial":false,"path_per_floor":["M","M","?","?","M","R","E","R","T","M","E","R","M","M","R","B",null,"M","$","T","M","?","R","M","R","T","E","M","R","E","?","R"],"character_chosen":"DEFECT","items_purchased":["Magnetism"],"campfire_rested":2,"item_purchase_floors":[19],"current_hp_per_floor":[68,68,68,68,61,61,40,40,40,39,39,39,39,39,39,26,58,58,58,58,43,43,43,41,41,41,8,1,21,12,12,32,0],"gold":129,"neow_bonus":"UPGRADE_CARD","is_prod":false,"is_daily":false,"chose_seed":false,"campfire_upgraded":6,"win_rate":0,"timestamp":1530219695,"path_taken":["M","M","?","?","M","R","E","R","T","M","E","R","M","?","R","BOSS","M","$","?","M","?","R","M","R","T","E","M","R","E","?","R","BOSS"],"build_version":"2018-06-21v2","purchased_purges":1,"victory":false,"max_hp_per_floor":[75,75,75,69,69,69,69,69,69,69,69,69,69,69,69,69,69,69,69,69,69,69,69,69,69,69,69,69,69,69,69,69,69],"card_choices":[{"not_picked":["Conserve Battery","Steam Power"],"picked":"Streamline","floor":1},{"not_picked":["Compile Driver","Redo","Steam"],"picked":"SKIP","floor":2},{"not_picked":["Steam","Undo"],"picked":"Cold Snap","floor":5},{"not_picked":["Capacitor","Fusion","Aggregate"],"picked":"SKIP","floor":7},{"not_picked":["Lockon","Go for the Eyes"],"picked":"BootSequence","floor":10},{"not_picked":["Static Discharge","Force Field"],"picked":"Coolheaded","floor":11},{"not_picked":["Ball Lightning","Steam","Gash"],"picked":"SKIP","floor":13},{"not_picked":["Sunder","Redo"],"picked":"Recycle","floor":14},{"not_picked":["Biased Cognition","Seek"],"picked":"Amplify","floor":16},{"not_picked":["Rebound","Stack"],"picked":"Hologram+1","floor":21},{"not_picked":["Melter","Conserve Battery","Beam Cell+1"],"picked":"SKIP","floor":24},{"not_picked":["Hello World+1","Redo","Stack"],"picked":"SKIP","floor":27},{"not_picked":["Melter","Compile Driver","Undo"],"picked":"SKIP","floor":28},{"not_picked":["Aggregate","Rebound","Sweeping Beam+1"],"picked":"SKIP","floor":30}],"player_experience":339035,"relics_obtained":[{"floor":7,"key":"Matryoshka"},{"floor":9,"key":"Art of War"},{"floor":9,"key":"War Paint"},{"floor":11,"key":"Blue Candle"},{"floor":20,"key":"DataDisk"},{"floor":20,"key":"Tiny Chest"},{"floor":26,"key":"Potion Belt"},{"floor":27,"key":"Incense Burner"},{"floor":30,"key":"Question Card"}],"event_choices":[{"event_name":"The Woman in Blue","player_choice":"Bought 2 Potions","floor":3,"damage_taken":0},{"event_name":"Golden Idol","player_choice":"Lose Max HP","floor":4,"damage_taken":0},{"event_name":"Drug Dealer","player_choice":"Ignored","floor":22,"damage_taken":0},{"event_name":"Nest","player_choice":"Stole From Cult","floor":31,"damage_taken":0}],"boss_relics":[{"not_picked":["Runic Dome","Sozu"],"picked":"Ectoplasm"}],"items_purged_floors":[19],"is_endless":false,"potions_floor_spawned":[1,5,11,16,24,27,28],"killed_by":"Champ","ascension_level":6}