{"gold_per_floor":[12,12,12,0,0,63,82,116,116,116,145,145,226,226,226,226],"floor_reached":16,"playtime":442,"items_purged":[],"score":160,"play_id":"a2c3371a-d4fa-45da-bb77-f1a4f30ee29b","local_time":"20190127174916","is_ascension_mode":true,"campfire_choices":[{"floor":10,"key":"REST"},{"floor":12,"key":"REST"},{"floor":15,"key":"REST"}],"neow_cost":"NO_GOLD","seed_source_timestamp":865787838213122,"circlet_count":0,"master_deck":["Strike_B","Strike_B","Strike_B","Strike_B","Defend_B","Defend_B","Defend_B","Defend_B","Zap+1","Dualcast","Go for the Eyes","Beam Cell","Hologram","Cold Snap","Go for the Eyes","Injury"],"relics":["Cracked Core","WingedGreaves","Tiny Chest","Du-Vu Doll","Gremlin Horn","Gambling Chip","Sundial","Golden Idol"],"potions_floor_usage":[6,8,8],"damage_taken":[{"damage":0,"enemies":"Small Slimes","floor":1,"turns":4},{"damage":30,"enemies":"3 Sentries","floor":6,"turns":7},{"damage":0,"enemies":"Cultist","floor":7,"turns":4},{"damage":20,"enemies":"Lagavulin","floor":8,"turns":6},{"damage":30,"enemies":"Gremlin Nob","floor":11,"turns":5},{"damage":46,"enemies":"Slime Boss","floor":16,"turns":9}],"seed_played":"546017187299296525","potions_obtained":[{"floor":2,"key":"Strength Potion"},{"floor":2,"key":"GamblersBrew"},{"floor":2,"key":"GamblersBrew"},{"floor":6,"key":"Ancient Potion"},{"floor":8,"key":"Energy Potion"}],"is_trial":false,"path_per_floor":["M","?","$","?","?","E","M","E","T","R","E","R","T","?","R","B"],"character_chosen":"DEFECT","items_purchased":[],"campfire_rested":3,"item_purchase_floors":[],"current_hp_per_floor":[68,68,68,68,68,38,38,18,18,40,10,32,32,32,54,8],"gold":226,"neow_bonus":"ONE_RARE_RELIC","is_prod":false,"is_daily":false,"chose_seed":false,"campfire_upgraded":0,"win_rate":0,"timestamp":1548629356,"path_taken":["M","?","?","?","?","E","?","E","T","R","E","R","?","?","R","BOSS"],"build_version":"2019-01-23","purchased_purges":0,"victory":false,"max_hp_per_floor":[75,75,75,75,75,75,75,75,75,75,75,75,75,75,75,75],"card_choices":[{"not_picked":["Gash","Undo"],"picked":"Go for the Eyes","floor":1},{"not_picked":["Rebound","Force Field"],"picked":"Beam Cell","floor":6},{"not_picked":["Steam Power","Ball Lightning"],"picked":"Hologram","floor":7},{"not_picked":["Reinforced Body","Compile Driver"],"picked":"Cold Snap","floor":8},{"not_picked":["Beam Cell","Streamline"],"picked":"Go for the Eyes","floor":11}],"player_experience":227809,"relics_obtained":[{"floor":6,"key":"Tiny Chest"},{"floor":8,"key":"Du-Vu Doll"},{"floor":9,"key":"Gremlin Horn"},{"floor":11,"key":"Gambling Chip"},{"floor":13,"key":"Sundial"}],"event_choices":[{"damage_healed":0,"gold_gain":0,"player_choice":"Got Potions","damage_taken":0,"max_hp_gain":0,"max_hp_loss":0,"event_name":"Lab","floor":2,"gold_loss":0},{"damage_healed":0,"gold_gain":0,"player_choice":"Left Gold","damage_taken":0,"max_hp_gain":0,"max_hp_loss":0,"event_name":"World of Goop","floor":4,"gold_loss":12},{"damage_healed":0,"gold_gain":0,"player_choice":"Forge","damage_taken":0,"max_hp_gain":0,"max_hp_loss":0,"event_name":"Accursed Blacksmith","floor":5,"gold_loss":0,"cards_upgraded":["Zap"]},{"damage_healed":0,"gold_gain":0,"player_choice":"Take Wound","damage_taken":0,"relics_obtained":["Golden Idol"],"max_hp_gain":0,"max_hp_loss":0,"event_name":"Golden Idol","floor":14,"gold_loss":0,"cards_obtained":["Injury"]}],"is_beta":false,"boss_relics":[],"items_purged_floors":[],"is_endless":false,"potions_floor_spawned":[6,8],"killed_by":"Slime Boss","ascension_level":8}