{"gold_per_floor":[117,128,0,20,38,38,58,58,58,69,80,99,99,99,99,200,200,169,169],"floor_reached":19,"playtime":861,"items_purged":["Strike_R"],"score":245,"play_id":"136857fd-acc2-467c-ae13-8bf1f4897637","local_time":"20180706181642","is_ascension_mode":true,"campfire_choices":[{"data":"Armaments","floor":6,"key":"SMITH"},{"data":"True Grit","floor":8,"key":"SMITH"},{"floor":15,"key":"REST"}],"neow_cost":"NONE","seed_source_timestamp":557417036508929,"circlet_count":0,"master_deck":["Strike_R","Strike_R+1","Strike_R","Strike_R","Defend_R+1","Defend_R","Defend_R","Defend_R","Bash","AscendersBane","Metallicize","True Grit+1","Armaments+1","Cleave","Inflame","Body Slam","Double Tap","Dual Wield","Entrench"],"relics":["Runic Cube","Unceasing Top","Orrery"],"potions_floor_usage":[4,5,16,18],"damage_taken":[{"damage":9,"enemies":"Jaw Worm","floor":1,"turns":4},{"damage":2,"enemies":"2 Louse","floor":2,"turns":3},{"damage":5,"enemies":"Small Slimes","floor":4,"turns":5},{"damage":8,"enemies":"Gremlin Gang","floor":5,"turns":8},{"damage":11,"enemies":"Blue Slaver","floor":7,"turns":5},{"damage":2,"enemies":"Looter","floor":10,"turns":4},{"damage":9,"enemies":"Exordium Wildlife","floor":11,"turns":6},{"damage":5,"enemies":"Exordium Thugs","floor":12,"turns":5},{"damage":30,"enemies":"Slime Boss","floor":16,"turns":13},{"damage":36,"enemies":"2 Thieves","floor":18,"turns":5},{"damage":27,"enemies":"Spheric Guardian","floor":19,"turns":5}],"seed_played":"-1227587682554471163","potions_obtained":[{"floor":1,"key":"Regen Potion"},{"floor":2,"key":"SpeedPotion"},{"floor":4,"key":"Block Potion"},{"floor":16,"key":"SkillPotion"}],"is_trial":false,"path_per_floor":["M","M","$","M","M","R","M","R","T","M","M","M","$","?","R","B",null,"M"],"character_chosen":"IRONCLAD","items_purchased":["True Grit"],"campfire_rested":1,"item_purchase_floors":[3],"current_hp_per_floor":[63,61,61,70,62,62,51,51,51,49,40,35,35,19,43,13,63,27,0],"gold":169,"neow_bonus":"BOSS_RELIC","is_prod":false,"is_daily":false,"chose_seed":false,"campfire_upgraded":2,"win_rate":0,"timestamp":1530915402,"path_taken":["M","M","$","M","M","R","M","R","T","M","M","M","$","?","R","BOSS","M","M"],"build_version":"2018-07-05","purchased_purges":1,"victory":false,"max_hp_per_floor":[80,80,80,80,80,80,80,80,80,80,80,80,80,80,80,80,80,80,80],"card_choices":[{"not_picked":["Rupture","Clash","Dropkick"],"picked":"SKIP","floor":1},{"not_picked":["Iron Wave","Inflame"],"picked":"Metallicize","floor":2},{"not_picked":["Sword Boomerang","Twin Strike"],"picked":"Armaments","floor":4},{"not_picked":["Thunderclap","Second Wind"],"picked":"Cleave","floor":5},{"not_picked":["Sword Boomerang","Flex"],"picked":"Inflame","floor":7},{"not_picked":["Rupture","Shrug It Off"],"picked":"Body Slam","floor":10},{"not_picked":["Body Slam","Cleave","Fire Breathing"],"picked":"SKIP","floor":11},{"not_picked":["Sword Boomerang","Searing Blow","Armaments"],"picked":"SKIP","floor":12},{"not_picked":["Exhume","Dark Embrace"],"picked":"Double Tap","floor":16},{"not_picked":["Heavy Blade","Sword Boomerang"],"picked":"Dual Wield","floor":17},{"not_picked":["Cleave","True Grit"],"picked":"Entrench","floor":17},{"not_picked":["True Grit","Clothesline","Corruption"],"picked":"SKIP","floor":18}],"player_experience":386057,"relics_obtained":[{"floor":9,"key":"Unceasing Top"}],"event_choices":[{"event_name":"Shining Light","player_choice":"Entered Light","floor":14,"damage_taken":0}],"boss_relics":[{"not_picked":["Astrolabe","Black Star"],"picked":"Orrery"}],"items_purged_floors":[3],"is_endless":false,"potions_floor_spawned":[1,2,4,16],"killed_by":"Spheric Guardian","ascension_level":10}