{"gold_per_floor":[115,58,58,58,73,106,106,119,119,38,52,65,65],"floor_reached":13,"playtime":347,"items_purged":[],"score":215,"play_id":"4ac924e6-0f40-4d9a-ade7-3c825678f876","local_time":"20181021171700","is_ascension_mode":true,"campfire_choices":[{"data":"1","floor":7,"key":"LIFT"}],"neow_cost":"NONE","seed_source_timestamp":1026192836819897,"circlet_count":0,"master_deck":["Defend_G","Defend_G","Defend_G","Defend_G","Defend_G","Strike_G+1","Strike_G","Strike_G","Strike_G+1","Strike_G","Survivor","Neutralize","AscendersBane","PiercingWail","Deadly Poison","Quick Slash","Envenom","Blade Dance","Crippling Poison","Flechettes","Dagger Spray"],"relics":["Ring of the Snake","NeowsBlessing","Golden Idol","Girya","Tingsha"],"potions_floor_usage":[8,12],"damage_taken":[{"damage":0,"enemies":"Cultist","floor":1,"turns":1},{"damage":0,"enemies":"2 Louse","floor":5,"turns":1},{"damage":0,"enemies":"3 Sentries","floor":6,"turns":1},{"damage":6,"enemies":"Jaw Worm","floor":8,"turns":5},{"damage":10,"enemies":"3 Louse","floor":11,"turns":4},{"damage":0,"enemies":"Exordium Wildlife","floor":12,"turns":6},{"damage":42,"enemies":"Lagavulin","floor":13,"turns":7}],"seed_played":"7250204499613117416","potions_obtained":[{"floor":5,"key":"Regen Potion"},{"floor":8,"key":"SneckoOil"}],"is_trial":false,"path_per_floor":["M","$","?","?","M","E","R","M","T","$","M","M"],"character_chosen":"THE_SILENT","items_purchased":["Deadly Poison","Crippling Poison"],"campfire_rested":0,"item_purchase_floors":[2,10],"current_hp_per_floor":[59,59,39,39,39,39,39,48,48,48,38,38,0],"gold":65,"neow_bonus":"THREE_ENEMY_KILL","is_prod":false,"is_daily":false,"chose_seed":false,"campfire_upgraded":0,"win_rate":0,"timestamp":1540156620,"path_taken":["M","$","?","?","?","E","R","M","T","$","M","M","E"],"build_version":"2018-10-18","purchased_purges":0,"victory":false,"max_hp_per_floor":[66,66,66,60,60,60,60,60,60,60,60,60,60],"card_choices":[{"not_picked":["Sucker Punch","Dagger Throw"],"picked":"PiercingWail","floor":1},{"not_picked":["Deflect","Blade Dance"],"picked":"Quick Slash","floor":5},{"not_picked":["Noxious Fumes","Outmaneuver"],"picked":"Envenom","floor":6},{"not_picked":["Dagger Throw","Outmaneuver"],"picked":"Blade Dance","floor":8},{"not_picked":["Slice","Prepared"],"picked":"Flechettes","floor":11},{"not_picked":["Acrobatics","Slice"],"picked":"Dagger Spray","floor":12}],"player_experience":787576,"relics_obtained":[{"floor":6,"key":"Girya"},{"floor":9,"key":"Tingsha"}],"event_choices":[{"damage_healed":0,"gold_gain":0,"player_choice":"Entered Light","damage_taken":20,"max_hp_gain":0,"max_hp_loss":0,"event_name":"Shining Light","floor":3,"gold_loss":0,"cards_upgraded":["Strike_G","Strike_G"]},{"damage_healed":0,"gold_gain":0,"player_choice":"Lose Max HP","damage_taken":0,"relics_obtained":["Golden Idol"],"max_hp_gain":0,"max_hp_loss":6,"event_name":"Golden Idol","floor":4,"gold_loss":0}],"is_beta":false,"boss_relics":[],"items_purged_floors":[],"is_endless":false,"potions_floor_spawned":[5,8],"killed_by":"Lagavulin","ascension_level":19}