{"gold_per_floor":[10,30,48,123,142,142,171,191,191,212,237,237,252,0,0,97,97,135,60,85,124,159,159,195,220,247,259,305,376,388,447,459,567,579,628,283,283,283],"floor_reached":38,"playtime":1951,"items_purged":["Perfected Strike"],"score":771,"play_id":"ce2ff5f3-1e0c-43a8-9e4c-1a98f0962e90","local_time":"20181205202109","is_ascension_mode":true,"campfire_choices":[{"data":"Clothesline","floor":6.0,"key":"SMITH"},{"data":"Bash","floor":12.0,"key":"SMITH"},{"data":"Disarm","floor":15.0,"key":"SMITH"},{"data":"Double Tap","floor":23.0,"key":"SMITH"},{"floor":30,"key":"REST"},{"floor":32,"key":"REST"}],"neow_cost":"NO_GOLD","seed_source_timestamp":35866444607199,"circlet_count":0,"master_deck":["AscendersBane","Bash+1","Dramatic Entrance","Finesse","Twin Strike","Battle Trance","Rampage","Clothesline+1","Ghostly Armor","Dropkick","Demon Form","Shrug It Off","HandOfGreed","Disarm+1","Double Tap+1","Metallicize","Armaments","Sword Boomerang","Fiend Fire","Iron Wave","Heavy Blade","Twin Strike","Anger","Armaments","Headbutt","Pommel Strike","Shrug It Off","Enlightenment","Madness","Madness"],"special_seed":0,"relics":["Burning Blood","Omamori","Ornamental Fan","Odd Mushroom","Bag of Preparation","Sozu","Ginger","MawBank","Gremlin Horn","Pandora\u0027s Box","Membership Card","Bronze Scales"],"potions_floor_usage":[25],"damage_taken":[{"damage":7.0,"enemies":"Jaw Worm","floor":1.0,"turns":3.0},{"damage":0.0,"enemies":"Small Slimes","floor":2.0,"turns":3.0},{"damage":6.0,"enemies":"Cultist","floor":3.0,"turns":3.0},{"damage":1.0,"enemies":"2 Fungi Beasts","floor":5.0,"turns":3.0},{"damage":21.0,"enemies":"3 Sentries","floor":7.0,"turns":8.0},{"damage":7.0,"enemies":"Looter","floor":8.0,"turns":3.0},{"damage":15.0,"enemies":"The Mushroom Lair","floor":10.0,"turns":5.0},{"damage":23.0,"enemies":"Lagavulin","floor":11.0,"turns":4.0},{"damage":0.0,"enemies":"Large Slime","floor":13.0,"turns":5.0},{"damage":12.0,"enemies":"Hexaghost","floor":16.0,"turns":14.0},{"damage":17.0,"enemies":"2 Thieves","floor":18.0,"turns":5.0},{"damage":12.0,"enemies":"Shell Parasite","floor":21.0,"turns":7.0},{"damage":5.0,"enemies":"Snecko","floor":22.0,"turns":8.0},{"damage":10.0,"enemies":"Snake Plant","floor":24.0,"turns":3.0},{"damage":27,"enemies":"Gremlin Leader","floor":25,"turns":6},{"damage":15,"enemies":"Cultist and Chosen","floor":28,"turns":7},{"damage":11,"enemies":"Centurion and Healer","floor":29,"turns":8},{"damage":20,"enemies":"Book of Stabbing","floor":31,"turns":6},{"damage":23,"enemies":"Champ","floor":33,"turns":7},{"damage":8,"enemies":"Orb Walker","floor":35,"turns":4},{"damage":41,"enemies":"2 Orb Walkers","floor":38,"turns":5}],"seed_played":"-959541629475441381","potions_obtained":[{"floor":1.0,"key":"GamblersBrew"},{"floor":2.0,"key":"AttackPotion"},{"floor":8.0,"key":"FearPotion"},{"floor":11.0,"key":"Block Potion"},{"floor":13.0,"key":"Poison Potion"}],"is_trial":false,"path_per_floor":["M","M","M","?","M","R","E","M","T","?","E","R","M","$","R","B",null,"M","?","T","M","M","R","M","E","T","$","M","M","R","E","R","B",null,"M","$","?","?"],"character_chosen":"IRONCLAD","items_purchased":["HandOfGreed","Disarm","Membership Card","Enlightenment","Bronze Scales"],"campfire_rested":2,"item_purchase_floors":[14,14,36,36,36],"current_hp_per_floor":[67,73,73,62,67,67,52,51,51,42,25,25,31,31,31,25,63,52,52,52,46,47,47,43,22,22,22,13,8,30,16,38,21,62,60,60,46,5],"gold":283,"neow_bonus":"RANDOM_COLORLESS_2","is_prod":false,"is_daily":false,"chose_seed":false,"campfire_upgraded":4,"win_rate":0,"timestamp":1544059269,"path_taken":["M","M","M","?","M","R","E","M","T","?","E","R","M","$","R","BOSS","M","?","?","M","M","R","?","E","T","$","M","M","R","E","R","BOSS","M","$","?","?"],"build_version":"2018-11-15","purchased_purges":1,"victory":false,"max_hp_per_floor":[75,75,75,75,75,75,75,75,75,75,75,75,75,75,75,75,75,75,75,75,75,75,75,75,75,75,75,75,75,75,75,75,75,75,75,75,75,75],"card_choices":[{"not_picked":["Feel No Pain","Burning Pact"],"picked":"Twin Strike","floor":1.0},{"not_picked":["Power Through","Warcry"],"picked":"Battle Trance","floor":2.0},{"not_picked":["Shrug It Off","Reckless Charge"],"picked":"Rampage","floor":3.0},{"not_picked":["Ghostly Armor","Flame Barrier"],"picked":"Clothesline","floor":5.0},{"not_picked":["Spot Weakness","Twin Strike"],"picked":"Ghostly Armor","floor":7.0},{"not_picked":["Clothesline","Anger"],"picked":"Dropkick","floor":8.0},{"not_picked":["Entrench","Cleave"],"picked":"Demon Form","floor":11.0},{"not_picked":["Wild Strike","Armaments"],"picked":"Shrug It Off","floor":13.0},{"not_picked":["Fiend Fire","Offering"],"picked":"Double Tap","floor":16.0},{"not_picked":["Bloodletting","Pummel"],"picked":"Metallicize","floor":18.0},{"not_picked":["Feel No Pain","Headbutt","Warcry"],"picked":"SKIP","floor":21.0},{"not_picked":["Headbutt","Body Slam","Flex"],"picked":"SKIP","floor":22.0},{"not_picked":["Sword Boomerang","Iron Wave","Twin Strike"],"picked":"SKIP","floor":24.0},{"not_picked":["Warcry","Dropkick","Entrench"],"picked":"SKIP","floor":25},{"not_picked":["Wild Strike","Double Tap","Fire Breathing"],"picked":"SKIP","floor":28},{"not_picked":["Fire Breathing","Clash"],"picked":"Armaments","floor":29},{"not_picked":["Warcry","Entrench"],"picked":"Sword Boomerang","floor":31},{"not_picked":["Bludgeon","Dark Embrace"],"picked":"Fiend Fire","floor":33},{"not_picked":["Combust","Ghostly Armor+1"],"picked":"Shrug It Off","floor":35}],"player_experience":958450,"relics_obtained":[{"floor":7.0,"key":"Omamori"},{"floor":9.0,"key":"Ornamental Fan"},{"floor":10.0,"key":"Odd Mushroom"},{"floor":11.0,"key":"Bag of Preparation"},{"floor":25,"key":"Ginger"},{"floor":26,"key":"MawBank"},{"floor":31,"key":"Gremlin Horn"}],"event_choices":[{"damage_healed":0.0,"max_hp_gain":0.0,"max_hp_loss":0.0,"gold_gain":75.0,"event_name":"World of Goop","player_choice":"Gather Gold","floor":4.0,"gold_loss":0.0,"damage_taken":11.0},{"damage_healed":0.0,"max_hp_gain":0.0,"max_hp_loss":0.0,"gold_gain":0.0,"event_name":"Mushrooms","player_choice":"Fought Mushrooms","floor":10.0,"gold_loss":0.0,"damage_taken":0.0},{"cards_removed":["Strike_R"],"damage_healed":0.0,"max_hp_gain":0.0,"max_hp_loss":0.0,"gold_gain":0.0,"event_name":"Beggar","player_choice":"Gave Gold","floor":19.0,"gold_loss":75.0,"damage_taken":0.0},{"damage_healed":0,"gold_gain":0,"player_choice":"Embrace Madness","damage_taken":14,"max_hp_gain":0,"max_hp_loss":0,"event_name":"Winding Halls","floor":37,"gold_loss":0,"cards_obtained":["Madness","Madness"]},{"damage_healed":0,"gold_gain":0,"player_choice":"Fight","damage_taken":0,"max_hp_gain":0,"max_hp_loss":0,"event_name":"Mysterious Sphere","floor":38,"gold_loss":0}],"is_beta":false,"boss_relics":[{"not_picked":["Eternal Feather","Fusion Hammer"],"picked":"Sozu"},{"not_picked":["Velvet Choker","Snecko Eye"],"picked":"Pandora\u0027s Box"}],"items_purged_floors":[36],"is_endless":false,"potions_floor_spawned":[1,2,5,8,11,13,24,25,28,29,35],"killed_by":"2 Orb Walkers","ascension_level":15}