{"gold_per_floor":[115,131,143,20,20,20,53,53,53,85,98,115,130,150,150,252,252,271,271,196,50,69,69,88,88,114,139,51,62,62],"floor_reached":30,"playtime":1346,"items_purged":["Regret"],"score":339,"play_id":"1b9b7182-79f2-441e-91a3-49737e7aad56","local_time":"20180626192621","is_ascension_mode":true,"campfire_choices":[{"data":"Beam Cell","floor":6,"key":"SMITH"},{"data":"Loop","floor":8,"key":"SMITH"},{"floor":15,"key":"REST"},{"data":"Dualcast","floor":23,"key":"SMITH"},{"data":"Go for the Eyes","floor":25,"key":"SMITH"}],"neow_cost":"CURSE","seed_source_timestamp":6007139829329,"circlet_count":0,"master_deck":["Strike_B","Strike_B","Defend_B","Defend_B","Defend_B","Defend_B","Zap","Dualcast+1","Beam Cell+1","Gash","White Noise","Gash","Loop+1","Go for the Eyes+1","Gash","Coolheaded","Gash","Core Surge","Recycle","Leap","Streamline+1","Reinforced Body","Flash of Steel","Defragment"],"relics":["Cracked Core","Torii","Toolbox","Blue Candle","Dream Catcher","Orrery","Singing Bowl","Art of War","Vajra"],"potions_floor_usage":[7,7,13,16,27,29],"damage_taken":[{"damage":5,"enemies":"Jaw Worm","floor":1,"turns":4},{"damage":0,"enemies":"Cultist","floor":2,"turns":2},{"damage":8,"enemies":"Small Slimes","floor":3,"turns":3},{"damage":1,"enemies":"Gremlin Nob","floor":7,"turns":3},{"damage":27,"enemies":"Lagavulin","floor":10,"turns":4},{"damage":1,"enemies":"Red Slaver","floor":11,"turns":3},{"damage":9,"enemies":"2 Fungi Beasts","floor":12,"turns":2},{"damage":0,"enemies":"Lots of Slimes","floor":13,"turns":1},{"damage":1,"enemies":"Blue Slaver","floor":14,"turns":2},{"damage":8,"enemies":"The Guardian","floor":16,"turns":11},{"damage":15,"enemies":"Spheric Guardian","floor":18,"turns":5},{"damage":9,"enemies":"Shell Parasite","floor":22,"turns":4},{"damage":9,"enemies":"Snecko","floor":24,"turns":5},{"damage":42,"enemies":"Slavers","floor":27,"turns":9},{"damage":29,"enemies":"Snake Plant","floor":29,"turns":5},{"damage":7,"enemies":"Chosen and Byrds","floor":30,"turns":1}],"seed_played":"-8455840487064801823","potions_obtained":[{"floor":1,"key":"Explosive Potion"},{"floor":2,"key":"Strength Potion"},{"floor":3,"key":"Poison Potion"},{"floor":12,"key":"Poison Potion"},{"floor":14,"key":"Ancient Potion"},{"floor":24,"key":"EssenceOfSteel"},{"floor":27,"key":"Swift Potion"}],"is_trial":false,"path_per_floor":["M","M","M","$","?","R","E","R","T","E","M","M","M","M","R","B",null,"M","?","?","$","M","R","M","R","T","E","$","M"],"character_chosen":"DEFECT","items_purchased":["Gash","Singing Bowl","Flash of Steel"],"campfire_rested":1,"item_purchase_floors":[4,21,28],"current_hp_per_floor":[70,70,62,62,55,55,54,54,54,27,26,17,17,16,38,30,75,60,85,85,85,78,78,69,69,69,27,27,2,0],"gold":62,"neow_bonus":"ONE_RARE_RELIC","is_prod":false,"is_daily":false,"chose_seed":false,"campfire_upgraded":4,"win_rate":0,"timestamp":1530055581,"path_taken":["M","M","M","$","?","R","E","R","T","E","?","M","M","M","R","BOSS","M","?","?","$","M","R","M","R","T","E","$","M","M"],"build_version":"2018-06-21v2","purchased_purges":1,"victory":false,"max_hp_per_floor":[75,75,75,75,75,75,75,75,75,75,75,75,75,75,75,75,75,75,85,85,85,87,87,87,87,87,87,87,87,87],"card_choices":[{"not_picked":["Stack","Undo"],"picked":"Beam Cell","floor":1},{"not_picked":["Chill","Consume"],"picked":"Gash","floor":2},{"not_picked":["Barrage","Ball Lightning"],"picked":"White Noise","floor":3},{"not_picked":["Recycle","Compile Driver"],"picked":"Loop","floor":7},{"not_picked":["Hologram","Amplify"],"picked":"Go for the Eyes","floor":10},{"not_picked":["Compile Driver","Hologram","Melter"],"picked":"SKIP","floor":11},{"not_picked":["Tempest","Compile Driver"],"picked":"Gash","floor":12},{"not_picked":["Leap","Barrage"],"picked":"Coolheaded","floor":13},{"not_picked":["Static Discharge","Meteor Strike"],"picked":"Gash","floor":14},{"not_picked":["Hyperbeam","Multi-Cast"],"picked":"Core Surge","floor":16},{"not_picked":["Genetic Algorithm","Conserve Battery"],"picked":"Recycle","floor":17},{"not_picked":["Cold Snap","Rebound"],"picked":"Leap","floor":17},{"not_picked":["Capacitor","Sunder"],"picked":"Creative AI","floor":17},{"not_picked":["Hello World","Reinforced Body","Sunder"],"picked":"SKIP","floor":18},{"not_picked":["Doom and Gloom","Compile Driver","Beam Cell"],"picked":"Singing Bowl","floor":22},{"not_picked":["Cold Snap","Coolheaded"],"picked":"Streamline+1","floor":24},{"not_picked":["Double Energy+1","Meteor Strike"],"picked":"Reinforced Body","floor":27},{"not_picked":["Sweeping Beam+1","Redo"],"picked":"Defragment","floor":29}],"player_experience":319514,"relics_obtained":[{"floor":7,"key":"Toolbox"},{"floor":9,"key":"Blue Candle"},{"floor":10,"key":"Dream Catcher"},{"floor":26,"key":"Art of War"},{"floor":27,"key":"Vajra"}],"event_choices":[{"event_name":"Golden Wing","player_choice":"Card Removal","floor":5,"damage_taken":0},{"event_name":"Bonfire Elementals","player_choice":"RARE","floor":19,"damage_taken":0},{"event_name":"Beggar","player_choice":"Gave Gold","floor":20,"damage_taken":0}],"boss_relics":[{"not_picked":["Astrolabe","Velvet Choker"],"picked":"Orrery"}],"items_purged_floors":[4],"is_endless":false,"potions_floor_spawned":[1,2,3,12,14,24,27],"killed_by":"Chosen and Byrds","ascension_level":4}