{"gold_per_floor":[116,81,156,156,156,192,270,270,270,115,158,176,39,52,52,173,173,198,198,198,214,233,233],"floor_reached":23,"playtime":876,"items_purged":["Strike_B"],"score":333,"play_id":"a4f44ca2-a767-4125-9f8f-99125c36f989","local_time":"20190124223213","is_ascension_mode":true,"campfire_choices":[{"data":"Zap","floor":8,"key":"SMITH"},{"data":"Redo","floor":15,"key":"SMITH"}],"neow_cost":"NONE","seed_source_timestamp":623126109823011,"circlet_count":0,"master_deck":["Strike_B","Strike_B","Strike_B","Defend_B","Defend_B","Defend_B","Defend_B","Zap+1","Dualcast","Compile Driver","Self Repair","Go for the Eyes","Coolheaded","Darkness","Cold Snap","Ball Lightning","Beam Cell","Loop","Redo+1","Chill+1","Beam Cell","Rainbow","Ball Lightning","Barrage+1","Writhe","Steam","Coolheaded","Steam","Hologram+1"],"relics":["Cracked Core","Omamori","Prayer Wheel","Golden Idol","Bottled Flame","Bottled Lightning","Nunchaku","Sundial","Sozu","Girya"],"potions_floor_usage":[16,16,18],"damage_taken":[{"damage":9,"enemies":"Jaw Worm","floor":1,"turns":4},{"damage":20,"enemies":"Gremlin Nob","floor":6,"turns":4},{"damage":29,"enemies":"3 Sentries","floor":11,"turns":9},{"damage":4,"enemies":"Small Slimes","floor":12,"turns":3},{"damage":13,"enemies":"2 Louse","floor":14,"turns":2},{"damage":0,"enemies":"Hexaghost","floor":16,"turns":7},{"damage":2,"enemies":"Spheric Guardian","floor":18,"turns":3},{"damage":9,"enemies":"Chosen","floor":21,"turns":5},{"damage":38,"enemies":"Snake Plant","floor":22,"turns":5},{"damage":30,"enemies":"Book of Stabbing","floor":23,"turns":5}],"seed_played":"-3404597117152173757","potions_obtained":[{"floor":11,"key":"AttackPotion"},{"floor":12,"key":"EssenceOfSteel"},{"floor":16,"key":"Energy Potion"}],"is_trial":false,"path_per_floor":["M","?","?","?","?","E","T","R","T","$","E","M","$","M","R","B",null,"M","?","?","M","M","E"],"character_chosen":"DEFECT","items_purchased":["Go for the Eyes","Coolheaded","Beam Cell","Loop","Redo"],"campfire_rested":0,"item_purchase_floors":[10,10,13,13,13],"current_hp_per_floor":[59,75,64,64,64,44,44,44,44,44,22,25,25,12,12,19,61,66,66,66,57,26,0],"gold":233,"neow_bonus":"RANDOM_COMMON_RELIC","is_prod":false,"is_daily":false,"chose_seed":false,"campfire_upgraded":2,"win_rate":0,"timestamp":1548387133,"path_taken":["M","?","?","?","?","E","?","R","T","?","E","?","$","?","R","BOSS","M","?","?","M","?","E"],"build_version":"2019-01-23","purchased_purges":1,"victory":false,"max_hp_per_floor":[75,75,75,75,75,75,75,75,75,75,75,75,75,75,75,75,75,75,75,75,75,75,75],"card_choices":[{"not_picked":["Sweeping Beam","Stack"],"picked":"Compile Driver","floor":1},{"not_picked":["Compile Driver","Melter"],"picked":"Self Repair","floor":6},{"not_picked":["Heatsinks","Self Repair"],"picked":"Darkness","floor":11},{"not_picked":["Go for the Eyes","Blizzard"],"picked":"Cold Snap","floor":12},{"not_picked":["Amplify","Gash"],"picked":"Ball Lightning","floor":12},{"not_picked":["FTL","Stack"],"picked":"Chill","floor":14},{"not_picked":["Redo","Darkness"],"picked":"Beam Cell","floor":14},{"not_picked":["Multi-Cast","Amplify"],"picked":"Rainbow","floor":16},{"not_picked":["Darkness","Sweeping Beam"],"picked":"Ball Lightning","floor":18},{"not_picked":["Ball Lightning+1","Sweeping Beam+1"],"picked":"Barrage+1","floor":18},{"not_picked":["Leap+1","Sweeping Beam"],"picked":"Steam","floor":21},{"not_picked":["Gash+1","Streamline"],"picked":"Coolheaded","floor":21},{"not_picked":["Reinforced Body","Meteor Strike"],"picked":"Steam","floor":22},{"not_picked":["Turbo","Steam+1"],"picked":"Hologram+1","floor":22}],"player_experience":221487,"relics_obtained":[{"floor":6,"key":"Bottled Flame"},{"floor":7,"key":"Bottled Lightning"},{"floor":9,"key":"Nunchaku"},{"floor":11,"key":"Sundial"}],"event_choices":[{"damage_healed":18,"gold_gain":0,"player_choice":"Healed","damage_taken":0,"max_hp_gain":0,"max_hp_loss":0,"event_name":"The Cleric","floor":2,"gold_loss":35},{"damage_healed":0,"gold_gain":75,"player_choice":"Gather Gold","damage_taken":11,"max_hp_gain":0,"max_hp_loss":0,"event_name":"World of Goop","floor":3,"gold_loss":0},{"damage_healed":0,"gold_gain":0,"player_choice":"Box","damage_taken":0,"relics_obtained":["Prayer Wheel"],"max_hp_gain":0,"max_hp_loss":0,"event_name":"Big Fish","floor":4,"gold_loss":0,"cards_obtained":["Regret"]},{"damage_healed":0,"gold_gain":0,"player_choice":"Take Wound","damage_taken":0,"relics_obtained":["Golden Idol"],"max_hp_gain":0,"max_hp_loss":0,"event_name":"Golden Idol","floor":5,"gold_loss":0,"cards_obtained":["Injury"]},{"damage_healed":0,"gold_gain":0,"player_choice":"Opened","damage_taken":0,"relics_obtained":["Girya"],"max_hp_gain":0,"max_hp_loss":0,"event_name":"The Mausoleum","floor":19,"gold_loss":0,"cards_obtained":["Writhe"]},{"damage_healed":0,"gold_gain":0,"player_choice":"Forge","damage_taken":0,"max_hp_gain":0,"max_hp_loss":0,"event_name":"Accursed Blacksmith","floor":20,"gold_loss":0,"cards_upgraded":["Chill"]}],"is_beta":false,"boss_relics":[{"not_picked":["Velvet Choker","Philosopher\u0027s Stone"],"picked":"Sozu"}],"items_purged_floors":[10],"is_endless":false,"potions_floor_spawned":[11,12,16],"killed_by":"Book of Stabbing","ascension_level":7}