{"gold_per_floor":[109,120,295,312,328,361,361,388,388,407,407,367,367,12,12,113,113,125,125,125,125,25,25,41,52,52,86,104,104,117,127,127,231,231,242,242,98,98,116,116,126,158,158,158,38,53,53,72,72,72],"floor_reached":50,"playtime":2742,"items_purged":["Doubt","Decay","Strike_B"],"score":553,"play_id":"ac8bc8be-aed4-4533-bad1-8a86f10ff3c6","local_time":"20190115180025","is_ascension_mode":true,"campfire_choices":[{"data":"Zap","floor":7,"key":"SMITH"},{"floor":11,"key":"REST"},{"floor":15,"key":"REST"},{"data":"Meteor Strike","floor":23,"key":"SMITH"},{"data":"Rainbow","floor":29,"key":"SMITH"},{"floor":32,"key":"REST"},{"floor":40,"key":"REST"},{"floor":49,"key":"REST"}],"neow_cost":"NONE","seed_source_timestamp":516823903785638,"circlet_count":0,"master_deck":["Strike_B","Strike_B","Strike_B","Defend_B","Defend_B","Defend_B","Zap+1","Dualcast+1","Leap","Hologram","Leap","Cold Snap","Electrodynamics","Conserve Battery","Lockon+1","Hyperbeam","Meteor Strike+1","Ball Lightning","Barrage+1","Streamline+1","Rainbow+1","Echo Form","Buffer","Madness","Streamline","Aggregate+1","Amplify","Tempest","Writhe","Creative AI"],"relics":["Cracked Core","Bottled Lightning","Anchor","PreservedInsect","Runic Capacitor","Snecko Eye","Pear","Letter Opener","Nuclear Battery","Happy Flower","Bag of Preparation","Smiling Mask"],"potions_floor_usage":[6,16,18,27,30,31,33,42,42,48,50,50],"damage_taken":[{"damage":6,"enemies":"Jaw Worm","floor":1,"turns":3},{"damage":1,"enemies":"Small Slimes","floor":2,"turns":5},{"damage":0,"enemies":"2 Louse","floor":4,"turns":4},{"damage":9,"enemies":"Exordium Wildlife","floor":5,"turns":4},{"damage":10,"enemies":"3 Sentries","floor":6,"turns":9},{"damage":14,"enemies":"Lagavulin","floor":8,"turns":7},{"damage":0,"enemies":"Large Slime","floor":10,"turns":4},{"damage":29,"enemies":"Hexaghost","floor":16,"turns":8},{"damage":6,"enemies":"Spheric Guardian","floor":18,"turns":5},{"damage":18,"enemies":"Shell Parasite","floor":24,"turns":4},{"damage":8,"enemies":"Centurion and Healer","floor":25,"turns":3},{"damage":0,"enemies":"Gremlin Leader","floor":27,"turns":4},{"damage":0,"enemies":"Snake Plant","floor":28,"turns":2},{"damage":2,"enemies":"3 Cultists","floor":30,"turns":3},{"damage":23,"enemies":"Centurion and Healer","floor":31,"turns":4},{"damage":14,"enemies":"Automaton","floor":33,"turns":6},{"damage":25,"enemies":"3 Darklings","floor":35,"turns":4},{"damage":14,"enemies":"3 Shapes","floor":39,"turns":4},{"damage":19,"enemies":"Spire Growth","floor":41,"turns":4},{"damage":4,"enemies":"Giant Head","floor":42,"turns":5},{"damage":17,"enemies":"Jaw Worm Horde","floor":46,"turns":3},{"damage":26,"enemies":"Writhing Mass","floor":48,"turns":6},{"damage":69,"enemies":"Awakened One","floor":50,"turns":6}],"seed_played":"3002925635608024035","potions_obtained":[{"floor":5,"key":"Fire Potion"},{"floor":6,"key":"Dexterity Potion"},{"floor":10,"key":"SpeedPotion"},{"floor":16,"key":"Block Potion"},{"floor":18,"key":"Regen Potion"},{"floor":25,"key":"PowerPotion"},{"floor":27,"key":"Dexterity Potion"},{"floor":33,"key":"GamblersBrew"},{"floor":35,"key":"Strength Potion"},{"floor":41,"key":"Regen Potion"},{"floor":46,"key":"Strength Potion"},{"floor":48,"key":"Block Potion"}],"is_trial":false,"path_per_floor":["M","M","?","M","M","E","R","E","T","M","R","?","?","$","R","B",null,"M","?","?","?","$","R","M","M","T","E","M","R","M","M","R","B",null,"M","?","$","?","M","R","M","E","T","?","$","M","?","M","R","B"],"character_chosen":"DEFECT","items_purchased":["Runic Capacitor","FTL","Happy Flower","Tempest"],"campfire_rested":5,"item_purchase_floors":[14,14,37,45],"current_hp_per_floor":[69,68,68,68,59,49,49,35,35,35,57,57,42,42,64,35,75,69,69,69,69,69,69,51,43,53,53,53,53,51,33,58,44,85,60,60,60,60,46,71,52,62,62,62,62,45,66,40,65,0],"gold":72,"neow_bonus":"THREE_CARDS","is_prod":false,"is_daily":false,"chose_seed":false,"campfire_upgraded":3,"win_rate":0,"timestamp":1547593225,"path_taken":["M","M","?","M","M","E","R","E","T","M","R","?","?","$","R","BOSS","M","?","?","?","$","R","M","M","T","E","M","R","M","M","R","BOSS","M","?","$","?","M","R","?","E","T","?","$","?","?","M","R","BOSS"],"build_version":"2019-01-10","purchased_purges":3,"victory":false,"max_hp_per_floor":[75,75,75,75,75,75,75,75,75,75,75,75,75,75,75,75,75,75,75,75,75,75,75,75,75,85,85,85,85,85,85,85,85,85,85,85,85,85,85,85,85,85,85,85,85,85,85,85,85,85],"card_choices":[{"not_picked":["Go for the Eyes","Compile Driver"],"picked":"Hologram","floor":0},{"not_picked":["Redo","Darkness"],"picked":"Leap","floor":1},{"not_picked":["Glacier","Sweeping Beam"],"picked":"Hologram","floor":2},{"not_picked":["Compile Driver","Reprogram"],"picked":"Leap","floor":4},{"not_picked":["Compile Driver","Hologram"],"picked":"Cold Snap","floor":5},{"not_picked":["Defragment","Steam"],"picked":"Electrodynamics","floor":6},{"not_picked":["Sweeping Beam","Hologram"],"picked":"Conserve Battery","floor":8},{"not_picked":["Glacier","Auto Shields"],"picked":"Lockon","floor":10},{"not_picked":["Creative AI","Thunder Strike"],"picked":"Hyperbeam","floor":16},{"not_picked":["Conserve Battery","Hologram","Storm"],"picked":"SKIP","floor":18},{"not_picked":["Stack+1","Steam+1"],"picked":"Barrage+1","floor":24},{"not_picked":["Auto Shields","Gash+1"],"picked":"Streamline+1","floor":25},{"not_picked":["Ball Lightning","Sweeping Beam+1"],"picked":"Rainbow","floor":27},{"not_picked":["Go for the Eyes","Cold Snap","Sweeping Beam"],"picked":"SKIP","floor":28},{"not_picked":["Beam Cell","Stack","Hologram"],"picked":"SKIP","floor":30},{"not_picked":["Conserve Battery","Leap"],"picked":"Echo Form","floor":31},{"not_picked":["Machine Learning","Seek"],"picked":"Buffer","floor":33},{"not_picked":["Conserve Battery","Ball Lightning","Loop+1"],"picked":"SKIP","floor":35},{"not_picked":["PanicButton","Jack Of All Trades"],"picked":"Madness","floor":38},{"not_picked":["Sweeping Beam","Lockon"],"picked":"Streamline","floor":39},{"not_picked":["Steam","Coolheaded+1"],"picked":"Aggregate+1","floor":41},{"not_picked":["Reboot","Reprogram","Steam+1"],"picked":"SKIP","floor":42},{"not_picked":["Sweeping Beam+1","Storm","Cold Snap"],"picked":"SKIP","floor":46},{"not_picked":["Stack","Genetic Algorithm+1"],"picked":"Creative AI","floor":48}],"player_experience":71694,"relics_obtained":[{"floor":6,"key":"Bottled Lightning"},{"floor":8,"key":"Anchor"},{"floor":9,"key":"PreservedInsect"},{"floor":26,"key":"Pear"},{"floor":27,"key":"Letter Opener"},{"floor":42,"key":"Bag of Preparation"},{"floor":43,"key":"Smiling Mask"}],"event_choices":[{"damage_healed":0,"gold_gain":175,"player_choice":"AGREE","damage_taken":0,"max_hp_gain":0,"max_hp_loss":0,"event_name":"Liars Game","floor":3,"gold_loss":0,"cards_obtained":["Doubt"]},{"damage_healed":0,"gold_gain":0,"player_choice":"Left Gold","damage_taken":0,"max_hp_gain":0,"max_hp_loss":0,"event_name":"World of Goop","floor":12,"gold_loss":40},{"damage_healed":0,"gold_gain":0,"player_choice":"Entered Light","damage_taken":15,"max_hp_gain":0,"max_hp_loss":0,"event_name":"Shining Light","floor":13,"gold_loss":0,"cards_upgraded":["Dualcast","Lockon"]},{"damage_healed":0,"gold_gain":0,"cards_transformed":["FTL","Hologram"],"player_choice":"Became Test Subject","damage_taken":0,"max_hp_gain":0,"max_hp_loss":0,"event_name":"Drug Dealer","floor":19,"gold_loss":0,"cards_obtained":["Meteor Strike","Ball Lightning"]},{"damage_healed":0,"gold_gain":0,"player_choice":"Ignored","damage_taken":0,"max_hp_gain":0,"max_hp_loss":0,"event_name":"Ghosts","floor":20,"gold_loss":0},{"damage_healed":0,"gold_gain":0,"player_choice":"Smashed Altar","damage_taken":0,"max_hp_gain":0,"max_hp_loss":0,"event_name":"Forgotten Altar","floor":21,"gold_loss":0,"cards_obtained":["Decay"]},{"damage_healed":0,"gold_gain":0,"player_choice":"Ignored","damage_taken":0,"max_hp_gain":0,"max_hp_loss":0,"event_name":"Tomb of Lord Red Mask","floor":36,"gold_loss":0},{"damage_healed":0,"gold_gain":0,"player_choice":"Memory 1","damage_taken":0,"max_hp_gain":0,"max_hp_loss":0,"event_name":"SensoryStone","floor":38,"gold_loss":0},{"damage_healed":0,"gold_gain":0,"cards_transformed":["Defend_B"],"player_choice":"Transformed","damage_taken":0,"max_hp_gain":0,"max_hp_loss":0,"event_name":"Transmorgrifier","floor":44,"gold_loss":0,"cards_obtained":["Amplify"]},{"damage_healed":21,"gold_gain":0,"player_choice":"Writhe","damage_taken":0,"max_hp_gain":0,"max_hp_loss":0,"event_name":"Winding Halls","floor":47,"gold_loss":0,"cards_obtained":["Writhe"]}],"is_beta":false,"boss_relics":[{"not_picked":["White Beast Statue","Inserter"],"picked":"Snecko Eye"},{"not_picked":["Runic Dome","Sozu"],"picked":"Nuclear Battery"}],"items_purged_floors":[14,22,45],"is_endless":false,"potions_floor_spawned":[5,6,10,16,18,25,27,33,35,41,46,48],"killed_by":"Awakened One","ascension_level":1}