{"path_per_floor":["M","?","?","M","M","E","$","E","T","M","M","M","M","?","R"],"character_chosen":"THE_SILENT","items_purchased":["Bandage Up"],"gold_per_floor":[112,112,112,123,138,164,71,102,152,168,188,205,225,225,225],"floor_reached":16,"campfire_rested":0,"playtime":1372,"current_hp_per_floor":[68,68,68,68,68,6,6,7,7,11,11,15,19,70,70],"items_purged":[],"gold":225,"score":114,"play_id":"c55c5a5a-e10d-472a-9d4d-816709529f98","is_prod":false,"is_daily":false,"is_ascension_mode":false,"campfire_upgraded":1,"path_taken":["M","?","?","M","M","E","?","E","T","M","M","M","?","?","R","BOSS"],"build_version":"2018-02-15-PROD1","purchased_purges":0,"victory":false,"master_deck":["Defend_G","Defend_G","Defend_G","Defend_G","Defend_G","Strike_G","Strike_G","Strike_G","Strike_G","Strike_G","Survivor","Neutralize","Dagger Spray","Backstab","Flying Knee","Bouncing Flask+1","Bandage Up","Die Die Die","Dagger Throw","Deadly Poison","Dodge and Roll"],"max_hp_per_floor":[70,70,70,70,70,70,70,70,70,70,70,70,70,70,70],"relics":["Ring of the Snake","Thread and Needle","Centennial Puzzle","Bronze Scales"],"card_choices":[{"not_picked":["Slice","Well Laid Plans"],"picked":"Dagger Spray"},{"not_picked":["Deflect","Dagger Throw"],"picked":"Backstab"},{"not_picked":["Riddle With Holes","A Thousand Cuts"],"picked":"Flying Knee"},{"not_picked":["Blade Dance","Well Laid Plans"],"picked":"Bouncing Flask"},{"not_picked":["Calculated Gamble","All Out Attack"],"picked":"Die Die Die"},{"not_picked":["Poisoned Stab","PiercingWail"],"picked":"Dagger Throw"},{"not_picked":["Tools of the Trade","Sucker Punch"],"picked":"Blur"},{"not_picked":["Outmaneuver","Quick Slash"],"picked":"Deadly Poison"},{"not_picked":["Expertise","Crippling Poison"],"picked":"Dodge and Roll"}],"player_experience":4047,"potions_floor_usage":[],"damage_taken":[{"damage":2,"enemies":"Small Slimes","floor":1,"turns":4},{"damage":0,"enemies":"2 Louse","floor":4,"turns":3},{"damage":0,"enemies":"Cultist","floor":5,"turns":3},{"damage":62,"enemies":"Gremlin Nob","floor":6,"turns":6},{"damage":3,"enemies":"Lagavulin","floor":8,"turns":6},{"damage":0,"enemies":"Large Slime","floor":10,"turns":5},{"damage":0,"enemies":"Blue Slaver","floor":11,"turns":2},{"damage":0,"enemies":"Exordium Wildlife","floor":12,"turns":3},{"damage":0,"enemies":"Exordium Thugs","floor":13,"turns":5},{"damage":76,"enemies":"Slime Boss","floor":16,"turns":11}],"event_choices":[{"event_name":"The Cleric","player_choice":"Leave","floor":2,"damage_taken":0},{"event_name":"Liars Game","player_choice":"disagreed","floor":3,"damage_taken":0},{"event_name":"Bonfire Elementals","player_choice":"UNCOMMON","floor":14,"damage_taken":0}],"boss_relics":[],"potions_floor_spawned":[4,5,10,13],"seed_played":"-6004563148152199190","killed_by":"Slime Boss","ascension_level":0,"is_trial":false}