{"gold_per_floor":[363,379,50,68,68,68,102,102,102,128,128,53,82,31,31,106,106,118,118,137,137,148,148,176,176,176,176,208,29,61,93,105,196,208,232,299,325,354,366,378,390],"floor_reached":41,"playtime":2916,"items_purged":["Normality"],"score":870,"play_id":"14515c9d-6005-4334-9b4f-1442f1785069","local_time":"20180828195346","is_ascension_mode":true,"campfire_choices":[{"data":"Loop","floor":6.0,"key":"SMITH"},{"data":"Hologram","floor":8.0,"key":"SMITH"},{"data":"Zap","floor":11.0,"key":"SMITH"},{"data":"Dualcast","floor":15.0,"key":"SMITH"},{"data":"Coolheaded","floor":23.0,"key":"SMITH"},{"data":"Sweeping Beam","floor":25,"key":"SMITH"},{"floor":27,"key":"REST"},{"data":"Machine Learning","floor":32,"key":"SMITH"},{"data":"Conserve Battery","floor":40,"key":"SMITH"}],"neow_cost":"CURSE","seed_source_timestamp":336018478927694,"circlet_count":0,"master_deck":["Strike_B+1","Strike_B","Strike_B+1","Defend_B","Defend_B","Defend_B","Defend_B","Zap+1","Dualcast+1","AscendersBane","Sweeping Beam+1","Loop+1","Lockon","Streamline+1","Hologram+1","Consume","Cold Snap","Machine Learning+1","Leap","Shame","Coolheaded+1","Steam","Conserve Battery+1","Rebound","Electrodynamics","Lockon+1","BootSequence+1","Flash of Steel"],"special_seed":0,"relics":["FrozenCore","Oddly Smooth Stone","Pantograph","Meat on the Bone","Whetstone","Kunai","Nilry\u0027s Codex","Dodecahedron","Vajra","Blood Vial","Bronze Scales","MawBank","Sozu","Dead Branch"],"potions_floor_usage":[28,31,33],"damage_taken":[{"damage":0.0,"enemies":"2 Louse","floor":1.0,"turns":3.0},{"damage":7.0,"enemies":"Small Slimes","floor":2.0,"turns":3.0},{"damage":0.0,"enemies":"Cultist","floor":4.0,"turns":2.0},{"damage":21.0,"enemies":"Gremlin Nob","floor":7.0,"turns":4.0},{"damage":8.0,"enemies":"3 Sentries","floor":10.0,"turns":6.0},{"damage":22.0,"enemies":"Lagavulin","floor":13.0,"turns":5.0},{"damage":0.0,"enemies":"Slime Boss","floor":16.0,"turns":7.0},{"damage":14.0,"enemies":"3 Byrds","floor":18.0,"turns":6.0},{"damage":23.0,"enemies":"Shell Parasite","floor":20.0,"turns":7.0},{"damage":6.0,"enemies":"Snecko","floor":22.0,"turns":6.0},{"damage":24,"enemies":"Book of Stabbing","floor":24,"turns":8},{"damage":40,"enemies":"Slavers","floor":28,"turns":6},{"damage":0,"enemies":"Centurion and Healer","floor":30,"turns":8},{"damage":5,"enemies":"Cultist and Chosen","floor":31,"turns":6},{"damage":31,"enemies":"Collector","floor":33,"turns":12},{"damage":11,"enemies":"Orb Walker","floor":35,"turns":4},{"damage":56,"enemies":"Mysterious Sphere","floor":36,"turns":5},{"damage":8,"enemies":"3 Shapes","floor":37,"turns":4},{"damage":2,"enemies":"Flame Bruiser 2 Orb","floor":38,"turns":6},{"damage":50,"enemies":"Transient","floor":41,"turns":5}],"seed_played":"-4670470317720106541","potions_obtained":[{"floor":4.0,"key":"SkillPotion"},{"floor":7.0,"key":"SpeedPotion"},{"floor":10.0,"key":"Fruit Juice"},{"floor":13.0,"key":"EssenceOfSteel"},{"floor":20.0,"key":"GamblersBrew"},{"floor":28,"key":"Energy Potion"},{"floor":31,"key":"PowerPotion"}],"is_trial":false,"path_per_floor":["M","M","$","M","?","R","E","R","T","E","R","?","E","$","R","B",null,"M","?","M","?","M","R","E","R","T","R","E","$","M","M","R","B",null,"M","?","M","M","?","R"],"character_chosen":"DEFECT","items_purchased":["Oddly Smooth Stone","Lockon","EssenceOfSteel","PowerPotion","Conserve Battery","MawBank"],"campfire_rested":1,"item_purchase_floors":[3,3,3,14,29,29],"current_hp_per_floor":[64,57,57,57,57,57,36,36,36,40,40,40,35,35,35,60,72,58,37,26,26,32,32,20,20,20,42,16,16,30,39,39,54,71,62,20,26,38,38,38,0],"gold":390,"neow_bonus":"TWO_FIFTY_GOLD","is_prod":false,"is_daily":false,"chose_seed":false,"campfire_upgraded":8,"win_rate":0,"timestamp":1535500426,"path_taken":["M","M","$","M","?","R","E","R","T","E","R","?","E","$","R","BOSS","M","?","M","?","M","R","E","R","T","R","E","$","?","M","R","BOSS","M","?","M","M","?","R","M"],"build_version":"2018-08-23v2","purchased_purges":1,"victory":false,"max_hp_per_floor":[71,71,71,71,71,71,71,71,71,71,71,71,76,76,76,76,76,76,76,76,76,76,76,76,76,76,76,76,76,76,76,76,76,76,76,76,76,76,76,76,76],"card_choices":[{"not_picked":["Scrape","Steam Power"],"picked":"Sweeping Beam","floor":1.0},{"not_picked":["Redo","Compile Driver"],"picked":"Loop","floor":2.0},{"not_picked":["Gash","Rebound"],"picked":"Streamline","floor":4.0},{"not_picked":["Sweeping Beam","Amplify"],"picked":"Hologram","floor":7.0},{"not_picked":["Beam Cell","Lockon"],"picked":"Consume","floor":10.0},{"not_picked":["Streamline","Sunder"],"picked":"Cold Snap","floor":13.0},{"not_picked":["All For One","Buffer"],"picked":"Machine Learning","floor":16.0},{"not_picked":["Redo","Aggregate","Chaos"],"picked":"SKIP","floor":18.0},{"not_picked":["Double Energy","Blizzard"],"picked":"Leap","floor":20.0},{"not_picked":["Leap","Redo"],"picked":"Coolheaded","floor":22.0},{"not_picked":["Undo","Stack","Reinforced Body"],"picked":"SKIP","floor":24},{"not_picked":["Doom and Gloom","Ball Lightning"],"picked":"Steam","floor":28},{"not_picked":["Conserve Battery","Double Energy"],"picked":"Rebound","floor":30},{"not_picked":["Hello World","Stack","Sweeping Beam"],"picked":"SKIP","floor":31},{"not_picked":["Fission","Rainbow"],"picked":"Electrodynamics","floor":33},{"not_picked":["Sunder+1","Streamline"],"picked":"Lockon+1","floor":35},{"not_picked":["Barrage","Stack"],"picked":"BootSequence+1","floor":37},{"not_picked":["Compile Driver","Static Discharge","Streamline"],"picked":"SKIP","floor":38},{"not_picked":["Impatience","Violence"],"picked":"Flash of Steel","floor":39}],"player_experience":624047,"relics_obtained":[{"floor":7.0,"key":"Pantograph"},{"floor":9.0,"key":"Meat on the Bone"},{"floor":10.0,"key":"Whetstone"},{"floor":13.0,"key":"Kunai"},{"floor":19.0,"key":"Nilry\u0027s Codex"},{"floor":24,"key":"Vajra"},{"floor":26,"key":"Blood Vial"},{"floor":28,"key":"Bronze Scales"},{"floor":36,"key":"Dead Branch"}],"event_choices":[{"event_name":"Living Wall","player_choice":"Grow","floor":5.0,"damage_taken":0.0},{"event_name":"The Cleric","player_choice":"Card Removal","floor":12.0,"damage_taken":0.0},{"event_name":"Cursed Tome","player_choice":"Obtained Book","floor":19.0,"damage_taken":0.0},{"event_name":"Addict","player_choice":"Stole Relic","floor":21.0,"damage_taken":0.0},{"event_name":"Mysterious Sphere","player_choice":"Fight","floor":36,"damage_taken":0},{"event_name":"SensoryStone","player_choice":"Memory 1","floor":39,"damage_taken":0}],"is_beta":false,"boss_relics":[{"not_picked":["Ectoplasm","Pandora\u0027s Box"],"picked":"FrozenCore"},{"not_picked":["Fusion Hammer","White Beast Statue"],"picked":"Sozu"}],"items_purged_floors":[3],"is_endless":false,"potions_floor_spawned":[4,7,10,13,20,28,31,35],"killed_by":"Transient","ascension_level":15}