{"gold_per_floor":[109,184,149,13,25,25,50,50,50,65,65,88,107,107,107,203,203,222,222,238,238,363,363,363],"floor_reached":24,"playtime":1146,"items_purged":[],"score":359,"play_id":"32e6df10-0283-41a5-b039-78a8d5a9d560","local_time":"20190508215445","is_ascension_mode":true,"campfire_choices":[{"floor":6,"key":"REST"},{"data":"Noxious Fumes","floor":8,"key":"SMITH"},{"floor":15,"key":"REST"},{"floor":23,"key":"REST"}],"neow_cost":"PERCENT_DAMAGE","seed_source_timestamp":272056130227492,"circlet_count":0,"master_deck":["AscendersBane","Defend_G","Defend_G","Defend_G","Defend_G","Defend_G","Strike_G","Strike_G","Strike_G","Strike_G","Strike_G","Survivor","Neutralize","Dagger Spray+1","Noxious Fumes+1","Backflip","Dash","Sucker Punch","Well Laid Plans","Dagger Spray","Leg Sweep","Adrenaline","Acrobatics","Deadly Poison","Underhanded Strike+1"],"relics":["Ring of the Serpent","FossilizedHelix","Pear","Ninja Scroll","Golden Idol","Enchiridion","Shovel","Molten Egg 2"],"potions_floor_usage":[7,16,20],"damage_taken":[{"damage":2,"enemies":"Small Slimes","floor":1,"turns":4},{"damage":0,"enemies":"2 Louse","floor":5,"turns":3},{"damage":15,"enemies":"Lagavulin","floor":7,"turns":8},{"damage":0,"enemies":"Jaw Worm","floor":10,"turns":2},{"damage":0,"enemies":"Looter","floor":12,"turns":3},{"damage":13,"enemies":"Large Slime","floor":13,"turns":5},{"damage":9,"enemies":"Slime Boss","floor":16,"turns":8},{"damage":0,"enemies":"Chosen","floor":18,"turns":5},{"damage":7,"enemies":"Shell Parasite","floor":20,"turns":4},{"damage":19,"enemies":"Colosseum Slavers","floor":22,"turns":4},{"damage":28,"enemies":"Colosseum Nobs","floor":22,"turns":5},{"damage":31,"enemies":"Book of Stabbing","floor":24,"turns":6}],"seed_played":"-437485915256319994","potions_obtained":[{"floor":1,"key":"Weak Potion"},{"floor":13,"key":"Strength Potion"},{"floor":16,"key":"Poison Potion"}],"is_trial":false,"path_per_floor":["M","?","?","$","M","R","E","R","T","M","?","M","M","?","R","B",null,"M","?","M","?","?","R","E"],"character_chosen":"THE_SILENT","items_purchased":["Noxious Fumes","Backflip"],"campfire_rested":3,"item_purchase_floors":[4,4],"current_hp_per_floor":[42,31,47,47,47,66,61,61,61,61,35,35,22,22,44,35,66,66,45,38,53,6,28,0],"gold":363,"neow_bonus":"ONE_RARE_RELIC","is_prod":false,"is_daily":false,"chose_seed":false,"campfire_upgraded":1,"win_rate":0,"timestamp":1557377685,"path_taken":["M","?","?","$","M","R","E","R","T","M","?","M","?","?","R","BOSS","M","?","M","?","?","R","E"],"build_version":"2019-01-23","purchased_purges":0,"victory":false,"max_hp_per_floor":[66,66,66,66,66,66,76,76,76,76,76,76,76,76,76,76,76,76,76,76,76,76,76,76],"card_choices":[{"not_picked":["Deflect","Prepared"],"picked":"Dagger Spray","floor":1},{"not_picked":["Acrobatics","Deflect"],"picked":"Dash","floor":5},{"not_picked":["Skewer","Outmaneuver"],"picked":"Sucker Punch","floor":7},{"not_picked":["Outmaneuver","Bullet Time"],"picked":"Well Laid Plans","floor":10},{"not_picked":["Endless Agony","Outmaneuver"],"picked":"Dagger Spray","floor":12},{"not_picked":["Slice","Caltrops"],"picked":"Leg Sweep","floor":13},{"not_picked":["Unload","Glass Knife"],"picked":"Adrenaline","floor":16},{"not_picked":["Underhanded Strike","Distraction"],"picked":"Acrobatics","floor":18},{"not_picked":["Acrobatics","Eviscerate"],"picked":"Deadly Poison","floor":20},{"not_picked":["Outmaneuver","Backflip"],"picked":"Underhanded Strike","floor":22}],"player_experience":653275,"relics_obtained":[{"floor":7,"key":"Pear"},{"floor":9,"key":"Ninja Scroll"},{"floor":19,"key":"Enchiridion"},{"floor":22,"key":"Shovel"},{"floor":22,"key":"Molten Egg 2"}],"event_choices":[{"damage_healed":0,"gold_gain":75,"player_choice":"Gather Gold","damage_taken":11,"max_hp_gain":0,"max_hp_loss":0,"event_name":"World of Goop","floor":2,"gold_loss":0},{"damage_healed":16,"gold_gain":0,"player_choice":"Healed","damage_taken":0,"max_hp_gain":0,"max_hp_loss":0,"event_name":"The Cleric","floor":3,"gold_loss":35},{"damage_healed":0,"gold_gain":0,"player_choice":"Take Damage","damage_taken":26,"relics_obtained":["Golden Idol"],"max_hp_gain":0,"max_hp_loss":0,"event_name":"Golden Idol","floor":11,"gold_loss":0},{"damage_healed":0,"gold_gain":0,"player_choice":"Grow","damage_taken":0,"max_hp_gain":0,"max_hp_loss":0,"event_name":"Living Wall","floor":14,"gold_loss":0,"cards_upgraded":["Dagger Spray"]},{"damage_healed":0,"gold_gain":0,"player_choice":"Obtained Book","damage_taken":21,"max_hp_gain":0,"max_hp_loss":0,"event_name":"Cursed Tome","floor":19,"gold_loss":0},{"damage_healed":15,"gold_gain":0,"player_choice":"Heal","damage_taken":0,"max_hp_gain":0,"max_hp_loss":0,"event_name":"The Library","floor":21,"gold_loss":0},{"damage_healed":0,"gold_gain":0,"player_choice":"Fight","damage_taken":0,"max_hp_gain":0,"max_hp_loss":0,"event_name":"Colosseum","floor":22,"gold_loss":0},{"damage_healed":0,"gold_gain":0,"player_choice":"Fought Nobs","damage_taken":0,"max_hp_gain":0,"max_hp_loss":0,"event_name":"Colosseum","floor":22,"gold_loss":0}],"is_beta":false,"boss_relics":[{"not_picked":["Snecko Eye","Runic Pyramid"],"picked":"Ring of the Serpent"}],"items_purged_floors":[],"is_endless":false,"potions_floor_spawned":[1,13,16,22],"killed_by":"Book of Stabbing","ascension_level":17}