{"gold_per_floor":[365,385,67,78,96,113,131,131,154,174,207,207,207,234,234,308,308,320,320,370,355,18,18,81,81,104,104,121,133,166,196,208,294,306,336,364,396,424,454,494,506,551,563,603,625,672,684,2,2,2,2,2,2,28,28],"floor_reached":56,"playtime":3663,"items_purged":["Writhe","Parasite","Strike_B"],"score":2149,"play_id":"16355054-be6f-4468-bd39-db4f8381fb08","local_time":"20190109201619","is_ascension_mode":true,"campfire_choices":[{"floor":8,"key":"REST"},{"floor":12,"key":"REST"},{"floor":15,"key":"REST"},{"data":"Apotheosis","floor":23,"key":"SMITH"},{"data":"Barrage","floor":25,"key":"SMITH"},{"data":"Creative AI","floor":27,"key":"SMITH"},{"floor":32,"key":"RECALL"},{"floor":41,"key":"REST"},{"data":"Echo Form","floor":47,"key":"SMITH"},{"data":"Defragment","floor":49,"key":"SMITH"},{"data":"Consume","floor":52,"key":"SMITH"}],"neow_cost":"CURSE","seed_source_timestamp":10424723349639,"circlet_count":0,"master_deck":["AscendersBane","Strike_B","Strike_B+1","Strike_B","Defend_B","Defend_B","Defend_B","Defend_B","Zap","Dualcast","Sweeping Beam+1","Conserve Battery","Barrage+1","Compile Driver","Cold Snap","White Noise","Defragment+1","Reinforced Body","Self Repair","Creative AI+1","Apotheosis+1","Echo Form+1","Consume+1","Reinforced Body+1","Go for the Eyes+1","Hologram+1"],"relics":["FrozenCore","Runic Capacitor","Bronze Scales","Orichalcum","DataDisk","Tiny Chest","MawBank","Inserter","Du-Vu Doll","Meat on the Bone","Mummified Hand","Molten Egg 2","Bag of Marbles","HandDrill","Whetstone","Omamori","Bag of Preparation"],"potions_floor_usage":[11,14,16,16,21,24,28,30,37,38,40,55,55],"damage_taken":[{"damage":6,"enemies":"Cultist","floor":1,"turns":4},{"damage":2,"enemies":"2 Louse","floor":2,"turns":2},{"damage":9,"enemies":"Jaw Worm","floor":4,"turns":3},{"damage":5,"enemies":"Blue Slaver","floor":5,"turns":4},{"damage":27,"enemies":"Exordium Thugs","floor":6,"turns":5},{"damage":2,"enemies":"Exordium Wildlife","floor":7,"turns":4},{"damage":16,"enemies":"Blue Slaver","floor":10,"turns":3},{"damage":17,"enemies":"Gremlin Nob","floor":11,"turns":4},{"damage":22,"enemies":"Lagavulin","floor":14,"turns":6},{"damage":29,"enemies":"Slime Boss","floor":16,"turns":7},{"damage":0,"enemies":"Shell Parasite","floor":18,"turns":7},{"damage":6,"enemies":"2 Thieves","floor":21,"turns":5},{"damage":23,"enemies":"Slavers","floor":24,"turns":8},{"damage":3,"enemies":"Cultist and Chosen","floor":28,"turns":7},{"damage":3,"enemies":"Centurion and Healer","floor":29,"turns":6},{"damage":1,"enemies":"Book of Stabbing","floor":30,"turns":7},{"damage":7,"enemies":"Chosen and Byrds","floor":31,"turns":6},{"damage":0,"enemies":"Collector","floor":33,"turns":11},{"damage":33,"enemies":"3 Darklings","floor":35,"turns":6},{"damage":3,"enemies":"Orb Walker","floor":36,"turns":6},{"damage":31,"enemies":"Transient","floor":37,"turns":5},{"damage":15,"enemies":"Spire Growth","floor":38,"turns":10},{"damage":9,"enemies":"Writhing Mass","floor":39,"turns":11},{"damage":25,"enemies":"Reptomancer","floor":40,"turns":6},{"damage":0,"enemies":"Giant Head","floor":42,"turns":11},{"damage":19,"enemies":"Nemesis","floor":44,"turns":11},{"damage":0,"enemies":"Sphere and 2 Shapes","floor":45,"turns":9},{"damage":6,"enemies":"Giant Head","floor":46,"turns":9},{"damage":22,"enemies":"Time Eater","floor":50,"turns":10},{"damage":29,"enemies":"Shield and Spear","floor":54,"turns":11},{"damage":47,"enemies":"The Heart","floor":55,"turns":12}],"seed_played":"-2382604062929380652","potions_obtained":[{"floor":1,"key":"Poison Potion"},{"floor":5,"key":"PowerPotion"},{"floor":11,"key":"Strength Potion"},{"floor":14,"key":"FocusPotion"},{"floor":16,"key":"GamblersBrew"},{"floor":24,"key":"SkillPotion"},{"floor":29,"key":"SpeedPotion"},{"floor":33,"key":"SpeedPotion"},{"floor":36,"key":"PowerPotion"},{"floor":37,"key":"Explosive Potion"},{"floor":42,"key":"Dexterity Potion"},{"floor":46,"key":"SpeedPotion"}],"is_trial":false,"path_per_floor":["M","M","$","M","M","M","M","R","T","M","E","R","?","E","R","B",null,"M","?","?","M","$","R","E","R","T","R","M","M","E","M","R","B",null,"M","M","M","M","M","E","R","E","T","E","M","E","R","$","R","B",null,"R","$","E","B",null],"character_chosen":"DEFECT","items_purchased":["Runic Capacitor","Strength Potion","Apotheosis","EssenceOfSteel","FocusPotion","HandDrill","Whetstone","Omamori"],"campfire_rested":4,"item_purchase_floors":[3,3,22,22,48,48,48,48],"current_hp_per_floor":[58,56,56,47,42,15,13,34,34,18,1,22,39,17,38,16,57,64,64,64,65,65,65,52,52,52,52,59,66,68,68,68,68,68,45,52,21,26,37,32,52,68,68,56,56,68,68,68,68,66,68,68,68,59,34],"gold":28,"neow_bonus":"TWO_FIFTY_GOLD","is_prod":false,"is_daily":false,"chose_seed":false,"campfire_upgraded":6,"win_rate":0,"timestamp":1547082979,"path_taken":["M","M","$","M","M","M","M","R","T","?","E","R","?","E","R","BOSS","M","?","?","M","$","R","E","R","T","R","M","?","E","M","R","BOSS","M","M","M","M","M","E","R","E","T","E","M","E","R","$","R","BOSS","R","$","E","BOSS"],"build_version":"2019-01-03v4","purchased_purges":3,"victory":true,"max_hp_per_floor":[71,71,71,71,71,71,71,71,71,71,71,71,71,71,71,71,71,71,71,71,71,68,68,68,68,68,68,68,68,68,68,68,68,68,68,68,68,68,68,68,68,68,68,68,68,68,68,68,68,68,68,68,68,68,68],"card_choices":[{"not_picked":["Recycle","Darkness"],"picked":"Sweeping Beam","floor":1},{"not_picked":["Sweeping Beam","Leap"],"picked":"Conserve Battery","floor":2},{"not_picked":["Darkness","Melter"],"picked":"Barrage","floor":4},{"not_picked":["Sweeping Beam","Rebound"],"picked":"Compile Driver","floor":5},{"not_picked":["Go for the Eyes","Gash"],"picked":"Cold Snap","floor":6},{"not_picked":["Hello World","Double Energy"],"picked":"White Noise","floor":7},{"not_picked":["Steam","Scrape"],"picked":"Defragment","floor":10},{"not_picked":["Storm","FTL"],"picked":"Reinforced Body","floor":11},{"not_picked":["Go for the Eyes","Buffer"],"picked":"Self Repair","floor":14},{"not_picked":["All For One","Core Surge"],"picked":"Creative AI","floor":16},{"not_picked":["Redo","Self Repair","Reprogram"],"picked":"SKIP","floor":18},{"not_picked":["Compile Driver","Lockon","Sweeping Beam"],"picked":"SKIP","floor":21},{"not_picked":["Barrage","Storm","Double Energy"],"picked":"SKIP","floor":24},{"not_picked":["Leap","Reprogram","Ball Lightning+1"],"picked":"SKIP","floor":28},{"not_picked":["Aggregate","Self Repair","Streamline+1"],"picked":"SKIP","floor":29},{"not_picked":["Rebound+1","Beam Cell+1","Scrape"],"picked":"SKIP","floor":30},{"not_picked":["Gash","Rebound+1","Redo+1"],"picked":"SKIP","floor":31},{"not_picked":["Machine Learning","Hyperbeam"],"picked":"Echo Form","floor":33},{"not_picked":["Barrage","Beam Cell"],"picked":"Consume","floor":35},{"not_picked":["White Noise","Steam Power","Ball Lightning"],"picked":"SKIP","floor":36},{"not_picked":["Leap","Consume+1"],"picked":"Reinforced Body+1","floor":37},{"not_picked":["Stack","Gash","Self Repair"],"picked":"SKIP","floor":38},{"not_picked":["Lockon","Scrape","Loop"],"picked":"SKIP","floor":39},{"not_picked":["Loop","Cold Snap","Compile Driver"],"picked":"SKIP","floor":40},{"not_picked":["Static Discharge","Sweeping Beam","Hologram"],"picked":"SKIP","floor":42},{"not_picked":["Compile Driver","White Noise"],"picked":"Go for the Eyes+1","floor":44},{"not_picked":["Auto Shields","Cold Snap+1"],"picked":"Hologram+1","floor":45},{"not_picked":["Storm","Machine Learning","Steam Power+1"],"picked":"SKIP","floor":46},{"not_picked":["Defragment","Leap","Storm"],"picked":"SKIP","floor":54}],"player_experience":1012082,"relics_obtained":[{"floor":9,"key":"Bronze Scales"},{"floor":11,"key":"Orichalcum"},{"floor":14,"key":"DataDisk"},{"floor":24,"key":"Tiny Chest"},{"floor":30,"key":"MawBank"},{"floor":40,"key":"Du-Vu Doll"},{"floor":42,"key":"Meat on the Bone"},{"floor":43,"key":"Mummified Hand"},{"floor":44,"key":"Molten Egg 2"},{"floor":46,"key":"Bag of Marbles"},{"floor":54,"key":"Bag of Preparation"}],"event_choices":[{"damage_healed":17,"gold_gain":0,"player_choice":"Healed and dodged fight","damage_taken":0,"max_hp_gain":0,"max_hp_loss":0,"event_name":"Mushrooms","floor":13,"gold_loss":0,"cards_obtained":["Parasite"]},{"damage_healed":0,"gold_gain":0,"player_choice":"Ignored","damage_taken":0,"max_hp_gain":0,"max_hp_loss":0,"event_name":"Ghosts","floor":19,"gold_loss":0},{"damage_healed":0,"gold_gain":50,"player_choice":"Stole From Cult","damage_taken":0,"max_hp_gain":0,"max_hp_loss":0,"event_name":"Nest","floor":20,"gold_loss":0}],"is_beta":false,"boss_relics":[{"not_picked":["Cursed Key","White Beast Statue"],"picked":"FrozenCore"},{"not_picked":["Lizard Tail","Tiny House"],"picked":"Inserter"}],"items_purged_floors":[3,22,48],"is_endless":false,"potions_floor_spawned":[1,5,11,14,16,24,29,33,36,37,42,46],"ascension_level":15}