{"path_per_floor":["M","?","M","M","M","R","M","R","T","$","M","E","M","M","R","B",null,"M","?","M","?","?","R"],"character_chosen":"IRONCLAD","items_purchased":[],"gold_per_floor":[113,113,127,141,151,151,167,167,193,118,137,167,137,153,153,257,257,277,277,291,291,291,291],"floor_reached":24,"campfire_rested":0,"playtime":2201,"current_hp_per_floor":[80,80,80,80,66,66,60,60,60,60,59,31,36,29,29,25,80,51,77,64,48,33,33],"items_purged":["Strike_R"],"gold":291,"play_id":"bf82f88f-26bf-4e24-97dc-84c3acf04015","is_prod":false,"is_daily":false,"is_ascension_mode":false,"campfire_upgraded":4,"path_taken":["M","?","?","M","M","R","M","R","T","$","?","E","M","M","R","BOSS","M","?","?","?","?","R","E"],"build_version":"2018-01-25-PROD3","purchased_purges":1,"victory":false,"master_deck":["Strike_R","Strike_R","Strike_R","Strike_R","Defend_R","Defend_R","Defend_R","Defend_R","Bash","True Grit+1","Spot Weakness","True Grit+1","Shrug It Off","Thunderclap+1","Demon Form","Armaments+1","Offering","Feel No Pain+1","Cleave"],"max_hp_per_floor":[80,80,80,80,80,80,80,80,80,80,80,80,80,80,80,80,80,80,80,80,80,85,85],"relics":["Burning Blood","Molten Egg","Dodecahedron","Mark of Pain","Nilry\u0027s Codex"],"card_choices":[{"not_picked":["Iron Wave","Thunderclap"],"picked":"True Grit"},{"not_picked":["Searing Blow","Disarm"],"picked":"Spot Weakness"},{"not_picked":["Dropkick","Second Wind"],"picked":"True Grit"},{"not_picked":["Infernal Blade","Evolve"],"picked":"Shrug It Off"},{"not_picked":["Clothesline","Sword Boomerang"],"picked":"Thunderclap"},{"not_picked":["Heavy Blade","Dropkick"],"picked":"Demon Form"},{"not_picked":["Body Slam","Pummel"],"picked":"Armaments"},{"not_picked":["Berserk","Feed"],"picked":"Offering"},{"not_picked":["Body Slam","True Grit"],"picked":"Feel No Pain"},{"not_picked":["Shrug It Off","Reckless Charge"],"picked":"Cleave"}],"player_experience":58677,"potions_floor_usage":[3,16,16,20],"damage_taken":[{"damage":2,"enemies":"2 Louse","floor":1,"turns":2},{"damage":0,"enemies":"Small Slimes","floor":3,"turns":2},{"damage":5,"enemies":"Jaw Worm","floor":4,"turns":5},{"damage":20,"enemies":"Red Slaver","floor":5,"turns":12},{"damage":12,"enemies":"Lots of Slimes","floor":7,"turns":4},{"damage":7,"enemies":"Exordium Wildlife","floor":11,"turns":4},{"damage":34,"enemies":"3 Sentries","floor":12,"turns":9},{"damage":1,"enemies":"Looter","floor":13,"turns":4},{"damage":13,"enemies":"Red Slaver","floor":14,"turns":6},{"damage":10,"enemies":"The Guardian","floor":16,"turns":12},{"damage":35,"enemies":"3 Byrds","floor":18,"turns":7},{"damage":19,"enemies":"Chosen","floor":20,"turns":10},{"damage":37,"enemies":"Gremlin Leader","floor":24,"turns":3}],"event_choices":[{"event_name":"Liars Game","player_choice":"disagreed","floor":2,"damage_taken":0},{"event_name":"The Library","player_choice":"Heal","floor":19,"damage_taken":0},{"event_name":"Cursed Tome","player_choice":"Obtained Book","floor":21,"damage_taken":0},{"event_name":"Forgotten Altar","player_choice":"Shed Blood","floor":22,"damage_taken":0}],"boss_relics":[{"not_picked":["Astrolabe","Lizard Tail"],"picked":"Mark of Pain"}],"potions_floor_spawned":[1,3,14,18],"seed_played":"5006500520019288034","killed_by":"Gremlin Leader","ascension_level":0,"is_trial":false}