{"path_per_floor":["M","$","?","?","M","R","M","R","T","M","M","$","M","E","R","B",null,"M","M","$","M","M","R","$","M","T","M"],"character_chosen":"IRONCLAD","items_purchased":[],"gold_per_floor":[110,35,135,135,149,149,160,160,160,177,187,87,100,127,127,230,230,250,269,144,161,171,171,21,37,37,48,48],"floor_reached":28,"campfire_rested":0,"playtime":2662,"current_hp_per_floor":[78,78,78,62,67,67,73,73,73,77,80,80,80,80,80,48,80,77,80,80,72,67,67,67,57,57,45,0],"items_purged":["Strike_R","Strike_R","Strike_R","Strike_R"],"gold":48,"score":224,"play_id":"d1db87e1-5db2-4d8c-96a8-4f53793f52f9","local_time":"20180525010330","is_prod":false,"is_daily":false,"chose_seed":false,"is_ascension_mode":false,"campfire_upgraded":4,"timestamp":1527206610,"campfire_choices":[{"data":"Cleave","floor":6,"key":"SMITH"},{"data":"Bash","floor":8,"key":"SMITH"},{"data":"Armaments","floor":15,"key":"SMITH"},{"data":"True Grit","floor":23,"key":"SMITH"}],"path_taken":["M","$","?","?","M","R","M","R","T","M","M","$","M","E","R","BOSS","M","M","$","?","M","R","?","?","T","M","E"],"build_version":"2018-05-17","seed_source_timestamp":229346440290304,"purchased_purges":4,"victory":false,"master_deck":["Strike_R+1","Defend_R","Defend_R+1","Defend_R","Defend_R","Bash+1","Cleave+1","Armaments+1","Whirlwind","Flex","Demon Form+1","Berserk+1","Pommel Strike","Heavy Blade","Headbutt","True Grit+1","Pommel Strike"],"max_hp_per_floor":[80,80,80,80,80,80,80,80,80,80,80,80,80,80,80,80,80,80,80,80,83,83,83,83,83,83,83,83],"relics":["Burning Blood","Paper Frog","Frozen Egg 2","Velvet Choker","Blood Vial"],"card_choices":[{"not_picked":["Sever Soul","Thunderclap"],"picked":"Cleave","floor":1},{"not_picked":["Corruption","Twin Strike","Fire Breathing"],"picked":"SKIP","floor":5},{"not_picked":["Combust","Perfected Strike","Havoc"],"picked":"SKIP","floor":7},{"not_picked":["Clothesline","Seeing Red"],"picked":"Armaments","floor":10},{"not_picked":["Body Slam","Clash"],"picked":"Whirlwind","floor":11},{"not_picked":["Clash","Warcry"],"picked":"Flex","floor":13},{"not_picked":["Armaments","Shrug It Off"],"picked":"Demon Form","floor":14},{"not_picked":["Offering","Juggernaut+1"],"picked":"Berserk+1","floor":16},{"not_picked":["Intimidate","Ghostly Armor"],"picked":"Pommel Strike","floor":18},{"not_picked":["Anger+1","Shockwave"],"picked":"Heavy Blade","floor":19},{"not_picked":["Feel No Pain+1","Anger"],"picked":"Headbutt","floor":21},{"not_picked":["Second Wind","Cleave"],"picked":"True Grit","floor":22},{"not_picked":["Warcry+1","Wild Strike"],"picked":"Pommel Strike","floor":25},{"not_picked":["Clash+1","Reckless Charge+1","Havoc+1"],"picked":"SKIP","floor":27}],"player_experience":134041,"potions_floor_usage":[16,18,21,21,22,25,28],"damage_taken":[{"damage":8,"enemies":"Jaw Worm","floor":1,"turns":4},{"damage":1,"enemies":"Cultist","floor":5,"turns":4},{"damage":0,"enemies":"Small Slimes","floor":7,"turns":3},{"damage":2,"enemies":"2 Fungi Beasts","floor":10,"turns":3},{"damage":0,"enemies":"Gremlin Gang","floor":11,"turns":3},{"damage":0,"enemies":"Lots of Slimes","floor":13,"turns":2},{"damage":5,"enemies":"Gremlin Nob","floor":14,"turns":3},{"damage":38,"enemies":"The Guardian","floor":16,"turns":10},{"damage":9,"enemies":"Spheric Guardian","floor":18,"turns":4},{"damage":0,"enemies":"3 Byrds","floor":19,"turns":3},{"damage":17,"enemies":"Cultist and Chosen","floor":21,"turns":4},{"damage":11,"enemies":"Chosen and Byrds","floor":22,"turns":6},{"damage":16,"enemies":"Snake Plant","floor":25,"turns":3},{"damage":20,"enemies":"Centurion and Healer","floor":27,"turns":5},{"damage":58,"enemies":"Gremlin Leader","floor":28,"turns":4}],"relics_obtained":[{"floor":9,"key":"Paper Frog"},{"floor":14,"key":"Frozen Egg 2"},{"floor":26,"key":"Blood Vial"}],"event_choices":[{"event_name":"Wheel of Change","player_choice":"Gold","floor":3,"damage_taken":0},{"event_name":"Shining Light","player_choice":"Entered Light","floor":4,"damage_taken":0}],"boss_relics":[{"not_picked":["Lizard Tail","Philosopher\u0027s Stone"],"picked":"Velvet Choker"}],"potions_floor_spawned":[1,5,11,16,19,21,25],"seed_played":"172809816792923089","killed_by":"Gremlin Leader","ascension_level":0,"potions_obtained":[{"floor":16,"key":"GamblersBrew"},{"floor":19,"key":"AttackPotion"},{"floor":21,"key":"Weak Potion"},{"floor":25,"key":"BloodPotion"}],"is_trial":false}