{"gold_per_floor":[116,41,291,310,310,335,510,522,522,534,534,19,19,29,29,128,128,140,140,156,156,156,176,176,192,192,115,115],"floor_reached":28,"playtime":1388,"items_purged":["Writhe","Regret"],"score":218,"play_id":"b837c52d-069c-4547-8925-ef7cbead2230","local_time":"20180628020426","is_ascension_mode":false,"campfire_choices":[{"floor":11,"key":"REST"},{"floor":15,"key":"REST"},{"floor":24,"key":"REST"}],"neow_cost":"CURSE","seed_source_timestamp":261393200518897,"circlet_count":0,"master_deck":["Defend_G+1","Defend_G+1","Defend_G+1","Defend_G+1","Defend_G+1","Strike_G+1","Strike_G+1","Strike_G+1","Survivor+1","Neutralize","Well Laid Plans","Bouncing Flask","Deadly Poison","Doubt","Deadly Poison","Endless Agony","Footwork","Well Laid Plans","Die Die Die","Backstab","Necronomicurse","Distraction","Bouncing Flask","J.A.X."],"relics":["Ring of the Snake","Incense Burner","War Paint","Tough Bandages","Paper Crane","Tiny Chest","Runic Pyramid","Necronomicon","Centennial Puzzle"],"potions_floor_usage":[],"damage_taken":[{"damage":3,"enemies":"Jaw Worm","floor":1,"turns":5},{"damage":3,"enemies":"Cultist","floor":4,"turns":4},{"damage":31,"enemies":"Gremlin Nob","floor":6,"turns":4},{"damage":3,"enemies":"2 Louse","floor":8,"turns":2},{"damage":6,"enemies":"Large Slime","floor":10,"turns":8},{"damage":0,"enemies":"Exordium Wildlife","floor":14,"turns":4},{"damage":6,"enemies":"The Guardian","floor":16,"turns":9},{"damage":0,"enemies":"Chosen","floor":18,"turns":5},{"damage":0,"enemies":"Spheric Guardian","floor":20,"turns":5},{"damage":34,"enemies":"3 Cultists","floor":23,"turns":9},{"damage":9,"enemies":"Snake Plant","floor":25,"turns":5},{"damage":38,"enemies":"Slavers","floor":28,"turns":7}],"seed_played":"4234508262268673395","potions_obtained":[{"floor":8,"key":"Strength Potion"},{"floor":10,"key":"FearPotion"},{"floor":16,"key":"Strength Potion"}],"is_trial":false,"path_per_floor":["M","$","?","M","?","E","?","M","T","M","R","$","?","M","R","B",null,"M","?","M","?","?","M","R","M","T","?"],"character_chosen":"THE_SILENT","items_purchased":["Paper Crane","Tiny Chest","Footwork"],"campfire_rested":3,"item_purchase_floors":[12,12,12],"current_hp_per_floor":[67,67,67,64,61,30,30,27,27,21,42,42,42,42,63,57,70,70,54,54,54,54,20,41,32,32,32,0],"gold":115,"neow_bonus":"TRANSFORM_TWO_CARDS","is_prod":false,"is_daily":false,"chose_seed":false,"campfire_upgraded":0,"win_rate":0.0,"timestamp":1530180266,"path_taken":["M","$","?","?","?","E","?","?","T","M","R","?","?","?","R","BOSS","M","?","M","?","?","M","R","?","T","?","E"],"build_version":"2018-06-21v2","purchased_purges":2,"victory":false,"max_hp_per_floor":[70,70,70,70,70,70,70,70,70,70,70,70,70,70,70,70,70,70,70,70,70,70,70,70,70,70,70,70],"card_choices":[{"not_picked":["Concentrate","Flechettes","Dodge and Roll"],"picked":"SKIP","floor":1},{"not_picked":["Sucker Punch","Cloak And Dagger"],"picked":"Deadly Poison","floor":4},{"not_picked":["Flying Knee","Prepared","Deflect"],"picked":"SKIP","floor":6},{"not_picked":["Prepared","Sucker Punch"],"picked":"Deadly Poison","floor":8},{"not_picked":["Outmaneuver","Riddle With Holes"],"picked":"Endless Agony","floor":10},{"not_picked":["Dagger Spray","Backflip"],"picked":"Well Laid Plans","floor":14},{"not_picked":["Tactician","Bullet Time"],"picked":"Die Die Die","floor":16},{"not_picked":["Deflect","PiercingWail"],"picked":"Backstab","floor":18},{"not_picked":["Underhanded Strike","Setup+1"],"picked":"Distraction","floor":20},{"not_picked":["Footwork","Slice","Dagger Throw"],"picked":"SKIP","floor":23},{"not_picked":["Footwork","Underhanded Strike+1","Slice"],"picked":"SKIP","floor":25}],"player_experience":284655,"relics_obtained":[{"floor":6,"key":"War Paint"},{"floor":9,"key":"Tough Bandages"},{"floor":19,"key":"Necronomicon"},{"floor":26,"key":"Centennial Puzzle"}],"event_choices":[{"event_name":"Golden Shrine","player_choice":"Desecrate","floor":3,"damage_taken":0},{"event_name":"Scrap Ooze","player_choice":"success","floor":5,"damage_taken":3},{"event_name":"Liars Game","player_choice":"agreed","floor":7,"damage_taken":0},{"event_name":"The Cleric","player_choice":"Leave","floor":13,"damage_taken":0},{"event_name":"Cursed Tome","player_choice":"Obtained Book","floor":19,"damage_taken":0},{"event_name":"Back to Basics","player_choice":"Simplicity","floor":21,"damage_taken":0},{"event_name":"Duplicator","player_choice":"One dupe","floor":22,"damage_taken":0},{"event_name":"Drug Dealer","player_choice":"Got JAXXED","floor":27,"damage_taken":0}],"boss_relics":[{"not_picked":["White Beast Statue","Snecko Eye"],"picked":"Runic Pyramid"}],"items_purged_floors":[2,12],"is_endless":false,"potions_floor_spawned":[8,10,16,20],"killed_by":"Slavers","ascension_level":0}