{"gold_per_floor":[217,217,230,41,60,86,11,28,28,28],"floor_reached":10,"playtime":251,"items_purged":[],"score":119,"play_id":"25e5bb6f-5bdf-4c14-a521-86307a8678d6","local_time":"20181123145715","is_ascension_mode":true,"campfire_choices":[],"neow_cost":"NONE","seed_source_timestamp":234874907678147,"circlet_count":0,"master_deck":["AscendersBane","Strike_R","Strike_R","Strike_R","Strike_R","Strike_R","Defend_R","Defend_R","Defend_R","Defend_R","Bash","Thunderclap+1","Whirlwind","Armaments","Ghostly Armor","Feed","Ghostly Armor"],"relics":["Burning Blood","Anchor","Self Forming Clay","Sundial"],"potions_floor_usage":[6],"damage_taken":[{"damage":11,"enemies":"Jaw Worm","floor":1,"turns":4},{"damage":6,"enemies":"Cultist","floor":3,"turns":3},{"damage":5,"enemies":"Small Slimes","floor":5,"turns":3},{"damage":52,"enemies":"Gremlin Nob","floor":6,"turns":6},{"damage":11,"enemies":"3 Louse","floor":8,"turns":4},{"damage":18,"enemies":"Exordium Thugs","floor":10,"turns":4}],"seed_played":"-3577417589178146747","potions_obtained":[{"floor":1,"key":"Block Potion"},{"floor":6,"key":"Dexterity Potion"}],"is_trial":false,"path_per_floor":["M","?","M","$","M","E","$","M","T","M"],"character_chosen":"IRONCLAD","items_purchased":["Whirlwind","Anchor","Feed"],"campfire_rested":0,"item_purchase_floors":[4,4,7],"current_hp_per_floor":[63,63,63,63,64,18,18,16,16,0],"gold":28,"neow_bonus":"HUNDRED_GOLD","is_prod":false,"is_daily":false,"chose_seed":false,"campfire_upgraded":0,"win_rate":0,"timestamp":1543003035,"path_taken":["M","?","M","$","M","E","?","M","T","?"],"build_version":"2018-11-15","purchased_purges":0,"victory":false,"max_hp_per_floor":[75,75,75,75,75,75,75,78,78,78],"card_choices":[{"not_picked":["Sentinel","Dual Wield"],"picked":"Thunderclap","floor":1},{"not_picked":["Entrench","Perfected Strike","Havoc"],"picked":"SKIP","floor":3},{"not_picked":["Heavy Blade","Perfected Strike"],"picked":"Armaments","floor":5},{"not_picked":["Power Through","Entrench"],"picked":"Ghostly Armor","floor":6},{"not_picked":["Feel No Pain","Searing Blow"],"picked":"Ghostly Armor","floor":8}],"player_experience":937582,"relics_obtained":[{"floor":6,"key":"Self Forming Clay"},{"floor":9,"key":"Sundial"}],"event_choices":[{"damage_healed":0,"gold_gain":0,"player_choice":"Grow","damage_taken":0,"max_hp_gain":0,"max_hp_loss":0,"event_name":"Living Wall","floor":2,"gold_loss":0,"cards_upgraded":["Thunderclap"]}],"is_beta":false,"boss_relics":[],"items_purged_floors":[],"is_endless":false,"potions_floor_spawned":[1,6],"killed_by":"Exordium Thugs","ascension_level":15}