{"path_per_floor":["M","M","?","M","$","E","R","M","T","?","R","?","R","E","R","B",null,"M","$","M","?","M","R","E","M","T","R","E","M","R","$","R","B",null,"M","?","M","?","$","R","?","M","T","M","$","R","M","M","R"],"character_chosen":"THE_SILENT","items_purchased":["Flash of Steel","Strength Potion","Vajra","Accuracy","Well Laid Plans"],"gold_per_floor":[112,128,128,145,4,37,37,50,50,50,50,50,50,84,84,185,185,200,48,60,60,78,78,107,121,146,146,173,183,183,35,35,131,131,147,0,13,13,13,13,13,27,27,40,1,1,18,36,36],"floor_reached":50,"campfire_rested":6,"playtime":2398,"current_hp_per_floor":[68,68,61,57,57,52,52,51,51,51,51,51,51,48,48,2,53,38,38,36,36,33,54,47,24,24,46,37,25,47,47,69,61,72,53,53,42,61,61,61,61,41,41,30,30,53,35,12,36],"items_purged":["Strike_G"],"gold":36,"score":550,"play_id":"53e33d76-7acb-42d1-8425-613804259754","is_prod":false,"is_daily":false,"is_ascension_mode":true,"campfire_upgraded":5,"path_taken":["M","?","?","M","$","E","R","M","T","?","R","?","R","E","R","BOSS","M","$","M","?","?","R","E","M","T","R","E","M","R","?","R","BOSS","M","?","M","?","?","R","?","M","T","M","$","R","M","?","R","BOSS"],"build_version":"2018-02-15-PROD1","purchased_purges":1,"victory":false,"master_deck":["Defend_G","Defend_G","Defend_G","Defend_G","Strike_G","Strike_G","Strike_G","Survivor","Neutralize","Dagger Spray+1","Sucker Punch","Finisher+1","Flash of Steel","After Image+1","Infinite Blades","Regret","Accuracy+1","Storm of Steel+1","Cloak And Dagger+1","Terror+1","Blur","Quick Slash+1","Choke+1","Accuracy+1","Dodge and Roll+1","Escape Plan+1","Writhe","Leg Sweep+1","Well Laid Plans","Malaise"],"max_hp_per_floor":[70,70,70,70,70,70,70,70,70,70,70,70,70,70,70,70,70,70,70,72,72,72,72,74,74,74,74,74,74,74,74,74,76,76,76,76,76,76,76,76,76,76,76,78,78,78,80,80,80],"relics":["Ring of the Snake","Torii","Ginger","Singing Bowl","Pen Nib","Sozu","Vajra","Gremlin Horn","War Paint","Ice Cream","Question Card","Red Mask","Tingsha"],"card_choices":[{"not_picked":["Masterful Stab","Acrobatics"],"picked":"Dagger Spray"},{"not_picked":["Deadly Poison","Quick Slash"],"picked":"Sucker Punch"},{"not_picked":["Concentrate","Deadly Poison"],"picked":"Finisher"},{"not_picked":["Escape Plan","Noxious Fumes"],"picked":"After Image"},{"not_picked":["Sucker Punch","Dagger Spray"],"picked":"Infinite Blades"},{"not_picked":["Leg Sweep","Noxious Fumes"],"picked":"Accuracy"},{"not_picked":["Grand Finale","Glass Knife"],"picked":"Storm of Steel"},{"not_picked":["Calculated Gamble","Acrobatics"],"picked":"Cloak And Dagger"},{"not_picked":["Bouncing Flask","Prepared"],"picked":"Terror"},{"not_picked":["Underhanded Strike","Prepared"],"picked":"Blur"},{"not_picked":["Malaise","Bane"],"picked":"Quick Slash"},{"not_picked":["Prepared","Distraction"],"picked":"Choke"},{"not_picked":["Distraction","Sucker Punch","Bouncing Flask"],"picked":"Dodge and Roll"},{"not_picked":["Quick Slash","Slice","Bane"],"picked":"Escape Plan"},{"not_picked":["Dagger Spray","Eviscerate","Sucker Punch"],"picked":"Leg Sweep"},{"not_picked":["Flying Knee","Expertise","Riddle With Holes"],"picked":"Malaise"}],"player_experience":189233,"potions_floor_usage":[],"damage_taken":[{"damage":2.0,"enemies":"Cultist","floor":1.0,"turns":4.0},{"damage":0.0,"enemies":"2 Louse","floor":2.0,"turns":4.0},{"damage":4.0,"enemies":"Jaw Worm","floor":4.0,"turns":5.0},{"damage":5.0,"enemies":"Lagavulin","floor":6.0,"turns":5.0},{"damage":1.0,"enemies":"2 Fungi Beasts","floor":8.0,"turns":3.0},{"damage":3.0,"enemies":"3 Sentries","floor":14.0,"turns":5.0},{"damage":46.0,"enemies":"The Guardian","floor":16.0,"turns":13.0},{"damage":15.0,"enemies":"Chosen","floor":18.0,"turns":5.0},{"damage":4.0,"enemies":"2 Thieves","floor":20.0,"turns":4.0},{"damage":3.0,"enemies":"Cultist and Chosen","floor":22.0,"turns":5.0},{"damage":9.0,"enemies":"Book of Stabbing","floor":24.0,"turns":4.0},{"damage":23.0,"enemies":"Slaver and Parasite","floor":25.0,"turns":5.0},{"damage":9.0,"enemies":"Slavers","floor":28.0,"turns":3.0},{"damage":12.0,"enemies":"Snake Plant","floor":29.0,"turns":4.0},{"damage":10.0,"enemies":"Champ","floor":33.0,"turns":9.0},{"damage":19.0,"enemies":"3 Darklings","floor":35.0,"turns":3.0},{"damage":11.0,"enemies":"3 Shapes","floor":37.0,"turns":4.0},{"damage":20.0,"enemies":"Maw","floor":42.0,"turns":6.0},{"damage":13.0,"enemies":"4 Shapes","floor":44.0,"turns":5.0},{"damage":20.0,"enemies":"Sphere and 2 Shapes","floor":47.0,"turns":6.0},{"damage":23.0,"enemies":"3 Darklings","floor":48.0,"turns":6.0},{"damage":27,"enemies":"Time Eater","floor":50,"turns":11}],"event_choices":[{"event_name":"Golden Wing","player_choice":"Card Removal","floor":3.0,"damage_taken":0.0},{"event_name":"The Lab","player_choice":"Got Potions","floor":10.0,"damage_taken":0.0},{"event_name":"Big Fish","player_choice":"Box","floor":12.0,"damage_taken":0.0},{"event_name":"Addict","player_choice":"Ignored","floor":21.0,"damage_taken":0.0},{"event_name":"Tomb of Lord Red Mask","player_choice":"Paid","floor":36.0,"damage_taken":0.0},{"event_name":"Winding Halls","player_choice":"Writhe","floor":38.0,"damage_taken":0.0}],"boss_relics":[],"potions_floor_spawned":[4,6,14,20,22,33,37,44],"seed_played":"-126947108084080029","killed_by":"Time Eater","ascension_level":5,"is_trial":false}