{"path_per_floor":["M","M","?","M","$","M","R","E","T","?","R","E","M","M","R"],"character_chosen":"THE_SILENT","items_purchased":["Quick Slash"],"gold_per_floor":[118,129,129,148,123,143,143,171,194,194,194,228,242,253,253],"floor_reached":16,"campfire_rested":3,"playtime":1679,"current_hp_per_floor":[70,65,65,63,63,49,70,28,28,21,42,20,13,8,29],"items_purged":[],"gold":253,"score":112,"play_id":"d62b07a6-2478-4e0d-9198-f1fd31dae7b4","is_prod":false,"is_daily":false,"is_ascension_mode":false,"campfire_upgraded":0,"path_taken":["M","M","?","?","$","M","R","E","T","?","R","E","?","M","R","BOSS"],"build_version":"2018-02-15-PROD1","purchased_purges":0,"victory":false,"master_deck":["Defend_G","Defend_G","Defend_G","Defend_G","Defend_G","Strike_G","Strike_G","Strike_G","Strike_G","Strike_G","Survivor","Neutralize","Endless Agony","Deadly Poison","Caltrops","Quick Slash","Terror","Footwork","Underhanded Strike","Phantasmal Killer","Outmaneuver"],"max_hp_per_floor":[70,70,70,70,70,70,70,70,70,70,70,70,70,70,70],"relics":["Question Card","Lantern","Bag of Marbles","Blood Vial","Frozen Eye"],"card_choices":[{"not_picked":["Sucker Punch","Quick Slash","Backflip"],"picked":"Endless Agony"},{"not_picked":["Backflip","PiercingWail","Outmaneuver"],"picked":"Deadly Poison"},{"not_picked":["Envenom","Flying Knee","Reflex"],"picked":"Caltrops"},{"not_picked":["Quick Slash","Dagger Throw","Underhanded Strike"],"picked":"Terror"},{"not_picked":["Malaise","Bane","Deadly Poison"],"picked":"Footwork"},{"not_picked":["Footwork","Acrobatics","Dagger Throw"],"picked":"Underhanded Strike"},{"not_picked":["Deadly Poison","Expertise","Slice"],"picked":"Phantasmal Killer"},{"not_picked":["Prepared","Flying Knee","Eviscerate"],"picked":"Outmaneuver"}],"player_experience":102230,"potions_floor_usage":[8,12,16,16],"damage_taken":[{"damage":0,"enemies":"2 Louse","floor":1,"turns":2},{"damage":5,"enemies":"Small Slimes","floor":2,"turns":3},{"damage":2,"enemies":"Jaw Worm","floor":4,"turns":5},{"damage":14,"enemies":"Lots of Slimes","floor":6,"turns":5},{"damage":42,"enemies":"Lagavulin","floor":8,"turns":6},{"damage":24,"enemies":"3 Sentries","floor":12,"turns":7},{"damage":9,"enemies":"3 Louse","floor":13,"turns":2},{"damage":7,"enemies":"Blue Slaver","floor":14,"turns":3},{"damage":32,"enemies":"The Guardian","floor":16,"turns":6}],"event_choices":[{"event_name":"The Cleric","player_choice":"Leave","floor":3,"damage_taken":0},{"event_name":"Scrap Ooze","player_choice":"success","floor":10,"damage_taken":7}],"boss_relics":[],"potions_floor_spawned":[2,8,12,13],"seed_played":"-12605039513767560","killed_by":"The Guardian","ascension_level":0,"is_trial":false}