{"gold_per_floor":[362,372,387,387,74,74,105,105,105,125,141,56,82,97,97,175,175,194,229,248,258,258,258,289,301,348,30,61,61,74,94,94,165,165,180,180,191,202,182,210,227,261,311,330,330],"floor_reached":45,"playtime":2203,"items_purged":["Strike_R"],"score":1022,"play_id":"fb36180b-0184-48d7-80bd-ddd57721dcda","local_time":"20180831003223","is_ascension_mode":true,"campfire_choices":[{"data":"Uppercut","floor":6,"key":"SMITH"},{"data":"Flex","floor":8,"key":"SMITH"},{"data":"True Grit","floor":15,"key":"SMITH"},{"data":"Whirlwind","floor":23,"key":"SMITH"},{"data":"Heavy Blade","floor":29,"key":"SMITH"},{"data":"Disarm","floor":32,"key":"SMITH"}],"neow_cost":"TEN_PERCENT_HP_LOSS","seed_source_timestamp":526369062264121,"circlet_count":0,"master_deck":["Bash","AscendersBane","Iron Wave+1","Flex+1","Shrug It Off","Uppercut+1","Anger","Brutality","Whirlwind+1","Headbutt","True Grit+1","Double Tap","Heavy Blade+1","Inflame+1","Writhe","Mayhem","Thunderclap+1","Spot Weakness","Disarm+1","Exhume","Warcry","Inflame","Shrug It Off","Combust","Flex","Power Through","Perfected Strike","Battle Trance","Flame Barrier","Iron Wave","Flame Barrier+1","Feel No Pain"],"relics":["Burning Blood","ClockworkSouvenir","Torii","Bottled Flame","Centennial Puzzle","Busted Crown","Red Mask","Bag of Preparation","Boot","Orichalcum","Question Card","Pandora\u0027s Box","Omamori","Blood Vial","Regal Pillow"],"potions_floor_usage":[13,13,16,24,40,41,42],"damage_taken":[{"damage":11,"enemies":"2 Louse","floor":1,"turns":3},{"damage":1,"enemies":"Cultist","floor":2,"turns":4},{"damage":2,"enemies":"Jaw Worm","floor":3,"turns":3},{"damage":22,"enemies":"3 Sentries","floor":7,"turns":7},{"damage":19,"enemies":"Exordium Wildlife","floor":10,"turns":4},{"damage":13,"enemies":"Lots of Slimes","floor":11,"turns":4},{"damage":9,"enemies":"Gremlin Nob","floor":13,"turns":4},{"damage":1,"enemies":"Looter","floor":14,"turns":2},{"damage":22,"enemies":"The Guardian","floor":16,"turns":10},{"damage":7,"enemies":"2 Thieves","floor":18,"turns":4},{"damage":19,"enemies":"Masked Bandits","floor":19,"turns":4},{"damage":17,"enemies":"3 Byrds","floor":20,"turns":4},{"damage":7,"enemies":"3 Cultists","floor":21,"turns":3},{"damage":8,"enemies":"Slavers","floor":24,"turns":3},{"damage":2,"enemies":"Snecko","floor":25,"turns":3},{"damage":6,"enemies":"Gremlin Leader","floor":28,"turns":6},{"damage":1,"enemies":"Snake Plant","floor":30,"turns":2},{"damage":9,"enemies":"Sentry and Sphere","floor":31,"turns":3},{"damage":18,"enemies":"Champ","floor":33,"turns":7},{"damage":4,"enemies":"3 Shapes","floor":35,"turns":4},{"damage":1,"enemies":"3 Darklings","floor":37,"turns":2},{"damage":2,"enemies":"Reptomancer","floor":38,"turns":3},{"damage":14,"enemies":"2 Orb Walkers","floor":40,"turns":5},{"damage":42,"enemies":"4 Shapes","floor":41,"turns":3},{"damage":48,"enemies":"Nemesis","floor":42,"turns":7},{"damage":2,"enemies":"Spire Growth","floor":44,"turns":5},{"damage":44,"enemies":"Maw","floor":45,"turns":6}],"seed_played":"5026749545788841545","potions_obtained":[{"floor":2,"key":"EssenceOfSteel"},{"floor":10,"key":"EntropicBrew"},{"floor":19,"key":"Energy Potion"},{"floor":28,"key":"GamblersBrew"},{"floor":39,"key":"Weak Potion"},{"floor":40,"key":"Regen Potion"},{"floor":41,"key":"Regen Potion"}],"is_trial":false,"path_per_floor":["M","M","M","?","$","R","E","R","T","M","M","$","E","M","R","B",null,"M","?","M","M","?","R","E","M","T","$","E","R","M","M","R","B",null,"M","?","M","M","?","E","M","E","T","M"],"character_chosen":"IRONCLAD","items_purchased":["ClockworkSouvenir","Uppercut","Whirlwind","Mayhem"],"campfire_rested":0,"item_purchase_floors":[5,5,12,27],"current_hp_per_floor":[63,68,68,68,68,68,52,52,52,39,32,32,29,34,34,18,56,55,42,31,30,30,30,28,32,32,32,32,32,37,34,34,22,57,59,59,64,68,68,60,33,12,12,18,0],"gold":330,"neow_bonus":"TWO_FIFTY_GOLD","is_prod":false,"is_daily":false,"chose_seed":false,"campfire_upgraded":6,"win_rate":0,"timestamp":1535689943,"path_taken":["M","M","M","?","$","R","E","R","T","M","M","$","E","M","R","BOSS","M","?","M","M","?","R","E","M","T","$","E","R","?","M","R","BOSS","M","?","?","M","?","E","?","E","T","M","M"],"build_version":"2018-08-30","purchased_purges":1,"victory":false,"max_hp_per_floor":[68,68,68,68,68,68,68,68,68,68,68,68,68,68,68,68,68,68,68,68,68,68,68,68,68,68,68,68,68,68,68,68,68,68,68,68,68,68,68,68,68,68,68,68,68],"card_choices":[{"not_picked":["Sword Boomerang","Clash"],"picked":"Iron Wave","floor":1},{"not_picked":["Reckless Charge","Carnage"],"picked":"Flex","floor":2},{"not_picked":["Havoc","Dual Wield"],"picked":"Shrug It Off","floor":3},{"not_picked":["Exhume","Warcry","Hemokinesis"],"picked":"SKIP","floor":7},{"not_picked":["Exhume","Warcry","Hemokinesis"],"picked":"SKIP","floor":7},{"not_picked":["Flex","Clash"],"picked":"Anger","floor":10},{"not_picked":["Second Wind","Power Through"],"picked":"Brutality","floor":11},{"not_picked":["Havoc","Shockwave"],"picked":"Headbutt","floor":13},{"not_picked":["Flex","Headbutt"],"picked":"True Grit","floor":14},{"not_picked":["Offering","Barricade"],"picked":"Double Tap","floor":16},{"not_picked":[],"picked":"Heavy Blade","floor":18},{"not_picked":[],"picked":"Inflame+1","floor":20},{"not_picked":["True Grit"],"picked":"SKIP","floor":21},{"not_picked":["Evolve"],"picked":"SKIP","floor":24},{"not_picked":["Uppercut"],"picked":"SKIP","floor":25},{"not_picked":[],"picked":"Thunderclap+1","floor":28},{"not_picked":["Sword Boomerang"],"picked":"Spot Weakness","floor":30},{"not_picked":["Thunderclap"],"picked":"Disarm","floor":31},{"not_picked":["Demon Form"],"picked":"Exhume","floor":33},{"not_picked":["Sever Soul","Carnage+1"],"picked":"SKIP","floor":35},{"not_picked":["Thunderclap+1"],"picked":"Battle Trance","floor":37},{"not_picked":["Uppercut"],"picked":"Flame Barrier","floor":38},{"not_picked":["Clothesline"],"picked":"Iron Wave","floor":40},{"not_picked":["Burning Pact"],"picked":"Flame Barrier+1","floor":41},{"not_picked":["Warcry+1"],"picked":"Feel No Pain","floor":42},{"not_picked":["Anger+1","Perfected Strike"],"picked":"SKIP","floor":44}],"player_experience":636100,"relics_obtained":[{"floor":7,"key":"Torii"},{"floor":9,"key":"Bottled Flame"},{"floor":13,"key":"Centennial Puzzle"},{"floor":19,"key":"Red Mask"},{"floor":24,"key":"Boot"},{"floor":26,"key":"Orichalcum"},{"floor":28,"key":"Question Card"},{"floor":40,"key":"Omamori"},{"floor":42,"key":"Blood Vial"},{"floor":43,"key":"Regal Pillow"}],"event_choices":[{"event_name":"Upgrade Shrine","player_choice":"Upgraded","floor":4,"damage_taken":0},{"event_name":"Masked Bandits","player_choice":"Fought Bandits","floor":19,"damage_taken":0},{"event_name":"The Mausoleum","player_choice":"Yes","floor":22,"damage_taken":0},{"event_name":"Falling","player_choice":"Removed Skill","floor":36,"damage_taken":0},{"event_name":"The Woman in Blue","player_choice":"Bought 1 Potion","floor":39,"damage_taken":0}],"is_beta":false,"boss_relics":[{"not_picked":["Runic Cube","Tiny House"],"picked":"Busted Crown"},{"not_picked":["Lizard Tail","Runic Pyramid"],"picked":"Pandora\u0027s Box"}],"items_purged_floors":[27],"is_endless":false,"potions_floor_spawned":[2,10,11,14,19,21,28,33,38,40,41],"killed_by":"Maw","ascension_level":16}