{"gold_per_floor":[109,23,38,50,50,84,109,109,132,132,194,194,174,205,205,277,277,294,294,294,294,310,336,197,230,230,230,241,241,87,103,103,180,180,191,205,105,118,118,118,134,134,134,134,134,134,152,183,183,183],"floor_reached":51,"playtime":2112,"items_purged":["Decay","Writhe"],"score":1288,"play_id":"ad303820-fa4e-40d1-865c-079547b76784","local_time":"20190419222753","is_ascension_mode":true,"campfire_choices":[{"floor":8.0,"key":"REST"},{"data":"Caltrops","floor":12.0,"key":"SMITH"},{"data":"Cloak And Dagger","floor":15.0,"key":"SMITH"},{"floor":29.0,"key":"REST"},{"floor":32.0,"key":"REST"},{"floor":40,"key":"REST"},{"floor":42,"key":"REST"},{"floor":45,"key":"REST"},{"floor":49,"key":"REST"}],"neow_cost":"NONE","seed_source_timestamp":383267838098414,"circlet_count":0,"master_deck":["AscendersBane","Defend_G+1","Defend_G+1","Defend_G+1","Defend_G+1","Defend_G+1","Strike_G+1","Strike_G+1","Strike_G+1","Strike_G+1","Strike_G+1","Survivor","Neutralize","Dash","Cloak And Dagger+1","Deadly Poison","Caltrops+1","Leg Sweep","PiercingWail","Envenom","Dash","Footwork","Escape Plan","Dagger Throw+1","Necronomicurse","Catalyst","Die Die Die+1","Well Laid Plans+1","Dagger Spray+1","Crippling Poison","Doubt","Noxious Fumes","Poisoned Stab+1"],"special_seed":0,"relics":["Ring of the Snake","NeowsBlessing","Snake Skull","Odd Mushroom","Juzu Bracelet","Pocketwatch","Cursed Key","Bag of Marbles","Anchor","Molten Egg 2","Oddly Smooth Stone","Matryoshka","Necronomicon","Fusion Hammer","Centennial Puzzle","Lantern","Vajra"],"potions_floor_usage":[35,47,50,50],"damage_taken":[{"damage":0.0,"enemies":"Cultist","floor":1.0,"turns":1.0},{"damage":0.0,"enemies":"Small Slimes","floor":3.0,"turns":1.0},{"damage":0.0,"enemies":"2 Louse","floor":4.0,"turns":1.0},{"damage":12.0,"enemies":"3 Sentries","floor":6.0,"turns":12.0},{"damage":14.0,"enemies":"The Mushroom Lair","floor":7.0,"turns":5.0},{"damage":22.0,"enemies":"Gremlin Nob","floor":14.0,"turns":6.0},{"damage":29.0,"enemies":"The Guardian","floor":16.0,"turns":11.0},{"damage":5.0,"enemies":"Shell Parasite","floor":18.0,"turns":7.0},{"damage":0.0,"enemies":"Spheric Guardian","floor":22.0,"turns":4.0},{"damage":5.0,"enemies":"Slavers","floor":23.0,"turns":9.0},{"damage":10.0,"enemies":"Gremlin Leader","floor":25.0,"turns":11.0},{"damage":0.0,"enemies":"Snake Plant","floor":28.0,"turns":3.0},{"damage":0.0,"enemies":"Snecko","floor":31.0,"turns":6.0},{"damage":10.0,"enemies":"Automaton","floor":33.0,"turns":14.0},{"damage":0,"enemies":"3 Darklings","floor":35,"turns":4},{"damage":2,"enemies":"Orb Walker","floor":36,"turns":3},{"damage":0,"enemies":"Maw","floor":38,"turns":7},{"damage":34,"enemies":"Jaw Worm Horde","floor":41,"turns":5},{"damage":8,"enemies":"3 Darklings","floor":47,"turns":6},{"damage":15,"enemies":"Nemesis","floor":48,"turns":7},{"damage":52,"enemies":"Donu and Deca","floor":50,"turns":9}],"seed_played":"-3284630665446644695","potions_obtained":[{"floor":1.0,"key":"EssenceOfSteel"},{"floor":6.0,"key":"Explosive Potion"},{"floor":7.0,"key":"PowerPotion"},{"floor":13.0,"key":"FairyPotion"},{"floor":14.0,"key":"GamblersBrew"},{"floor":21.0,"key":"Fire Potion"},{"floor":21.0,"key":"Poison Potion"},{"floor":25.0,"key":"Weak Potion"},{"floor":31.0,"key":"FearPotion"},{"floor":33.0,"key":"SteroidPotion"},{"floor":36,"key":"Regen Potion"},{"floor":47,"key":"AttackPotion"}],"is_trial":false,"path_per_floor":["M","$","M","M","?","E","?","R","T","?","?","R","?","E","R","B",null,"M","?","?","?","M","E","?","E","T","?","M","R","$","M","R","B",null,"M","M","$","M","$","R","M","R","T","?","R","?","M","E","R","B",null],"character_chosen":"THE_SILENT","items_purchased":["Dash","Catalyst"],"campfire_rested":7,"item_purchase_floors":[2,30],"current_hp_per_floor":[59,59,59,59,64,52,38,59,59,59,59,59,59,37,37,8,55,50,50,50,50,50,45,45,35,35,14,14,35,35,35,56,46,65,65,63,63,63,63,71,37,58,58,58,67,67,59,44,64,26],"gold":183,"neow_bonus":"THREE_ENEMY_KILL","is_prod":false,"is_daily":false,"chose_seed":false,"campfire_upgraded":2,"win_rate":0,"timestamp":1555727273,"path_taken":["M","?","M","M","?","E","?","R","T","?","?","R","?","E","R","BOSS","M","?","?","?","M","E","?","E","T","?","M","R","$","M","R","BOSS","M","M","$","M","$","R","M","R","T","?","R","?","M","E","R","BOSS"],"build_version":"2019-01-23","purchased_purges":2,"victory":true,"max_hp_per_floor":[66,66,66,66,71,71,71,71,71,71,71,71,71,71,71,71,71,71,71,71,71,71,71,71,71,71,71,71,71,71,71,71,71,71,71,71,71,71,71,71,71,71,71,67,67,67,67,67,67,67],"card_choices":[{"not_picked":["Terror","Quick Slash","Reflex"],"picked":"SKIP","floor":1.0},{"not_picked":["Flying Knee","Underhanded Strike"],"picked":"Cloak And Dagger","floor":3.0},{"not_picked":["Dagger Spray","Sucker Punch"],"picked":"Deadly Poison","floor":4.0},{"not_picked":["Acrobatics","Eviscerate"],"picked":"Caltrops","floor":6.0},{"not_picked":["PiercingWail","Bane"],"picked":"Leg Sweep","floor":7.0},{"not_picked":["Underhanded Strike","Prepared"],"picked":"PiercingWail","floor":14.0},{"not_picked":["Night Terror","Bullet Time"],"picked":"Envenom","floor":16.0},{"not_picked":["Flying Knee","All Out Attack+1"],"picked":"Dash","floor":18.0},{"not_picked":["Acrobatics","Poisoned Stab"],"picked":"Footwork","floor":22.0},{"not_picked":["Cloak And Dagger","Masterful Stab+1"],"picked":"Escape Plan","floor":23.0},{"not_picked":["Outmaneuver","Storm of Steel"],"picked":"Dagger Throw+1","floor":25.0},{"not_picked":["Outmaneuver","Sucker Punch+1","Masterful Stab+1"],"picked":"SKIP","floor":28.0},{"not_picked":["Sucker Punch+1","All Out Attack+1","Dagger Throw+1"],"picked":"SKIP","floor":31.0},{"not_picked":["Venomology","Bullet Time"],"picked":"Die Die Die+1","floor":33.0},{"not_picked":["Outmaneuver","Dodge and Roll"],"picked":"Well Laid Plans+1","floor":35},{"not_picked":["Blade Dance","Outmaneuver+1","Infinite Blades+1"],"picked":"SKIP","floor":36},{"not_picked":["Dagger Throw+1","Leg Sweep"],"picked":"Dagger Spray+1","floor":38},{"not_picked":["Accuracy","Concentrate"],"picked":"Crippling Poison","floor":41},{"not_picked":["Distraction","Sucker Punch+1"],"picked":"Noxious Fumes","floor":47},{"not_picked":["Acrobatics","Prepared"],"picked":"Poisoned Stab+1","floor":48}],"player_experience":495951,"relics_obtained":[{"floor":6.0,"key":"Snake Skull"},{"floor":7.0,"key":"Odd Mushroom"},{"floor":9.0,"key":"Juzu Bracelet"},{"floor":14.0,"key":"Pocketwatch"},{"floor":23.0,"key":"Anchor"},{"floor":25.0,"key":"Oddly Smooth Stone"},{"floor":26.0,"key":"Matryoshka"},{"floor":27.0,"key":"Necronomicon"},{"floor":43,"key":"Centennial Puzzle"},{"floor":43,"key":"Lantern"},{"floor":48,"key":"Vajra"}],"event_choices":[{"damage_healed":0.0,"max_hp_gain":5.0,"max_hp_loss":0.0,"gold_gain":0.0,"event_name":"Big Fish","player_choice":"Donut","floor":5.0,"gold_loss":0.0,"damage_taken":0.0},{"damage_healed":0.0,"max_hp_gain":0.0,"max_hp_loss":0.0,"gold_gain":0.0,"event_name":"Mushrooms","player_choice":"Fought Mushrooms","floor":7.0,"gold_loss":0.0,"damage_taken":0.0},{"damage_healed":0.0,"max_hp_gain":0.0,"max_hp_loss":0.0,"gold_gain":0.0,"event_name":"Liars Game","player_choice":"Ignored","floor":10.0,"gold_loss":0.0,"damage_taken":0.0},{"damage_healed":0.0,"max_hp_gain":0.0,"max_hp_loss":0.0,"gold_gain":62.0,"event_name":"Golden Wing","player_choice":"Gained Gold","floor":11.0,"gold_loss":0.0,"damage_taken":0.0},{"damage_healed":0.0,"max_hp_gain":0.0,"max_hp_loss":0.0,"gold_gain":0.0,"event_name":"The Woman in Blue","player_choice":"Bought 1 Potion","floor":13.0,"gold_loss":0.0,"damage_taken":0.0},{"damage_healed":0.0,"max_hp_gain":0.0,"max_hp_loss":0.0,"gold_gain":0.0,"event_name":"Back to Basics","player_choice":"Simplicity","floor":19.0,"gold_loss":0.0,"damage_taken":0.0,"cards_upgraded":["Defend_G","Defend_G","Defend_G","Defend_G","Defend_G","Strike_G","Strike_G","Strike_G","Strike_G","Strike_G"]},{"damage_healed":0.0,"max_hp_gain":0.0,"max_hp_loss":0.0,"gold_gain":0.0,"event_name":"The Mausoleum","player_choice":"Opened","floor":20.0,"gold_loss":0.0,"damage_taken":0.0,"relics_obtained":["Bag of Marbles"],"cards_obtained":["Writhe"]},{"damage_healed":0.0,"max_hp_gain":0.0,"max_hp_loss":0.0,"gold_gain":0.0,"event_name":"Lab","player_choice":"Got Potions","floor":21.0,"gold_loss":0.0,"damage_taken":0.0},{"damage_healed":0.0,"max_hp_gain":0.0,"max_hp_loss":0.0,"gold_gain":0.0,"event_name":"WeMeetAgain","player_choice":"Paid Gold","floor":24.0,"gold_loss":139.0,"damage_taken":0.0,"relics_obtained":["Molten Egg 2"]},{"damage_healed":0.0,"max_hp_gain":0.0,"max_hp_loss":0.0,"gold_gain":0.0,"event_name":"Cursed Tome","player_choice":"Obtained Book","floor":27.0,"gold_loss":0.0,"damage_taken":21.0},{"damage_healed":0,"gold_gain":0,"player_choice":"Max HP","damage_taken":0,"max_hp_gain":0,"max_hp_loss":4,"event_name":"Winding Halls","floor":44,"gold_loss":0},{"damage_healed":0,"gold_gain":0,"player_choice":"Ignored","damage_taken":0,"max_hp_gain":0,"max_hp_loss":0,"event_name":"Mysterious Sphere","floor":46,"gold_loss":0}],"is_beta":false,"boss_relics":[{"not_picked":["Eternal Feather","Busted Crown"],"picked":"Cursed Key"},{"not_picked":["Runic Dome","Black Star"],"picked":"Fusion Hammer"}],"items_purged_floors":[30,37],"is_endless":false,"potions_floor_spawned":[1,6,7,14,25,31,33,36,41,47],"ascension_level":17}