{"path_per_floor":["M","M","M","?","?","E","$","M","T","E","M","M","?","M","R","B",null,"M","M","?","M","$","E","?","?","T","R"],"character_chosen":"IRONCLAD","items_purchased":["Inflame"],"gold_per_floor":[117,135,148,148,148,176,101,114,114,149,169,188,188,206,206,302,302,319,332,332,345,169,195,195,120,120,120],"floor_reached":28,"campfire_rested":0,"playtime":2156,"current_hp_per_floor":[72,72,72,65,58,39,39,41,41,17,32,41,41,53,53,40,86,89,76,76,76,76,67,67,67,67,67],"items_purged":["Strike_R","Strike_R"],"gold":120,"score":313,"play_id":"0a4d1921-6345-4a23-8f08-800e5c3d9e3d","is_prod":false,"is_daily":false,"is_ascension_mode":true,"campfire_upgraded":2,"path_taken":["M","M","M","?","?","E","?","?","T","E","M","M","?","?","R","BOSS","M","M","?","?","$","E","?","?","T","R","E"],"build_version":"2018-02-08-PROD1","purchased_purges":2,"victory":false,"master_deck":["Defend_R","Defend_R","Defend_R","Bash","Armaments+1","Rupture","Cleave","Shrug It Off","Feed","Shrug It Off","Iron Wave","Heavy Blade","Offering","Inflame+1","Metallicize","Writhe"],"max_hp_per_floor":[72,72,72,72,72,72,72,72,72,72,76,79,79,82,82,86,86,89,92,92,96,96,99,99,99,99,99],"relics":["Burning Blood","Ice Cream","Frozen Eye","Bottled Flame","Du-Vu Doll","Magic Flower","Cursed Key","Singing Bowl","Omamori","The Courier"],"card_choices":[{"not_picked":["Headbutt","Wild Strike"],"picked":"Armaments"},{"not_picked":["Rampage","Burning Pact"],"picked":"Rupture"},{"not_picked":["Battle Trance","Disarm"],"picked":"Cleave"},{"not_picked":["Impervious","Pummel"],"picked":"Shrug It Off"},{"not_picked":["Sword Boomerang","Hemokinesis"],"picked":"Feed"},{"not_picked":["Cleave","Pummel"],"picked":"Shrug It Off"},{"not_picked":["Cleave","Anger"],"picked":"Iron Wave"},{"not_picked":["Body Slam","Cleave"],"picked":"Heavy Blade"},{"not_picked":["Reaper","Fiend Fire"],"picked":"Offering"},{"not_picked":["Feel No Pain","Warcry"],"picked":"Metallicize"}],"player_experience":137526,"potions_floor_usage":[10,10,16,18,23],"damage_taken":[{"damage":0,"enemies":"Small Slimes","floor":1,"turns":3},{"damage":4,"enemies":"Jaw Worm","floor":2,"turns":4},{"damage":1,"enemies":"Cultist","floor":3,"turns":3},{"damage":25,"enemies":"3 Sentries","floor":6,"turns":6},{"damage":4,"enemies":"3 Louse","floor":8,"turns":3},{"damage":30,"enemies":"Lagavulin","floor":10,"turns":8},{"damage":0,"enemies":"2 Fungi Beasts","floor":11,"turns":4},{"damage":5,"enemies":"Large Slime","floor":12,"turns":7},{"damage":2,"enemies":"Exordium Wildlife","floor":14,"turns":5},{"damage":28,"enemies":"Slime Boss","floor":16,"turns":14},{"damage":5,"enemies":"Chosen","floor":18,"turns":5},{"damage":27,"enemies":"2 Thieves","floor":19,"turns":4},{"damage":15,"enemies":"Centurion and Healer","floor":21,"turns":7},{"damage":23,"enemies":"Slavers","floor":23,"turns":6},{"damage":72,"enemies":"Book of Stabbing","floor":28,"turns":7}],"event_choices":[{"event_name":"Scrap Ooze","player_choice":"success","floor":4,"damage_taken":7},{"event_name":"Golden Wing","player_choice":"Card Removal","floor":5,"damage_taken":0},{"event_name":"Purifier","player_choice":"One Purge","floor":13,"damage_taken":0},{"event_name":"Back to Basics","player_choice":"Elegance","floor":20,"damage_taken":0},{"event_name":"The Mausoleum","player_choice":"Yes","floor":24,"damage_taken":0},{"event_name":"Beggar","player_choice":"Gave Gold","floor":25,"damage_taken":0}],"boss_relics":[{"not_picked":["Velvet Choker","Runic Pyramid"],"picked":"Cursed Key"}],"potions_floor_spawned":[6,8,10,12,18],"seed_played":"8975006813832213549","killed_by":"Book of Stabbing","ascension_level":3,"is_trial":false}