{"gold_per_floor":[115,130,130,150,170,203,203,203,229,259,259,273,273,283,283,386,386,399,418,418,498,498,498,518,851,851,868,85,102,134,151,151,249,249,265,78,97,111,211,211,63,63,63,63,87,100,120,131,131,131],"floor_reached":50,"playtime":3190,"items_purged":[],"score":571,"play_id":"11971b63-f5fc-490d-b077-e491f584fbda","local_time":"20190115171418","is_ascension_mode":false,"campfire_choices":[{"data":"A Thousand Cuts","floor":11,"key":"SMITH"},{"floor":13,"key":"REST"},{"data":"Terror","floor":15,"key":"SMITH"},{"floor":23,"key":"REST"},{"floor":32,"key":"REST"},{"floor":40,"key":"REST"},{"floor":44,"key":"REST"},{"floor":49,"key":"REST"}],"neow_cost":"NONE","seed_source_timestamp":513604078875771,"circlet_count":0,"master_deck":["Defend_G","Defend_G","Defend_G","Defend_G","Strike_G","Strike_G","Strike_G","Strike_G","Strike_G","Survivor","Neutralize","Dodge and Roll","Backflip","A Thousand Cuts+1","Deflect","Poisoned Stab","Wraith Form v2","Poisoned Stab","Terror+1","Dodge and Roll","PiercingWail","RitualDagger","Quick Slash+1","Catalyst","Deflect+1","Mayhem+1","Finesse","Escape Plan","Envenom+1","Dash+1","Storm of Steel","Choke+1","Glass Knife+1","Backstab","Sadistic Nature+1","Blur+1","Caltrops+1","Noxious Fumes+1","Sucker Punch+1","Outmaneuver+1","Poisoned Stab+1"],"relics":["Ring of the Snake","Snake Skull","Omamori","Regal Pillow","Sundial","Fusion Hammer","Frozen Egg 2","Old Coin","Pear","Lee\u0027s Waffle","Turnip","Pantograph","Astrolabe","Thread and Needle","Bag of Marbles","Ninja Scroll","Oddly Smooth Stone"],"potions_floor_usage":[6,6,25,31,33,37,46,46,50,50],"damage_taken":[{"damage":1,"enemies":"2 Louse","floor":1,"turns":3},{"damage":0,"enemies":"Cultist","floor":2,"turns":5},{"damage":1,"enemies":"Jaw Worm","floor":4,"turns":8},{"damage":1,"enemies":"2 Fungi Beasts","floor":5,"turns":5},{"damage":14,"enemies":"Gremlin Nob","floor":6,"turns":6},{"damage":24,"enemies":"Lagavulin","floor":10,"turns":9},{"damage":22,"enemies":"Large Slime","floor":12,"turns":8},{"damage":1,"enemies":"Looter","floor":14,"turns":3},{"damage":41,"enemies":"The Guardian","floor":16,"turns":14},{"damage":9,"enemies":"3 Byrds","floor":18,"turns":4},{"damage":7,"enemies":"Chosen","floor":19,"turns":6},{"damage":26,"enemies":"Snake Plant","floor":24,"turns":4},{"damage":36,"enemies":"Book of Stabbing","floor":25,"turns":7},{"damage":10,"enemies":"Snecko","floor":27,"turns":4},{"damage":8,"enemies":"Centurion and Healer","floor":29,"turns":5},{"damage":28,"enemies":"Gremlin Leader","floor":30,"turns":6},{"damage":11,"enemies":"3 Cultists","floor":31,"turns":6},{"damage":64,"enemies":"Champ","floor":33,"turns":11},{"damage":2,"enemies":"3 Shapes","floor":35,"turns":3},{"damage":2,"enemies":"Orb Walker","floor":37,"turns":3},{"damage":35,"enemies":"3 Darklings","floor":38,"turns":5},{"damage":6,"enemies":"Mind Bloom Boss Battle","floor":39,"turns":6},{"damage":22,"enemies":"Transient","floor":46,"turns":5},{"damage":0,"enemies":"4 Shapes","floor":47,"turns":4},{"damage":10,"enemies":"Spire Growth","floor":48,"turns":5},{"damage":95,"enemies":"Awakened One","floor":50,"turns":8}],"seed_played":"-4862163356073958372","potions_obtained":[{"floor":1,"key":"PowerPotion"},{"floor":4,"key":"Poison Potion"},{"floor":12,"key":"GhostInAJar"},{"floor":14,"key":"Dexterity Potion"},{"floor":25,"key":"Explosive Potion"},{"floor":30,"key":"SkillPotion"},{"floor":31,"key":"Fire Potion"},{"floor":37,"key":"SteroidPotion"},{"floor":38,"key":"SkillPotion"},{"floor":46,"key":"Ancient Potion"}],"is_trial":false,"path_per_floor":["M","M","?","M","M","E","?","?","T","E","R","M","R","M","R","B",null,"M","M","?","T","?","R","M","E","T","M","$","M","E","M","R","B",null,"M","$","M","M","?","R","$","?","T","R","T","M","M","M","R","B"],"character_chosen":"THE_SILENT","items_purchased":["Mayhem+1","Lee\u0027s Waffle","Turnip","Finesse","Sadistic Nature+1","Bag of Marbles"],"campfire_rested":6,"item_purchase_floors":[28,28,28,28,36,41],"current_hp_per_floor":[69,69,80,79,78,64,80,80,80,56,56,34,73,72,72,31,80,71,64,64,64,58,80,54,18,28,18,97,89,61,50,94,33,94,92,92,90,55,74,94,94,94,94,94,94,72,72,62,94,0],"gold":131,"neow_bonus":"ONE_RANDOM_RARE_CARD","is_prod":false,"is_daily":false,"chose_seed":false,"campfire_upgraded":2,"win_rate":0.0,"timestamp":1547590458,"path_taken":["M","M","?","M","?","E","?","?","T","E","R","M","R","M","R","BOSS","M","M","?","?","?","R","M","E","T","M","$","M","E","M","R","BOSS","M","$","M","M","?","R","$","?","T","R","?","M","?","M","R","BOSS"],"build_version":"2019-01-10","purchased_purges":0,"victory":false,"max_hp_per_floor":[70,70,80,80,80,80,80,80,80,80,80,80,80,80,80,80,80,80,80,80,80,80,80,80,80,90,90,97,97,97,97,97,97,94,94,94,94,94,94,94,94,94,94,94,94,94,94,94,94,94],"card_choices":[{"not_picked":["Catalyst","Flying Knee"],"picked":"Dodge and Roll","floor":1},{"not_picked":["PiercingWail","Acrobatics"],"picked":"Backflip","floor":2},{"not_picked":["Bane","Poisoned Stab"],"picked":"A Thousand Cuts","floor":4},{"not_picked":["Backflip","Tactician"],"picked":"Deflect","floor":5},{"not_picked":["Dodge and Roll","Blade Dance"],"picked":"Poisoned Stab","floor":6},{"not_picked":["Masterful Stab","Deflect"],"picked":"Wraith Form v2","floor":10},{"not_picked":["Escape Plan","Blade Dance"],"picked":"Poisoned Stab","floor":12},{"not_picked":["Quick Slash","Dagger Spray"],"picked":"Terror","floor":14},{"not_picked":["Die Die Die","Envenom"],"picked":"Bullet Time","floor":16},{"not_picked":["Slice","Underhanded Strike"],"picked":"Dodge and Roll","floor":18},{"not_picked":["Outmaneuver+1","Acrobatics"],"picked":"PiercingWail","floor":19},{"not_picked":["Bouncing Flask+1","Dash"],"picked":"Quick Slash+1","floor":24},{"not_picked":["Burst","Outmaneuver"],"picked":"Catalyst","floor":25},{"not_picked":["Poisoned Stab","Distraction"],"picked":"Deflect+1","floor":27},{"not_picked":["Prepared+1","Dagger Throw+1"],"picked":"Escape Plan","floor":29},{"not_picked":["Expertise","Outmaneuver"],"picked":"Envenom+1","floor":30},{"not_picked":["Blade Dance","Prepared+1"],"picked":"Dash+1","floor":31},{"not_picked":["Adrenaline","Night Terror"],"picked":"Storm of Steel","floor":33},{"not_picked":["Blur+1","Well Laid Plans+1"],"picked":"Backstab","floor":35},{"not_picked":["Accuracy+1","Backflip+1"],"picked":"Blur+1","floor":37},{"not_picked":["PiercingWail+1","Calculated Gamble"],"picked":"Caltrops+1","floor":38},{"not_picked":["Poisoned Stab+1","Deflect"],"picked":"Noxious Fumes+1","floor":39},{"not_picked":["Flying Knee+1","Footwork+1"],"picked":"Sucker Punch+1","floor":46},{"not_picked":["Flying Knee","Dagger Throw"],"picked":"Outmaneuver+1","floor":47},{"not_picked":["Skewer","Predator"],"picked":"Poisoned Stab+1","floor":48}],"player_experience":68504,"relics_obtained":[{"floor":6,"key":"Snake Skull"},{"floor":9,"key":"Regal Pillow"},{"floor":10,"key":"Sundial"},{"floor":21,"key":"Frozen Egg 2"},{"floor":25,"key":"Old Coin"},{"floor":26,"key":"Pear"},{"floor":30,"key":"Pantograph"},{"floor":39,"key":"Thread and Needle"},{"floor":43,"key":"Ninja Scroll"},{"floor":45,"key":"Oddly Smooth Stone"}],"event_choices":[{"cards_removed":["Doppelganger"],"damage_healed":1,"gold_gain":0,"player_choice":"Offered Rare","damage_taken":0,"max_hp_gain":10,"max_hp_loss":0,"event_name":"Bonfire Elementals","floor":3,"gold_loss":0},{"damage_healed":20,"gold_gain":0,"player_choice":"Healed and dodged fight","damage_taken":0,"max_hp_gain":0,"max_hp_loss":0,"event_name":"Mushrooms","floor":7,"gold_loss":0,"cards_obtained":["Parasite"]},{"damage_healed":0,"gold_gain":0,"player_choice":"Searched \u00272\u0027 times","damage_taken":0,"relics_obtained":["Omamori"],"max_hp_gain":0,"max_hp_loss":0,"event_name":"Dead Adventurer","floor":8,"gold_loss":0},{"damage_healed":0,"gold_gain":0,"player_choice":"Ignored","damage_taken":0,"max_hp_gain":0,"max_hp_loss":0,"event_name":"Ghosts","floor":20,"gold_loss":0},{"damage_healed":0,"gold_gain":0,"player_choice":"Joined the Cult","damage_taken":6,"max_hp_gain":0,"max_hp_loss":0,"event_name":"Nest","floor":22,"gold_loss":0,"cards_obtained":["RitualDagger"]},{"damage_healed":0,"gold_gain":0,"player_choice":"Fight","damage_taken":0,"max_hp_gain":0,"max_hp_loss":0,"event_name":"MindBloom","floor":39,"gold_loss":0},{"damage_healed":0,"gold_gain":0,"player_choice":"Ignored","damage_taken":0,"max_hp_gain":0,"max_hp_loss":0,"event_name":"Mysterious Sphere","floor":42,"gold_loss":0}],"is_beta":false,"boss_relics":[{"not_picked":["Runic Dome","HoveringKite"],"picked":"Fusion Hammer"},{"not_picked":["Sozu","Snecko Eye"],"picked":"Astrolabe"}],"items_purged_floors":[],"is_endless":false,"potions_floor_spawned":[1,4,12,14,25,30,31,37,38,46],"killed_by":"Awakened One","ascension_level":0}