{"gold_per_floor":[118,132,11,24,35,35,70,86,133,147,159,213,213,138,138,212,212,229,23,23,33,33,59,74,74,119,119,148,164,197,211,211,286,286,297,316,362,376,394,394,413,413,493,493,527,538,555,123,123,123],"floor_reached":51,"playtime":2991,"items_purged":["Defend_B","Strike_B","Defend_B"],"score":1357,"play_id":"5763d86b-a0c9-40fc-8ffe-5b858ad76bd9","local_time":"20180830204515","is_ascension_mode":true,"campfire_choices":[{"data":"Go for the Eyes","floor":6.0,"key":"SMITH"},{"data":"Dualcast","floor":13.0,"key":"SMITH"},{"data":"Beam Cell","floor":15.0,"key":"SMITH"},{"data":"Seek","floor":25.0,"key":"SMITH"},{"data":"Hologram","floor":32.0,"key":"SMITH"},{"floor":40.0,"key":"REST"},{"data":"Hologram","floor":42.0,"key":"SMITH"},{"floor":49.0,"key":"REST"}],"neow_cost":"","seed_source_timestamp":511544300997511,"circlet_count":0,"master_deck":["Defend_B+1","Zap+1","Dualcast+1","AscendersBane","Go for the Eyes+1","Ball Lightning","Beam Cell+1","All For One","Glacier","Leap","Self Repair","All For One","Gash+1","Sweeping Beam+1","Core Surge+1","Gash","Flash of Steel","Writhe","BootSequence","Seek+1","Turbo","Steam","Streamline","Hologram+1","Loop","Seek","Gash","Go for the Eyes","Hologram+1","Gash","FTL","Seek","Leap+1","Madness","Madness","Seek+1"],"special_seed":0,"relics":["Cracked Core","War Paint","Strawberry","Anchor","Astrolabe","Pantograph","Vajra","Regal Pillow","Art of War","Lantern","Orrery","Sundial","Mummified Hand","Oddly Smooth Stone","DollysMirror"],"potions_floor_usage":[50,50],"damage_taken":[{"damage":1.0,"enemies":"Cultist","floor":1.0,"turns":3.0},{"damage":7.0,"enemies":"Small Slimes","floor":2.0,"turns":4.0},{"damage":0.0,"enemies":"Jaw Worm","floor":4.0,"turns":2.0},{"damage":6.0,"enemies":"Large Slime","floor":5.0,"turns":4.0},{"damage":29.0,"enemies":"3 Sentries","floor":7.0,"turns":6.0},{"damage":0.0,"enemies":"Looter","floor":8.0,"turns":3.0},{"damage":0.0,"enemies":"Exordium Wildlife","floor":10.0,"turns":4.0},{"damage":0.0,"enemies":"Red Slaver","floor":11.0,"turns":2.0},{"damage":1.0,"enemies":"Hexaghost","floor":16.0,"turns":10.0},{"damage":0.0,"enemies":"Spheric Guardian","floor":18.0,"turns":3.0},{"damage":0.0,"enemies":"2 Thieves","floor":21.0,"turns":3.0},{"damage":0.0,"enemies":"Gremlin Leader","floor":23.0,"turns":5.0},{"damage":5.0,"enemies":"Centurion and Healer","floor":24.0,"turns":3.0},{"damage":10.0,"enemies":"Slavers","floor":28.0,"turns":3.0},{"damage":0.0,"enemies":"Snake Plant","floor":29.0,"turns":4.0},{"damage":19.0,"enemies":"Gremlin Leader","floor":30.0,"turns":5.0},{"damage":0.0,"enemies":"Cultist and Chosen","floor":31.0,"turns":3.0},{"damage":70.0,"enemies":"Champ","floor":33.0,"turns":9.0},{"damage":28.0,"enemies":"3 Darklings","floor":35.0,"turns":4.0},{"damage":0.0,"enemies":"Flame Bruiser 1 Orb","floor":36.0,"turns":3.0},{"damage":40.0,"enemies":"Mysterious Sphere","floor":37.0,"turns":9.0},{"damage":0.0,"enemies":"4 Shapes","floor":38.0,"turns":4.0},{"damage":16.0,"enemies":"3 Darklings","floor":39.0,"turns":4.0},{"damage":5.0,"enemies":"Spire Growth","floor":41.0,"turns":3.0},{"damage":37.0,"enemies":"Giant Head","floor":45.0,"turns":7.0},{"damage":0.0,"enemies":"Transient","floor":46.0,"turns":5.0},{"damage":9.0,"enemies":"4 Shapes","floor":47.0,"turns":6.0},{"damage":37,"enemies":"Time Eater","floor":50,"turns":6}],"seed_played":"3341873405095223086","potions_obtained":[{"floor":5.0,"key":"Energy Potion"},{"floor":7.0,"key":"EssenceOfSteel"},{"floor":16.0,"key":"Block Potion"},{"floor":18.0,"key":"Strength Potion"},{"floor":21.0,"key":"FearPotion"},{"floor":37.0,"key":"PowerPotion"},{"floor":38.0,"key":"FairyPotion"},{"floor":41.0,"key":"Swift Potion"},{"floor":45.0,"key":"FearPotion"}],"is_trial":false,"path_per_floor":["M","M","$","M","M","R","E","M","T","M","M","T","R","?","R","B",null,"M","$","?","M","$","E","M","R","T","?","E","M","E","M","R","B",null,"M","M","?","M","M","R","M","R","T","?","E","M","M","$","R","B"],"character_chosen":"DEFECT","items_purchased":["Ball Lightning","Flash of Steel","PowerPotion","DollysMirror","FearPotion"],"campfire_rested":2,"item_purchase_floors":[3,19,48,48,48],"current_hp_per_floor":[63,56,56,56,50,50,21,21,28,28,28,28,28,28,28,34,67,67,67,67,67,67,74,69,69,69,69,66,73,61,68,68,8,61,40,47,14,14,21,59,61,61,61,47,17,24,15,15,53,48],"gold":123,"neow_bonus":"","is_prod":false,"is_daily":false,"chose_seed":false,"campfire_upgraded":6,"win_rate":0,"timestamp":1535676315,"path_taken":["M","M","$","M","M","R","E","M","T","M","M","?","R","?","R","BOSS","M","$","?","?","?","E","M","R","T","?","E","M","E","M","R","BOSS","M","M","?","?","M","R","M","R","T","?","E","M","M","$","R","BOSS"],"build_version":"2018-08-23v2","purchased_purges":3,"victory":true,"max_hp_per_floor":[71,71,71,71,71,71,71,71,78,78,78,78,78,78,78,78,78,78,78,78,78,78,78,78,78,78,78,78,78,78,78,78,78,78,78,78,78,78,78,78,78,78,78,78,78,78,78,78,78,78],"card_choices":[{"not_picked":["Turbo","Stack"],"picked":"Go for the Eyes","floor":1.0},{"not_picked":["Darkness","Turbo","Redo"],"picked":"SKIP","floor":2.0},{"not_picked":["Stack","Ball Lightning"],"picked":"Beam Cell","floor":4.0},{"not_picked":["Hologram","Heatsinks"],"picked":"All For One","floor":5.0},{"not_picked":["Blizzard","Turbo"],"picked":"Glacier","floor":7.0},{"not_picked":["Ball Lightning","Compile Driver","Rebound"],"picked":"SKIP","floor":8.0},{"not_picked":["Rebound","Double Energy"],"picked":"Leap","floor":10.0},{"not_picked":["Fusion","Amplify"],"picked":"Self Repair","floor":11.0},{"not_picked":["Fission","Core Surge"],"picked":"All For One","floor":16.0},{"not_picked":["Beam Cell","Steam Power"],"picked":"Gash","floor":18.0},{"not_picked":["Stack","Rip and Tear"],"picked":"BootSequence","floor":21.0},{"not_picked":["Hologram","Sunder"],"picked":"Seek","floor":23.0},{"not_picked":["Reinforced Body","Cold Snap"],"picked":"Turbo","floor":24.0},{"not_picked":["Static Discharge","Rainbow"],"picked":"Streamline","floor":28.0},{"not_picked":["Darkness","Ball Lightning","Self Repair+1"],"picked":"SKIP","floor":29.0},{"not_picked":["Rainbow","Go for the Eyes"],"picked":"Hologram","floor":30.0},{"not_picked":["Ball Lightning","Hello World"],"picked":"Loop","floor":31.0},{"not_picked":["Meteor Strike","All For One"],"picked":"Seek","floor":33.0},{"not_picked":["Hologram","Go for the Eyes"],"picked":"Gash","floor":34.0},{"not_picked":["Redo","Cold Snap"],"picked":"Go for the Eyes","floor":34.0},{"not_picked":["Self Repair","Go for the Eyes"],"picked":"Hologram","floor":34.0},{"not_picked":["Redo","Compile Driver+1"],"picked":"Gash","floor":35.0},{"not_picked":["Heatsinks","Barrage"],"picked":"FTL","floor":36.0},{"not_picked":["Streamline+1","Consume"],"picked":"Seek","floor":38.0},{"not_picked":["Conserve Battery","Undo"],"picked":"Leap+1","floor":39.0},{"not_picked":["Double Energy","Melter","Streamline"],"picked":"SKIP","floor":41.0},{"not_picked":["Rainbow","Glacier","Capacitor"],"picked":"SKIP","floor":45.0},{"not_picked":["Go for the Eyes","Capacitor","Streamline+1"],"picked":"SKIP","floor":46.0},{"not_picked":["Sweeping Beam","Compile Driver","Barrage"],"picked":"SKIP","floor":47.0}],"player_experience":632519,"relics_obtained":[{"floor":7.0,"key":"War Paint"},{"floor":9.0,"key":"Strawberry"},{"floor":12.0,"key":"Anchor"},{"floor":23.0,"key":"Vajra"},{"floor":26.0,"key":"Regal Pillow"},{"floor":28.0,"key":"Art of War"},{"floor":30.0,"key":"Lantern"},{"floor":37.0,"key":"Sundial"},{"floor":43.0,"key":"Mummified Hand"},{"floor":45.0,"key":"Oddly Smooth Stone"}],"event_choices":[{"event_name":"The Cleric","player_choice":"Card Removal","floor":14.0,"damage_taken":0.0},{"event_name":"The Mausoleum","player_choice":"Yes","floor":20.0,"damage_taken":0.0},{"event_name":"The Library","player_choice":"Read","floor":27.0,"damage_taken":0.0},{"event_name":"Mysterious Sphere","player_choice":"Fight","floor":37.0,"damage_taken":0.0},{"event_name":"Winding Halls","player_choice":"Embrace Madness","floor":44.0,"damage_taken":0.0}],"is_beta":false,"boss_relics":[{"not_picked":["Cursed Key","Busted Crown"],"picked":"Astrolabe"},{"not_picked":["Philosopher\u0027s Stone","Coffee Dripper"],"picked":"Orrery"}],"items_purged_floors":[3,19,48],"is_endless":false,"potions_floor_spawned":[5,7,8,16,18,21,37,38,41,45],"ascension_level":15}