{"path_per_floor":["M","M","M","$","M","R","M","?","T","M","$","M","R","M","R","B",null,"M","?","M"],"character_chosen":"IRONCLAD","items_purchased":["True Grit","Searing Blow"],"gold_per_floor":[111,130,140,86,101,101,120,120,202,172,58,70,70,80,80,184,184,155,155,165],"floor_reached":21,"campfire_rested":0,"playtime":2209,"current_hp_per_floor":[80,78,80,80,77,77,73,73,73,77,77,80,80,80,80,40,80,54,38,25],"items_purged":["Strike_R"],"gold":165,"play_id":"ebf8a99c-9403-4cb6-a4cc-8a11917c4d77","is_prod":false,"is_daily":false,"is_ascension_mode":false,"campfire_upgraded":3,"path_taken":["M","M","M","$","M","R","M","?","T","M","$","M","R","M","R","BOSS","M","?","M","M"],"build_version":"2018-01-25-PROD3","purchased_purges":1,"victory":false,"master_deck":["Strike_R","Strike_R","Strike_R","Strike_R","Defend_R","Defend_R","Defend_R","Defend_R","Bash","Body Slam","Armaments+1","True Grit+1","Cleave+1","Searing Blow","Shrug It Off","Demon Form"],"max_hp_per_floor":[80,80,80,80,80,80,80,80,80,80,80,80,80,80,80,80,80,80,80,80],"relics":["Burning Blood","Dream Catcher","Toolbox","Black Star","Nilry\u0027s Codex"],"card_choices":[{"not_picked":["Iron Wave","Sword Boomerang"],"picked":"Body Slam"},{"not_picked":["Clash","Hemokinesis"],"picked":"Armaments"},{"not_picked":["Anger","Clothesline"],"picked":"Cleave"},{"not_picked":["Sword Boomerang","Heavy Blade"],"picked":"Shrug It Off"},{"not_picked":["Offering","Limit Break"],"picked":"Demon Form"}],"player_experience":18780,"potions_floor_usage":[16,16],"damage_taken":[{"damage":6,"enemies":"Jaw Worm","floor":1,"turns":3},{"damage":8,"enemies":"Blue Slaver","floor":2,"turns":5},{"damage":2,"enemies":"Small Slimes","floor":3,"turns":6},{"damage":9,"enemies":"2 Fungi Beasts","floor":5,"turns":6},{"damage":10,"enemies":"Exordium Thugs","floor":7,"turns":8},{"damage":2,"enemies":"Looter","floor":10,"turns":4},{"damage":1,"enemies":"2 Fungi Beasts","floor":12,"turns":4},{"damage":0,"enemies":"Red Slaver","floor":14,"turns":5},{"damage":46,"enemies":"The Guardian","floor":16,"turns":15},{"damage":32,"enemies":"2 Thieves","floor":18,"turns":5},{"damage":19,"enemies":"3 Byrds","floor":20,"turns":6},{"damage":20,"enemies":"Snake Plant","floor":21,"turns":5}],"event_choices":[{"event_name":"The Woman in Blue","player_choice":"Bought 0 Potions","floor":8,"damage_taken":0},{"event_name":"Cursed Tome","player_choice":"Obtained Book","floor":19,"damage_taken":0}],"boss_relics":[{"not_picked":["Runic Cube","Cursed Key"],"picked":"Black Star"}],"potions_floor_spawned":[2,5,12],"seed_played":"6052818441650446968","killed_by":"Snake Plant","ascension_level":0,"is_trial":false}