{"gold_per_floor":[17,37,37,49,65,65,91,56,56,56,14,49,49,59,59,132,132,143,161,179,179,179],"floor_reached":22,"playtime":1252,"items_purged":[],"score":363,"play_id":"00c00353-c1bf-4b93-8f8c-11680eaae058","local_time":"20180923151611","is_ascension_mode":true,"campfire_choices":[{"data":"Dualcast","floor":6,"key":"SMITH"},{"floor":13,"key":"REST"},{"data":"Loop","floor":15,"key":"SMITH"}],"neow_cost":"NO_GOLD","seed_source_timestamp":688185476709309,"circlet_count":0,"master_deck":["Strike_B","Strike_B","Strike_B","Strike_B","Defend_B","Defend_B","Zap+1","Dualcast+1","AscendersBane","Coolheaded","Sweeping Beam+1","Barrage","Rebound","Streamline","Glacier","Loop+1","Amplify","White Noise+1","Reinforced Body","Stack"],"special_seed":0,"relics":["Cracked Core","Bag of Preparation","Omamori","Symbiotic Virus","Nuclear Battery"],"potions_floor_usage":[7,7],"damage_taken":[{"damage":0,"enemies":"2 Louse","floor":1,"turns":2},{"damage":5,"enemies":"Jaw Worm","floor":2,"turns":3},{"damage":0,"enemies":"Cultist","floor":4,"turns":2},{"damage":18,"enemies":"Exordium Thugs","floor":5,"turns":4},{"damage":12,"enemies":"Gremlin Nob","floor":7,"turns":3},{"damage":10,"enemies":"3 Sentries","floor":12,"turns":4},{"damage":0,"enemies":"Exordium Wildlife","floor":14,"turns":1},{"damage":27,"enemies":"The Guardian","floor":16,"turns":11},{"damage":28,"enemies":"2 Thieves","floor":18,"turns":3},{"damage":6,"enemies":"3 Byrds","floor":19,"turns":3},{"damage":19,"enemies":"Centurion and Healer","floor":20,"turns":7},{"damage":11,"enemies":"Snecko","floor":22,"turns":2}],"seed_played":"8905822746758771359","potions_obtained":[{"floor":4,"key":"Explosive Potion"},{"floor":5,"key":"FocusPotion"},{"floor":12,"key":"Fire Potion"},{"floor":16,"key":"Explosive Potion"}],"is_trial":false,"path_per_floor":["M","M","?","M","M","R","E","?","T","$","?","E","R","M","R","B",null,"M","M","M","?"],"character_chosen":"DEFECT","items_purchased":[],"campfire_rested":1,"item_purchase_floors":[],"current_hp_per_floor":[64,59,38,38,20,20,8,25,25,25,25,15,36,36,36,9,56,28,22,3,3,0],"gold":179,"neow_bonus":"REMOVE_TWO","is_prod":false,"is_daily":false,"chose_seed":false,"campfire_upgraded":2,"win_rate":0,"timestamp":1537730171,"path_taken":["M","M","?","?","M","R","E","?","T","?","?","E","R","?","R","BOSS","M","M","M","?","M"],"build_version":"2018-09-20","purchased_purges":0,"victory":false,"max_hp_per_floor":[71,71,71,71,71,71,71,71,71,71,71,71,71,71,71,71,71,71,71,71,71,71],"card_choices":[{"not_picked":["Blizzard","Stack"],"picked":"Coolheaded","floor":1},{"not_picked":["Compile Driver","Conserve Battery"],"picked":"Sweeping Beam","floor":2},{"not_picked":["Steam","Leap"],"picked":"Barrage","floor":4},{"not_picked":["Darkness","Turbo"],"picked":"Rebound","floor":5},{"not_picked":["Compile Driver","Turbo"],"picked":"Streamline","floor":7},{"not_picked":["Chaos","Machine Learning"],"picked":"Glacier","floor":12},{"not_picked":["Go for the Eyes","Ball Lightning"],"picked":"Loop","floor":14},{"not_picked":["Reboot","Buffer"],"picked":"Amplify","floor":16},{"not_picked":["Beam Cell","Streamline"],"picked":"White Noise","floor":18},{"not_picked":["Blizzard","Leap"],"picked":"Reinforced Body","floor":19},{"not_picked":["Barrage","Ball Lightning"],"picked":"Stack","floor":20}],"player_experience":696804,"relics_obtained":[{"floor":7,"key":"Bag of Preparation"},{"floor":9,"key":"Omamori"},{"floor":12,"key":"Symbiotic Virus"}],"event_choices":[{"event_name":"Shining Light","player_choice":"Entered Light","floor":3,"damage_taken":0},{"event_name":"The Cleric","player_choice":"Healed","floor":8,"damage_taken":0},{"event_name":"World of Goop","player_choice":"Left","floor":11,"damage_taken":0},{"event_name":"Upgrade Shrine","player_choice":"Upgraded","floor":21,"damage_taken":0}],"is_beta":false,"boss_relics":[{"not_picked":["Ectoplasm","Calling Bell"],"picked":"Nuclear Battery"}],"items_purged_floors":[],"is_endless":false,"potions_floor_spawned":[4,5,12,16,19],"killed_by":"Snecko","ascension_level":17}