{"gold_per_floor":[117,63,28,45,45,45,74,91,115,22,42,62,62,62,62,62],"floor_reached":16,"playtime":333,"items_purged":[],"score":175,"play_id":"0701d842-2f97-4e1b-b6b7-88faa60bf8c9","local_time":"20180823234735","is_ascension_mode":true,"campfire_choices":[{"data":"True Grit","floor":6,"key":"SMITH"},{"data":"Carnage","floor":13,"key":"SMITH"},{"data":"Pommel Strike","floor":15,"key":"SMITH"}],"neow_cost":"","seed_source_timestamp":195885043684330,"circlet_count":0,"master_deck":["Strike_R","Strike_R+1","Strike_R","Strike_R","Strike_R","Defend_R+1","Defend_R","Defend_R","Defend_R","Bash","AscendersBane","Flex","Cleave","True Grit+1","Corruption","Pommel Strike+1","Finesse","Carnage+1"],"relics":["Burning Blood","Centennial Puzzle","Juzu Bracelet"],"potions_floor_usage":[7],"damage_taken":[{"damage":20,"enemies":"Small Slimes","floor":1,"turns":3},{"damage":10,"enemies":"2 Louse","floor":4,"turns":2},{"damage":20,"enemies":"Gremlin Nob","floor":7,"turns":4},{"damage":4,"enemies":"Jaw Worm","floor":8,"turns":3},{"damage":17,"enemies":"Exordium Wildlife","floor":11,"turns":5},{"damage":11,"enemies":"Looter","floor":12,"turns":4},{"damage":20,"enemies":"Hexaghost","floor":16,"turns":7}],"seed_played":"-1495220915889562647","potions_obtained":[{"floor":1,"key":"GamblersBrew"}],"is_trial":false,"path_per_floor":["M","$","?","M","?","R","E","M","T","$","M","M","R","?","R"],"character_chosen":"IRONCLAD","items_purchased":["Cleave","Finesse"],"campfire_rested":0,"item_purchase_floors":[2,10],"current_hp_per_floor":[54,54,72,68,45,45,31,33,33,33,22,17,17,17,17,0],"gold":62,"neow_bonus":"","is_prod":false,"is_daily":false,"chose_seed":false,"campfire_upgraded":3,"win_rate":0,"timestamp":1535082455,"path_taken":["M","$","?","M","?","R","E","M","T","$","M","M","R","?","R","BOSS"],"build_version":"2018-08-23v2","purchased_purges":0,"victory":false,"max_hp_per_floor":[75,75,75,75,75,75,75,75,75,75,75,75,75,75,75,75],"card_choices":[{"not_picked":["Intimidate","Sword Boomerang"],"picked":"Flex","floor":1},{"not_picked":["Thunderclap","Brutality"],"picked":"True Grit","floor":4},{"not_picked":["Heavy Blade","Body Slam"],"picked":"Corruption","floor":7},{"not_picked":["Heavy Blade","Body Slam"],"picked":"Pommel Strike","floor":8},{"not_picked":["Evolve","Bloodletting","Sword Boomerang"],"picked":"SKIP","floor":11},{"not_picked":["Anger","Twin Strike"],"picked":"Carnage","floor":12}],"player_experience":600824,"relics_obtained":[{"floor":7,"key":"Centennial Puzzle"},{"floor":9,"key":"Juzu Bracelet"}],"event_choices":[{"event_name":"The Cleric","player_choice":"Healed","floor":3,"damage_taken":0},{"event_name":"Shining Light","player_choice":"Entered Light","floor":5,"damage_taken":0},{"event_name":"Scrap Ooze","player_choice":"unsuccessful","floor":14,"damage_taken":0}],"is_beta":false,"boss_relics":[],"items_purged_floors":[],"is_endless":false,"potions_floor_spawned":[1],"killed_by":"Hexaghost","ascension_level":15}