{"gold_per_floor":[112,112,124,142,142,142,176,176,176,189,189,223,242,242,242,340,340,353,369,34,49,49,49,79,79],"floor_reached":25,"playtime":1496,"items_purged":[],"score":231,"play_id":"d83e34b4-ce2b-4b92-b399-066712e7d54e","local_time":"20190115120813","is_ascension_mode":false,"campfire_choices":[{"data":"Redo","floor":6,"key":"SMITH"},{"floor":8,"key":"REST"},{"floor":11,"key":"REST"},{"floor":15,"key":"REST"},{"floor":23,"key":"REST"}],"neow_cost":"NONE","seed_source_timestamp":496946378721550,"circlet_count":0,"master_deck":["Strike_B","Strike_B+1","Strike_B","Strike_B+1","Defend_B","Defend_B","Defend_B","Defend_B","Zap","Dualcast","Turbo","Redo+1","Redo","Defragment","Lockon","Reinforced Body","Echo Form","Decay","Ball Lightning","Thunder Strike","Steam+1","Ball Lightning"],"relics":["Cracked Core","Whetstone","Matryoshka","Shuriken","Juzu Bracelet","Sundial","Potion Belt","Cursed Key","Chemical X","Nilry\u0027s Codex","Lantern"],"potions_floor_usage":[7,13,16],"damage_taken":[{"damage":1,"enemies":"Cultist","floor":1,"turns":3},{"damage":11,"enemies":"Jaw Worm","floor":3,"turns":2},{"damage":0,"enemies":"Small Slimes","floor":4,"turns":2},{"damage":30,"enemies":"3 Sentries","floor":7,"turns":6},{"damage":18,"enemies":"Gremlin Gang","floor":10,"turns":4},{"damage":21,"enemies":"Lagavulin","floor":12,"turns":5},{"damage":2,"enemies":"Large Slime","floor":13,"turns":4},{"damage":40,"enemies":"The Guardian","floor":16,"turns":10},{"damage":5,"enemies":"Chosen","floor":18,"turns":4},{"damage":0,"enemies":"Spheric Guardian","floor":19,"turns":3},{"damage":48,"enemies":"3 Cultists","floor":21,"turns":6},{"damage":30,"enemies":"Book of Stabbing","floor":24,"turns":7},{"damage":7,"enemies":"Snecko","floor":25,"turns":3}],"seed_played":"-324033458799669246","potions_obtained":[{"floor":3,"key":"LiquidBronze"},{"floor":10,"key":"Energy Potion"},{"floor":12,"key":"Poison Potion"},{"floor":16,"key":"LiquidBronze"},{"floor":18,"key":"SteroidPotion"},{"floor":24,"key":"FocusPotion"}],"is_trial":false,"path_per_floor":["M","T","M","M","T","R","E","R","T","M","R","E","M","?","R","B",null,"M","M","$","M","?","R","E","M"],"character_chosen":"DEFECT","items_purchased":["Chemical X","Thunder Strike"],"campfire_rested":4,"item_purchase_floors":[20,20],"current_hp_per_floor":[81,81,70,70,70,70,40,64,64,46,70,49,47,47,71,31,82,77,77,77,29,13,37,7,0],"gold":79,"neow_bonus":"TEN_PERCENT_HP_BONUS","is_prod":false,"is_daily":false,"chose_seed":false,"campfire_upgraded":1,"win_rate":0.0,"timestamp":1547572093,"path_taken":["M","?","M","M","?","R","E","R","T","M","R","E","M","?","R","BOSS","M","M","$","M","?","R","E","M"],"build_version":"2019-01-10","purchased_purges":0,"victory":false,"max_hp_per_floor":[82,82,82,82,82,82,82,82,82,82,82,82,82,82,82,82,82,82,82,82,82,82,82,82,82],"card_choices":[{"not_picked":["Compile Driver","Gash"],"picked":"Turbo","floor":1},{"not_picked":["Leap","Steam Power"],"picked":"Redo","floor":3},{"not_picked":["Compile Driver","Hologram"],"picked":"Redo","floor":4},{"not_picked":["Blizzard","Darkness"],"picked":"Defragment","floor":7},{"not_picked":["Glacier","Conserve Battery"],"picked":"Lockon","floor":10},{"not_picked":["Go for the Eyes","Conserve Battery"],"picked":"Reinforced Body","floor":12},{"not_picked":["Double Energy","Barrage"],"picked":"Echo Form","floor":13},{"not_picked":["Force Field","Self Repair","Barrage"],"picked":"SKIP","floor":18},{"not_picked":["Force Field","Gash"],"picked":"Ball Lightning","floor":19},{"not_picked":["Compile Driver","Undo"],"picked":"Steam+1","floor":21},{"not_picked":["Chaos","Glacier"],"picked":"Ball Lightning","floor":24}],"player_experience":53846,"relics_obtained":[{"floor":2,"key":"Whetstone"},{"floor":5,"key":"Matryoshka"},{"floor":7,"key":"Shuriken"},{"floor":9,"key":"Juzu Bracelet"},{"floor":9,"key":"Sundial"},{"floor":12,"key":"Potion Belt"},{"floor":22,"key":"Nilry\u0027s Codex"},{"floor":24,"key":"Lantern"}],"event_choices":[{"damage_healed":0,"gold_gain":0,"player_choice":"Cursed","damage_taken":0,"max_hp_gain":0,"max_hp_loss":0,"event_name":"Wheel of Change","floor":14,"gold_loss":0,"cards_obtained":["Decay"]},{"damage_healed":0,"gold_gain":0,"player_choice":"Obtained Book","damage_taken":16,"max_hp_gain":0,"max_hp_loss":0,"event_name":"Cursed Tome","floor":22,"gold_loss":0}],"is_beta":false,"boss_relics":[{"not_picked":["Busted Crown","White Beast Statue"],"picked":"Cursed Key"}],"items_purged_floors":[],"is_endless":false,"potions_floor_spawned":[3,10,12,16,18,24],"killed_by":"Snecko","ascension_level":0}