{"path_per_floor":["M","?","M","?","$","R","M","?","T","R","M","R","M","$","R","B",null,"M","?","M"],"character_chosen":"THE_SILENT","items_purchased":["Escape Plan"],"gold_per_floor":[20,20,40,40,40,40,54,54,107,107,124,124,144,30,30,131,131,150,150,168],"floor_reached":21,"campfire_rested":1,"playtime":873,"current_hp_per_floor":[60,46,42,42,42,42,42,35,35,56,56,56,56,56,56,11,55,42,42,31],"items_purged":["Defend_G"],"gold":168,"score":262,"play_id":"abd315bb-e3cc-42e8-bcd8-27e0ab0dce71","is_prod":false,"is_daily":false,"is_ascension_mode":true,"campfire_upgraded":3,"path_taken":["M","?","M","?","?","R","M","?","T","R","?","R","M","$","R","BOSS","M","?","?","M"],"build_version":"2018-02-22-PROD2","purchased_purges":1,"victory":false,"master_deck":["Defend_G","Defend_G","Defend_G","Defend_G","Strike_G","Strike_G","Strike_G","Strike_G","Survivor+1","Neutralize+1","Parasite","Die Die Die+1","Cloak And Dagger+1","Deflect+1","Cloak And Dagger+1","PiercingWail","Escape Plan","Adrenaline","Prepared+1","Envenom","Backstab"],"max_hp_per_floor":[70,70,70,70,70,70,70,70,70,70,70,70,70,70,70,70,70,70,70,70],"relics":["Ring of the Snake","Bag of Preparation","Cursed Key"],"card_choices":[{"not_picked":["Night Terror","Phantasmal Killer"],"picked":"Die Die Die"},{"not_picked":["Quick Slash","Accuracy"],"picked":"Cloak And Dagger"},{"not_picked":["Deadly Poison","Distraction"],"picked":"Deflect"},{"not_picked":["Deadly Poison","Poisoned Stab"],"picked":"Cloak And Dagger"},{"not_picked":["Doppelganger","Endless Agony"],"picked":"PiercingWail"},{"not_picked":["Night Terror","Wraith Form"],"picked":"Adrenaline"},{"not_picked":["Dash","Calculated Gamble"],"picked":"Prepared"},{"not_picked":["Quick Slash","Outmaneuver"],"picked":"Backstab"}],"player_experience":263950,"potions_floor_usage":[16,16,18],"damage_taken":[{"damage":3,"enemies":"2 Louse","floor":1,"turns":4},{"damage":4,"enemies":"Cultist","floor":3,"turns":4},{"damage":0,"enemies":"Small Slimes","floor":7,"turns":2},{"damage":0,"enemies":"Exordium Wildlife","floor":11,"turns":2},{"damage":0,"enemies":"2 Fungi Beasts","floor":13,"turns":2},{"damage":45,"enemies":"The Guardian","floor":16,"turns":20},{"damage":13,"enemies":"Chosen","floor":18,"turns":7},{"damage":11,"enemies":"3 Byrds","floor":20,"turns":5},{"damage":46,"enemies":"Snecko","floor":21,"turns":7}],"event_choices":[{"event_name":"Shining Light","player_choice":"Entered Light","floor":2,"damage_taken":0},{"event_name":"Living Wall","player_choice":"Grow","floor":4,"damage_taken":0},{"event_name":"Golden Wing","player_choice":"Card Removal","floor":8,"damage_taken":0},{"event_name":"Match and Keep!","player_choice":"1 cards matched","floor":19,"damage_taken":0}],"boss_relics":[{"not_picked":["The Specimen","Black Star"],"picked":"Cursed Key"}],"potions_floor_spawned":[3,7,16],"seed_played":"3973612523608667536","killed_by":"Snecko","ascension_level":11,"is_trial":false}