{"gold_per_floor":[110,29,29,49,67,67,101,119,119,149,165,165,194,210,210,287,287,306,306,306,320,331,331,349,369,392,392],"floor_reached":27,"playtime":1408,"items_purged":[],"score":462,"play_id":"f7875e0e-7c52-437b-a325-11778c07ab08","local_time":"20181020171213","is_ascension_mode":true,"campfire_choices":[{"data":"Dash","floor":6,"key":"SMITH"},{"data":"A Thousand Cuts","floor":12,"key":"SMITH"},{"data":"Forethought","floor":15,"key":"SMITH"},{"floor":23,"key":"REST"}],"neow_cost":"NONE","seed_source_timestamp":938443769308579,"circlet_count":0,"master_deck":["Defend_G","Defend_G","Defend_G","Defend_G","Defend_G","Strike_G","Strike_G","Strike_G","Strike_G","Strike_G","Survivor","Neutralize","AscendersBane","Forethought+1","Sucker Punch","Dash+1","Dagger Throw","Terror","Caltrops","Dodge and Roll+1","A Thousand Cuts+1","Backflip+1","Cloak And Dagger+1","Adrenaline+1","Crippling Poison+1","Blade Dance+1","Calculated Gamble+1","Cloak And Dagger+1","Choke","Normality"],"relics":["Ring of the Snake","Gremlin Horn","Question Card","Toxic Egg 2","Art of War","Cursed Key","Bronze Scales"],"potions_floor_usage":[8,10,13,16,21,24],"damage_taken":[{"damage":7,"enemies":"Jaw Worm","floor":1,"turns":7},{"damage":0,"enemies":"Small Slimes","floor":4,"turns":5},{"damage":0,"enemies":"Cultist","floor":5,"turns":3},{"damage":9,"enemies":"Lagavulin","floor":7,"turns":7},{"damage":1,"enemies":"Exordium Thugs","floor":8,"turns":4},{"damage":26,"enemies":"Gremlin Nob","floor":10,"turns":4},{"damage":3,"enemies":"Blue Slaver","floor":11,"turns":4},{"damage":3,"enemies":"3 Sentries","floor":13,"turns":5},{"damage":0,"enemies":"2 Fungi Beasts","floor":14,"turns":2},{"damage":17,"enemies":"The Guardian","floor":16,"turns":13},{"damage":7,"enemies":"Shell Parasite","floor":18,"turns":5},{"damage":9,"enemies":"Spheric Guardian","floor":21,"turns":6},{"damage":13,"enemies":"Centurion and Healer","floor":22,"turns":5},{"damage":17,"enemies":"Shelled Parasite and Fungi","floor":24,"turns":5},{"damage":9,"enemies":"Snake Plant","floor":25,"turns":4},{"damage":16,"enemies":"Snecko","floor":27,"turns":3}],"seed_played":"-5911333189915650633","potions_obtained":[{"floor":1,"key":"Fire Potion"},{"floor":8,"key":"Regen Potion"},{"floor":11,"key":"Energy Potion"},{"floor":14,"key":"SkillPotion"},{"floor":16,"key":"LiquidBronze"},{"floor":18,"key":"GamblersBrew"},{"floor":22,"key":"Regen Potion"}],"is_trial":false,"path_per_floor":["M","$","?","M","M","R","E","M","T","E","M","R","E","M","R","B",null,"M","?","?","M","M","R","M","M","T"],"character_chosen":"THE_SILENT","items_purchased":["Dash"],"campfire_rested":1,"item_purchase_floors":[2],"current_hp_per_floor":[52,52,52,52,52,52,43,42,42,28,25,25,22,22,22,5,51,44,44,26,17,4,25,22,13,13,0],"gold":392,"neow_bonus":"RANDOM_COLORLESS","is_prod":false,"is_daily":false,"chose_seed":false,"campfire_upgraded":3,"win_rate":0,"timestamp":1540069933,"path_taken":["M","$","?","M","M","R","E","M","T","E","M","R","E","M","R","BOSS","M","?","?","M","M","R","M","M","T","M"],"build_version":"2018-10-18","purchased_purges":0,"victory":false,"max_hp_per_floor":[66,66,66,66,66,66,66,66,66,66,66,66,66,66,66,66,66,66,66,71,71,71,71,71,71,71,71],"card_choices":[{"not_picked":["Setup","Deadly Poison"],"picked":"Sucker Punch","floor":1},{"not_picked":["Cloak And Dagger","Quick Slash"],"picked":"Dagger Throw","floor":4},{"not_picked":["Finisher","Poisoned Stab"],"picked":"Terror","floor":5},{"not_picked":["Poisoned Stab","Setup","Eviscerate"],"picked":"SKIP","floor":7},{"not_picked":["Setup","Flying Knee"],"picked":"Caltrops","floor":8},{"not_picked":["Wraith Form v2","Concentrate","Bane"],"picked":"Dodge and Roll","floor":10},{"not_picked":["Poisoned Stab","Acrobatics+1","Dagger Spray"],"picked":"A Thousand Cuts","floor":11},{"not_picked":["Heel Hook","Distraction+1","Outmaneuver+1"],"picked":"Backflip+1","floor":13},{"not_picked":["Deadly Poison+1","Underhanded Strike","Slice"],"picked":"Cloak And Dagger+1","floor":14},{"not_picked":["Storm of Steel+1","Grand Finale","Unload"],"picked":"Adrenaline+1","floor":16},{"not_picked":["Dagger Spray","Dagger Throw","Backflip+1"],"picked":"Crippling Poison+1","floor":18},{"not_picked":["Tactician+1","Dodge and Roll+1","Poisoned Stab"],"picked":"Blade Dance+1","floor":21},{"not_picked":["Tactician+1","Reflex+1","Outmaneuver+1"],"picked":"Calculated Gamble+1","floor":22},{"not_picked":["Poisoned Stab+1","Quick Slash","Deflect+1"],"picked":"Cloak And Dagger+1","floor":24},{"not_picked":["Cloak And Dagger+1","Die Die Die","Sucker Punch"],"picked":"Choke","floor":25}],"player_experience":776792,"relics_obtained":[{"floor":7,"key":"Gremlin Horn"},{"floor":9,"key":"Question Card"},{"floor":10,"key":"Toxic Egg 2"},{"floor":13,"key":"Art of War"},{"floor":26,"key":"Bronze Scales"}],"event_choices":[{"damage_healed":0,"gold_gain":0,"player_choice":"Ignored","damage_taken":0,"max_hp_gain":0,"max_hp_loss":0,"event_name":"Liars Game","floor":3,"gold_loss":0},{"damage_healed":0,"gold_gain":0,"player_choice":"Ignored","damage_taken":0,"max_hp_gain":0,"max_hp_loss":0,"event_name":"Ghosts","floor":19,"gold_loss":0},{"damage_healed":0,"gold_gain":0,"player_choice":"Shed Blood","damage_taken":23,"max_hp_gain":5,"max_hp_loss":0,"event_name":"Forgotten Altar","floor":20,"gold_loss":0}],"is_beta":false,"boss_relics":[{"not_picked":["Pandora\u0027s Box","Busted Crown"],"picked":"Cursed Key"}],"items_purged_floors":[],"is_endless":false,"potions_floor_spawned":[1,8,11,14,16,18,22],"killed_by":"Snecko","ascension_level":19}