{"gold_per_floor":[112,129,3,13,32,57,57,85,85,115,132,164,164,164,164,264,264,279,204,7,25,25,55,55,55],"floor_reached":25,"playtime":1640,"items_purged":[],"score":336,"play_id":"c2472ed5-4f3b-434c-ba1b-38c14d3fd1e5","local_time":"20190123092100","is_ascension_mode":true,"campfire_choices":[{"data":"Zap","floor":7,"key":"SMITH"},{"data":"Consume","floor":15,"key":"SMITH"},{"data":"Creative AI","floor":24,"key":"SMITH"}],"neow_cost":"NONE","seed_source_timestamp":488493258518264,"circlet_count":0,"master_deck":["Strike_B","Strike_B","Strike_B","Defend_B","Defend_B","Defend_B","Defend_B","Zap+1","Dualcast","Conserve Battery","Cold Snap","Self Repair","Go for the Eyes","Cold Snap","Cold Snap","Self Repair","Barrage","Force Field","Melter","Consume+1","Creative AI+1","Heatsinks","Hologram","Turbo","Darkness","Redo","Steam Power","Mayhem","Compile Driver","Barrage"],"relics":["Inserter","Kunai","Bottled Tornado","Ice Cream","Dead Branch","Boot","Regal Pillow","Orrery","Toxic Egg 2"],"potions_floor_usage":[6,8,18,21],"damage_taken":[{"damage":0,"enemies":"Cultist","floor":1,"turns":4},{"damage":1,"enemies":"Jaw Worm","floor":2,"turns":5},{"damage":4,"enemies":"2 Louse","floor":4,"turns":4},{"damage":7,"enemies":"Exordium Wildlife","floor":5,"turns":5},{"damage":10,"enemies":"Gremlin Nob","floor":6,"turns":5},{"damage":7,"enemies":"3 Sentries","floor":8,"turns":9},{"damage":18,"enemies":"Lagavulin","floor":10,"turns":7},{"damage":24,"enemies":"3 Louse","floor":11,"turns":5},{"damage":8,"enemies":"3 Sentries","floor":12,"turns":8},{"damage":20,"enemies":"Hexaghost","floor":16,"turns":12},{"damage":18,"enemies":"3 Byrds","floor":18,"turns":8},{"damage":13,"enemies":"Shell Parasite","floor":21,"turns":7},{"damage":51,"enemies":"Slavers","floor":23,"turns":8},{"damage":38,"enemies":"Gremlin Leader","floor":25,"turns":3}],"seed_played":"7788137651930419807","potions_obtained":[{"floor":2,"key":"SteroidPotion"},{"floor":5,"key":"Dexterity Potion"},{"floor":11,"key":"FearPotion"},{"floor":12,"key":"PowerPotion"},{"floor":18,"key":"Weak Potion"}],"is_trial":false,"path_per_floor":["M","M","$","M","M","E","R","E","T","E","M","E","?","?","R","B",null,"M","?","$","M","?","E","R","E"],"character_chosen":"DEFECT","items_purchased":["Self Repair","Go for the Eyes","Mayhem"],"campfire_rested":0,"item_purchase_floors":[3,3,20],"current_hp_per_floor":[68,67,67,70,70,67,67,74,74,70,60,59,41,66,66,60,71,67,67,67,68,68,31,31,0],"gold":55,"neow_bonus":"BOSS_RELIC","is_prod":false,"is_daily":false,"chose_seed":false,"campfire_upgraded":3,"win_rate":0,"timestamp":1548253260,"path_taken":["M","M","?","M","M","E","R","E","T","E","M","E","?","?","R","BOSS","M","?","$","M","?","E","R","E"],"build_version":"2019-01-17v2","purchased_purges":0,"victory":false,"max_hp_per_floor":[75,75,75,75,75,75,75,75,75,75,75,75,75,75,75,75,75,75,75,75,75,75,75,75,75],"card_choices":[{"not_picked":["Chill","Compile Driver"],"picked":"Conserve Battery","floor":1},{"not_picked":["Gash","Skim"],"picked":"Cold Snap","floor":2},{"not_picked":["Leap","Force Field"],"picked":"Cold Snap","floor":4},{"not_picked":["Coolheaded","Glacier"],"picked":"Cold Snap","floor":5},{"not_picked":["Rip and Tear","Sweeping Beam"],"picked":"Self Repair","floor":6},{"not_picked":["Coolheaded","Hyperbeam"],"picked":"Barrage","floor":8},{"not_picked":["Leap","Hyperbeam"],"picked":"Force Field","floor":10},{"not_picked":["Undo","Glacier"],"picked":"Melter","floor":11},{"not_picked":["Core Surge","Aggregate"],"picked":"Consume","floor":12},{"not_picked":["Machine Learning","Electrodynamics"],"picked":"Creative AI","floor":16},{"not_picked":["Hologram","Leap"],"picked":"Heatsinks","floor":17},{"not_picked":["Sunder","Redo"],"picked":"Hologram","floor":17},{"not_picked":["Ball Lightning","Streamline"],"picked":"Turbo","floor":17},{"not_picked":["Capacitor","Force Field"],"picked":"Darkness","floor":17},{"not_picked":["Cold Snap","Steam Power"],"picked":"Redo","floor":17},{"not_picked":["Rip and Tear","Stack+1"],"picked":"Steam Power","floor":18},{"not_picked":["Undo","Streamline"],"picked":"Compile Driver","floor":21},{"not_picked":["Sweeping Beam+1","Rip and Tear"],"picked":"Barrage","floor":23}],"player_experience":219695,"relics_obtained":[{"floor":6,"key":"Kunai"},{"floor":8,"key":"Bottled Tornado"},{"floor":9,"key":"Ice Cream"},{"floor":10,"key":"Dead Branch"},{"floor":12,"key":"Boot"},{"floor":23,"key":"Toxic Egg 2"}],"event_choices":[{"damage_healed":0,"gold_gain":0,"player_choice":"Success","damage_taken":18,"relics_obtained":["Regal Pillow"],"max_hp_gain":0,"max_hp_loss":0,"event_name":"Scrap Ooze","floor":13,"gold_loss":0},{"damage_healed":25,"gold_gain":0,"player_choice":"Banana","damage_taken":0,"max_hp_gain":0,"max_hp_loss":0,"event_name":"Big Fish","floor":14,"gold_loss":0},{"cards_removed":["Strike_B"],"damage_healed":0,"gold_gain":0,"player_choice":"Gave Gold","damage_taken":0,"max_hp_gain":0,"max_hp_loss":0,"event_name":"Beggar","floor":19,"gold_loss":75},{"damage_healed":0,"gold_gain":0,"player_choice":"Ignored","damage_taken":0,"max_hp_gain":0,"max_hp_loss":0,"event_name":"Vampires","floor":22,"gold_loss":0}],"is_beta":false,"boss_relics":[{"not_picked":["Astrolabe","Tiny House"],"picked":"Orrery"}],"items_purged_floors":[],"is_endless":false,"potions_floor_spawned":[2,5,11,12,18],"killed_by":"Gremlin Leader","ascension_level":7}