{"gold_per_floor":[11,28,28,42,42,42,81,81,81,112,32,47,65,98,98,221,221,236,236,249,272,291,291,291,324,324,368,384,397,422,460,460,591,591,615,948,961,427,427,427,439,452,452,484,484,501,36,56,56,56,56,56,7,36,36],"floor_reached":55,"playtime":3595,"items_purged":["Strike_B","Strike_B"],"score":1194,"play_id":"a1714f9f-25d8-44b6-a9d4-a35258e08da9","local_time":"20190215162306","is_ascension_mode":true,"campfire_choices":[{"data":"Zap","floor":6.0,"key":"SMITH"},{"floor":8.0,"key":"REST"},{"data":"Defragment","floor":15.0,"key":"SMITH"},{"data":"Creative AI","floor":23.0,"key":"SMITH"},{"data":"Hologram","floor":32.0,"key":"SMITH"},{"data":"Creative AI","floor":40.0,"key":"SMITH"},{"data":"Chill","floor":45.0,"key":"SMITH"},{"floor":49,"key":"RECALL"},{"data":"Rainbow","floor":52,"key":"SMITH"}],"neow_cost":"NO_GOLD","seed_source_timestamp":227343191435560,"circlet_count":0,"master_deck":["Defend_B","Defend_B","Defend_B","Defend_B","Zap+1","Dualcast","Go for the Eyes","Turbo","Compile Driver","Self Repair","Chill+1","Defragment+1","Hologram+1","Cold Snap","Stack","Rainbow+1","Creative AI+1","Steam","Ball Lightning","Cold Snap+1","Steam Power","Creative AI+1","Coolheaded+1","Leap","BootSequence+1","Auto Shields","Steam","Blizzard","Loop+1","Hologram","Heatsinks+1"],"special_seed":0,"relics":["Cracked Core","Letter Opener","Strawberry","Dream Catcher","Lantern","Busted Crown","DataDisk","Red Mask","Kunai","Torii","Bag of Marbles","Sozu","Lee\u0027s Waffle","Bottled Lightning","CultistMask","Smiling Mask","Gremlin Horn","Cables","Dead Branch"],"potions_floor_usage":[55],"damage_taken":[{"damage":0.0,"enemies":"2 Louse","floor":1.0,"turns":4.0},{"damage":0.0,"enemies":"Small Slimes","floor":2.0,"turns":3.0},{"damage":1.0,"enemies":"Jaw Worm","floor":4.0,"turns":5.0},{"damage":27.0,"enemies":"Lagavulin","floor":7.0,"turns":8.0},{"damage":26.0,"enemies":"Gremlin Nob","floor":10.0,"turns":4.0},{"damage":8.0,"enemies":"Exordium Wildlife","floor":12.0,"turns":4.0},{"damage":12.0,"enemies":"Gremlin Gang","floor":13.0,"turns":2.0},{"damage":4.0,"enemies":"Lagavulin","floor":14.0,"turns":8.0},{"damage":0.0,"enemies":"The Guardian","floor":16.0,"turns":12.0},{"damage":29.0,"enemies":"3 Byrds","floor":18.0,"turns":4.0},{"damage":9.0,"enemies":"2 Thieves","floor":20.0,"turns":4.0},{"damage":7.0,"enemies":"Centurion and Healer","floor":21.0,"turns":5.0},{"damage":0.0,"enemies":"Sentry and Sphere","floor":22.0,"turns":7.0},{"damage":0.0,"enemies":"Slavers","floor":24.0,"turns":1.0},{"damage":6.0,"enemies":"Masked Bandits","floor":25.0,"turns":5.0},{"damage":9.0,"enemies":"Book of Stabbing","floor":27.0,"turns":5.0},{"damage":2.0,"enemies":"Cultist and Chosen","floor":28.0,"turns":6.0},{"damage":7.0,"enemies":"Snake Plant","floor":29.0,"turns":6.0},{"damage":0.0,"enemies":"Shelled Parasite and Fungi","floor":30.0,"turns":6.0},{"damage":23.0,"enemies":"Slavers","floor":31.0,"turns":6.0},{"damage":15.0,"enemies":"Collector","floor":33.0,"turns":12.0},{"damage":24.0,"enemies":"3 Shapes","floor":35.0,"turns":4.0},{"damage":20.0,"enemies":"3 Darklings","floor":37.0,"turns":6.0},{"damage":29.0,"enemies":"Transient","floor":41.0,"turns":5.0},{"damage":7.0,"enemies":"Spire Growth","floor":42.0,"turns":6.0},{"damage":32.0,"enemies":"Nemesis","floor":44.0,"turns":11.0},{"damage":11.0,"enemies":"Writhing Mass","floor":46.0,"turns":9.0},{"damage":15.0,"enemies":"3 Darklings","floor":48.0,"turns":7.0},{"damage":16,"enemies":"Time Eater","floor":50,"turns":13},{"damage":18,"enemies":"Shield and Spear","floor":54,"turns":9},{"damage":61,"enemies":"The Heart","floor":55,"turns":5}],"seed_played":"-645388666986854964","potions_obtained":[{"floor":2.0,"key":"LiquidBronze"},{"floor":10.0,"key":"FearPotion"},{"floor":13.0,"key":"SpeedPotion"},{"floor":16.0,"key":"Ancient Potion"},{"floor":21.0,"key":"SmokeBomb"},{"floor":27.0,"key":"PowerPotion"},{"floor":30.0,"key":"LiquidBronze"},{"floor":31.0,"key":"FearPotion"},{"floor":33.0,"key":"Dexterity Potion"}],"is_trial":false,"path_per_floor":["M","M","?","M","?","R","E","R","T","E","$","M","M","E","R","B",null,"M","?","M","M","M","R","E","?","T","E","M","M","M","E","R","B",null,"M","?","M","$","?","R","M","M","T","E","R","M","$","M","R","B",null,"R","$","E","B"],"character_chosen":"DEFECT","items_purchased":["Defragment","Hologram","Lee\u0027s Waffle","Bottled Lightning","Cables","Auto Shields","Steam","Blizzard","Hologram"],"campfire_rested":1,"item_purchase_floors":[11,11,38,38,47,47,47,47,53],"current_hp_per_floor":[68,68,50,49,46,46,26,50,50,31,31,30,18,21,21,28,69,47,47,45,45,52,52,52,53,53,51,56,56,63,47,47,39,71,47,47,34,89,89,89,67,67,67,42,42,38,38,30,30,21,72,72,72,61,0],"gold":36,"neow_bonus":"REMOVE_TWO","is_prod":false,"is_daily":false,"chose_seed":false,"campfire_upgraded":7,"win_rate":0,"timestamp":1550265786,"path_taken":["M","M","?","M","?","R","E","R","T","E","?","M","M","E","R","BOSS","M","?","?","M","M","R","E","?","T","E","M","M","M","E","R","BOSS","M","?","M","$","?","R","?","?","T","E","R","M","$","M","R","BOSS","R","$","E","BOSS"],"build_version":"2019-01-23","purchased_purges":2,"victory":false,"max_hp_per_floor":[75,75,75,75,75,75,82,82,82,82,82,82,82,82,82,82,82,82,82,82,82,82,82,82,82,82,82,82,82,82,82,82,82,82,82,82,82,89,89,89,89,89,89,89,89,89,89,89,89,89,89,89,89,89,89],"card_choices":[{"not_picked":["Streamline","Leap"],"picked":"Go for the Eyes","floor":1.0},{"not_picked":["Rip and Tear","Stack"],"picked":"Turbo","floor":2.0},{"not_picked":["Barrage","Biased Cognition"],"picked":"Compile Driver","floor":4.0},{"not_picked":["Sweeping Beam","Coolheaded"],"picked":"Self Repair","floor":7.0},{"not_picked":["Reprogram","Steam"],"picked":"Chill","floor":10.0},{"not_picked":["Leap","Double Energy"],"picked":"Cold Snap","floor":12.0},{"not_picked":["Blizzard","Reprogram"],"picked":"Stack","floor":13.0},{"not_picked":["Turbo","Cold Snap"],"picked":"Rainbow","floor":14.0},{"not_picked":["Rainbow","Fission"],"picked":"Creative AI","floor":16.0},{"not_picked":[],"picked":"Steam","floor":18.0},{"not_picked":[],"picked":"Ball Lightning","floor":20.0},{"not_picked":["Streamline+1"],"picked":"SKIP","floor":21.0},{"not_picked":["Recycle"],"picked":"SKIP","floor":22.0},{"not_picked":[],"picked":"Cold Snap+1","floor":27.0},{"not_picked":[],"picked":"Steam Power","floor":28.0},{"not_picked":["Sweeping Beam"],"picked":"SKIP","floor":29.0},{"not_picked":["Gash"],"picked":"SKIP","floor":30.0},{"not_picked":["Redo"],"picked":"SKIP","floor":31.0},{"not_picked":[],"picked":"Creative AI","floor":33.0},{"not_picked":["Static Discharge+1"],"picked":"SKIP","floor":35.0},{"not_picked":["Skim+1"],"picked":"SKIP","floor":37.0},{"not_picked":[],"picked":"Coolheaded+1","floor":41.0},{"not_picked":["Gash"],"picked":"SKIP","floor":42.0},{"not_picked":[],"picked":"Leap","floor":44.0},{"not_picked":[],"picked":"BootSequence+1","floor":46.0},{"not_picked":[],"picked":"Loop+1","floor":48.0},{"not_picked":[],"picked":"Heatsinks+1","floor":54}],"player_experience":294428,"relics_obtained":[{"floor":7.0,"key":"Strawberry"},{"floor":10.0,"key":"Dream Catcher"},{"floor":14.0,"key":"Lantern"},{"floor":25.0,"key":"Red Mask"},{"floor":26.0,"key":"Kunai"},{"floor":27.0,"key":"Torii"},{"floor":31.0,"key":"Bag of Marbles"},{"floor":43.0,"key":"Smiling Mask"},{"floor":44.0,"key":"Gremlin Horn"},{"floor":54,"key":"Dead Branch"}],"event_choices":[{"damage_healed":0.0,"max_hp_gain":0.0,"max_hp_loss":0.0,"gold_gain":0.0,"event_name":"Golden Idol","player_choice":"Take Damage","floor":3.0,"gold_loss":0.0,"damage_taken":18.0,"relics_obtained":["Golden Idol"]},{"damage_healed":0.0,"max_hp_gain":0.0,"max_hp_loss":0.0,"gold_gain":0.0,"event_name":"Scrap Ooze","player_choice":"Success","floor":5.0,"gold_loss":0.0,"damage_taken":3.0,"relics_obtained":["Letter Opener"]},{"damage_healed":0.0,"max_hp_gain":0.0,"max_hp_loss":0.0,"gold_gain":0.0,"event_name":"WeMeetAgain","player_choice":"Gave Potion","floor":19.0,"gold_loss":0.0,"damage_taken":0.0,"relics_obtained":["DataDisk"]},{"damage_healed":0.0,"max_hp_gain":0.0,"max_hp_loss":0.0,"gold_gain":0.0,"event_name":"Masked Bandits","player_choice":"Fought Bandits","floor":25.0,"gold_loss":0.0,"damage_taken":0.0},{"damage_healed":0.0,"max_hp_gain":0.0,"max_hp_loss":0.0,"gold_gain":333.0,"event_name":"The Moai Head","player_choice":"Gave Idol","floor":36.0,"relics_lost":["Golden Idol"],"gold_loss":0.0,"damage_taken":0.0},{"damage_healed":0.0,"max_hp_gain":0.0,"max_hp_loss":0.0,"gold_gain":0.0,"event_name":"FaceTrader","player_choice":"Trade","floor":39.0,"gold_loss":0.0,"damage_taken":0.0,"relics_obtained":["CultistMask"]}],"is_beta":false,"boss_relics":[{"not_picked":["Astrolabe","Orrery"],"picked":"Busted Crown"},{"not_picked":["Empty Cage","FrozenCore"],"picked":"Sozu"}],"items_purged_floors":[38,47],"is_endless":false,"potions_floor_spawned":[2,10,13,16,21,24,27,30,31,33,37,41,46],"killed_by":"The Heart","ascension_level":9}