{"gold_per_floor":[119,130,205,480,1,1,15,28,100,70,70,82,113,129,129,129],"floor_reached":16,"playtime":982,"items_purged":["Regret"],"score":203,"play_id":"3d620bc8-da4c-462d-8649-163b20b73eb9","local_time":"20181018215258","is_ascension_mode":true,"campfire_choices":[{"data":"Infinite Blades","floor":6,"key":"SMITH"},{"data":"Cloak And Dagger","floor":11,"key":"SMITH"},{"data":"Accuracy","floor":15,"key":"SMITH"}],"neow_cost":"NONE","seed_source_timestamp":782911438551496,"circlet_count":0,"master_deck":["Defend_G","Defend_G","Defend_G","Defend_G","Defend_G","Strike_G","Strike_G","Strike_G","Strike_G","Strike_G","Survivor","Neutralize","AscendersBane","Slice","Acrobatics","Infinite Blades+1","Backstab+1","Backflip","Cloak And Dagger+1","Sucker Punch+1","Dagger Spray+1","Dodge and Roll","Accuracy+1"],"relics":["Ring of the Snake","Molten Egg 2","Sundial","Art of War"],"potions_floor_usage":[8,13,16],"damage_taken":[{"damage":1,"enemies":"Small Slimes","floor":1,"turns":4},{"damage":0,"enemies":"2 Louse","floor":2,"turns":4},{"damage":0,"enemies":"Cultist","floor":7,"turns":3},{"damage":0,"enemies":"2 Fungi Beasts","floor":8,"turns":2},{"damage":8,"enemies":"Exordium Thugs","floor":10,"turns":4},{"damage":1,"enemies":"Exordium Wildlife","floor":12,"turns":2},{"damage":15,"enemies":"Lagavulin","floor":13,"turns":7},{"damage":3,"enemies":"Blue Slaver","floor":14,"turns":3},{"damage":38,"enemies":"Hexaghost","floor":16,"turns":10}],"seed_played":"-7042504355458727961","potions_obtained":[{"floor":7,"key":"Poison Potion"},{"floor":10,"key":"SpeedPotion"},{"floor":12,"key":"Block Potion"},{"floor":14,"key":"Regen Potion"}],"is_trial":false,"path_per_floor":["M","M","?","?","$","R","M","M","T","M","R","M","E","M","R"],"character_chosen":"THE_SILENT","items_purchased":["Molten Egg 2","Backstab+1","Backflip"],"campfire_rested":0,"item_purchase_floors":[5,5,5],"current_hp_per_floor":[58,58,47,47,47,47,47,47,47,39,39,38,23,20,20,0],"gold":129,"neow_bonus":"THREE_CARDS","is_prod":false,"is_daily":false,"chose_seed":false,"campfire_upgraded":3,"win_rate":0,"timestamp":1539913978,"path_taken":["M","M","?","?","$","R","M","M","T","M","R","M","E","?","R","BOSS"],"build_version":"2018-10-18","purchased_purges":1,"victory":false,"max_hp_per_floor":[66,66,66,66,66,66,66,66,66,66,66,66,66,66,66,66],"card_choices":[{"not_picked":["Dagger Throw","Dodge and Roll"],"picked":"Slice","floor":0},{"not_picked":["Underhanded Strike","Poisoned Stab"],"picked":"Acrobatics","floor":1},{"not_picked":["Accuracy","Backstab"],"picked":"Infinite Blades","floor":2},{"not_picked":["Underhanded Strike+1","PiercingWail"],"picked":"Cloak And Dagger","floor":7},{"not_picked":["Underhanded Strike+1","Catalyst"],"picked":"Sucker Punch+1","floor":8},{"not_picked":["Flying Knee+1","Predator+1"],"picked":"Dagger Spray+1","floor":10},{"not_picked":["PiercingWail","Leg Sweep"],"picked":"Dodge and Roll","floor":12},{"not_picked":["Burst","Dodge and Roll"],"picked":"Accuracy","floor":13},{"not_picked":["Outmaneuver","Poisoned Stab+1","Sucker Punch+1"],"picked":"SKIP","floor":14}],"player_experience":769763,"relics_obtained":[{"floor":9,"key":"Sundial"},{"floor":13,"key":"Art of War"}],"event_choices":[{"damage_healed":0,"gold_gain":75,"player_choice":"Gather Gold","damage_taken":11,"max_hp_gain":0,"max_hp_loss":0,"event_name":"World of Goop","floor":3,"gold_loss":0},{"damage_healed":0,"gold_gain":275,"player_choice":"Desecrate","damage_taken":0,"max_hp_gain":0,"max_hp_loss":0,"event_name":"Golden Shrine","floor":4,"gold_loss":0,"cards_obtained":["Regret"]}],"is_beta":false,"boss_relics":[],"items_purged_floors":[5],"is_endless":false,"potions_floor_spawned":[7,10,12,14],"killed_by":"Hexaghost","ascension_level":19}