{"gold_per_floor":[111,130,145,163,179,179,197,225,225,259,272,205,205,239,239,310,310,328,345,84,84,101,127,127,127,201,201,201,220,40,55,55,55],"floor_reached":33,"playtime":1331,"items_purged":["Strike_R","Strike_R"],"score":578,"play_id":"c1913257-f4fc-4d77-9091-3f13852de16c","local_time":"20181114214342","is_ascension_mode":true,"campfire_choices":[{"data":"Uppercut","floor":6,"key":"SMITH"},{"floor":13,"key":"REST"},{"floor":15,"key":"REST"},{"floor":25,"key":"REST"},{"data":"Fire Breathing","floor":27,"key":"SMITH"},{"data":"Inflame","floor":32,"key":"SMITH"}],"neow_cost":"NONE","seed_source_timestamp":14927252166996,"circlet_count":0,"master_deck":["AscendersBane","Strike_R","Strike_R","Strike_R","Defend_R","Defend_R","Defend_R","Defend_R","Bash+1","Uppercut+1","Flex","Headbutt","Twin Strike","Fire Breathing+1","Metallicize","Offering","Iron Wave","Reaper","Body Slam+1","Mayhem","Writhe","Anger","Ghostly","Ghostly","Ghostly","Iron Wave","Double Tap","Inflame+1"],"relics":["Burning Blood","Bronze Scales","Pear","Mummified Hand","Lantern","Sozu","Mango","Centennial Puzzle","Letter Opener","Matryoshka"],"potions_floor_usage":[8,10,14,16,23],"damage_taken":[{"damage":15,"enemies":"2 Louse","floor":1,"turns":3},{"damage":13,"enemies":"Jaw Worm","floor":2,"turns":4},{"damage":4,"enemies":"Small Slimes","floor":3,"turns":3},{"damage":5,"enemies":"Exordium Wildlife","floor":4,"turns":4},{"damage":23,"enemies":"Blue Slaver","floor":5,"turns":5},{"damage":23,"enemies":"Exordium Thugs","floor":7,"turns":5},{"damage":9,"enemies":"Lagavulin","floor":8,"turns":7},{"damage":13,"enemies":"3 Sentries","floor":10,"turns":4},{"damage":6,"enemies":"Looter","floor":11,"turns":3},{"damage":26,"enemies":"Gremlin Nob","floor":14,"turns":4},{"damage":38,"enemies":"Slime Boss","floor":16,"turns":10},{"damage":26,"enemies":"2 Thieves","floor":18,"turns":3},{"damage":18,"enemies":"3 Byrds","floor":19,"turns":4},{"damage":19,"enemies":"Snecko","floor":22,"turns":5},{"damage":50,"enemies":"Book of Stabbing","floor":23,"turns":4},{"damage":13,"enemies":"Shelled Parasite and Fungi","floor":29,"turns":4},{"damage":22,"enemies":"Centurion and Healer","floor":31,"turns":6},{"damage":34,"enemies":"Champ","floor":33,"turns":9}],"seed_played":"3022687876520042479","potions_obtained":[{"floor":1,"key":"Ancient Potion"},{"floor":2,"key":"AttackPotion"},{"floor":11,"key":"BloodPotion"},{"floor":14,"key":"Dexterity Potion"},{"floor":16,"key":"SteroidPotion"}],"is_trial":false,"path_per_floor":["M","M","M","M","M","R","M","E","T","E","M","?","R","E","R","B",null,"M","M","$","?","M","E","T","R","T","R","?","M","$","M","R","B"],"character_chosen":"IRONCLAD","items_purchased":["Mayhem","Double Tap"],"campfire_rested":3,"item_purchase_floors":[20,30],"current_hp_per_floor":[59,52,54,55,38,38,21,18,28,21,21,21,46,34,59,27,71,61,56,56,70,61,17,17,46,46,46,46,39,39,33,33,9],"gold":55,"neow_bonus":"UPGRADE_CARD","is_prod":false,"is_daily":false,"chose_seed":false,"campfire_upgraded":3,"win_rate":0,"timestamp":1542249822,"path_taken":["M","M","M","M","M","R","M","E","T","E","M","?","R","E","R","BOSS","M","M","$","?","M","E","?","R","T","R","?","M","$","M","R","BOSS"],"build_version":"2018-11-08","purchased_purges":2,"victory":false,"max_hp_per_floor":[75,75,75,75,75,75,75,75,85,85,85,85,85,85,85,85,85,85,85,85,99,99,99,99,99,99,99,49,49,49,49,49,49],"card_choices":[{"not_picked":["Combust","Rupture"],"picked":"Uppercut","floor":1},{"not_picked":["Entrench","Clash"],"picked":"Flex","floor":2},{"not_picked":["Rampage","Evolve"],"picked":"Headbutt","floor":3},{"not_picked":["Anger","Clash"],"picked":"Twin Strike","floor":4},{"not_picked":["Headbutt","Warcry"],"picked":"Fire Breathing","floor":5},{"not_picked":["Heavy Blade","Sever Soul"],"picked":"Metallicize","floor":7},{"not_picked":["Clothesline","Warcry"],"picked":"Offering","floor":8},{"not_picked":["Double Tap","Fiend Fire"],"picked":"Iron Wave","floor":10},{"not_picked":["Body Slam","Havoc","Thunderclap"],"picked":"SKIP","floor":11},{"not_picked":["Searing Blow","Power Through","Clothesline"],"picked":"SKIP","floor":14},{"not_picked":["Dark Embrace","Exhume"],"picked":"Reaper","floor":16},{"not_picked":["Havoc","Heavy Blade"],"picked":"Body Slam+1","floor":18},{"not_picked":["Body Slam","Twin Strike","Sentinel"],"picked":"SKIP","floor":19},{"not_picked":["Havoc","Feel No Pain","Seeing Red"],"picked":"SKIP","floor":22},{"not_picked":["Pummel","Seeing Red"],"picked":"Anger","floor":23},{"not_picked":["Thunderclap","Flex"],"picked":"Iron Wave","floor":29},{"not_picked":["Searing Blow","Rupture"],"picked":"Inflame","floor":31}],"player_experience":895729,"relics_obtained":[{"floor":8,"key":"Bronze Scales"},{"floor":9,"key":"Pear"},{"floor":10,"key":"Mummified Hand"},{"floor":14,"key":"Lantern"},{"floor":23,"key":"Centennial Puzzle"},{"floor":24,"key":"Letter Opener"},{"floor":26,"key":"Matryoshka"}],"event_choices":[{"damage_healed":0,"gold_gain":0,"player_choice":"Left Gold","damage_taken":0,"max_hp_gain":0,"max_hp_loss":0,"event_name":"World of Goop","floor":12,"gold_loss":67},{"damage_healed":0,"gold_gain":0,"player_choice":"Opened","damage_taken":0,"relics_obtained":["Mango"],"max_hp_gain":0,"max_hp_loss":0,"event_name":"The Mausoleum","floor":21,"gold_loss":0,"cards_obtained":["Writhe"]},{"damage_healed":0,"gold_gain":0,"player_choice":"Became a Ghost","damage_taken":0,"max_hp_gain":0,"max_hp_loss":50,"event_name":"Ghosts","floor":28,"gold_loss":0,"cards_obtained":["Ghostly","Ghostly","Ghostly"]}],"is_beta":false,"boss_relics":[{"not_picked":["Lizard Tail","Empty Cage"],"picked":"Sozu"}],"items_purged_floors":[20,30],"is_endless":false,"potions_floor_spawned":[1,2,4,11,14,16,19,23,29,31],"killed_by":"Champ","ascension_level":20}