{"gold_per_floor":[117,87,102,115,133,159,176,141,141,161,161,161,186,196,196,298,298,310,300,300],"floor_reached":20,"playtime":817,"items_purged":[],"score":301,"play_id":"f0a59010-7666-43a4-956f-64e1789565f2","local_time":"20190219190824","is_ascension_mode":true,"campfire_choices":[{"data":"Zap","floor":11,"key":"SMITH"},{"floor":15,"key":"REST"}],"neow_cost":"NONE","seed_source_timestamp":585665446669651,"circlet_count":0,"master_deck":["AscendersBane","Strike_B","Strike_B","Strike_B","Defend_B","Defend_B","Defend_B","Defend_B","Zap+1","Dualcast","Streamline","Cold Snap","Redo","Go for the Eyes","Loop","Coolheaded","Reinforced Body","Auto Shields","Buffer","Darkness","Ball Lightning"],"relics":["Cracked Core","NeowsBlessing","The Courier","Bronze Scales","Juzu Bracelet","Runic Pyramid"],"potions_floor_usage":[13,13,13,20],"damage_taken":[{"damage":0,"enemies":"2 Louse","floor":1,"turns":1},{"damage":0,"enemies":"Cultist","floor":3,"turns":1},{"damage":0,"enemies":"Jaw Worm","floor":4,"turns":1},{"damage":0,"enemies":"3 Louse","floor":5,"turns":3},{"damage":34,"enemies":"3 Sentries","floor":6,"turns":8},{"damage":0,"enemies":"Exordium Thugs","floor":7,"turns":4},{"damage":10,"enemies":"Blue Slaver","floor":10,"turns":3},{"damage":6,"enemies":"Lagavulin","floor":13,"turns":6},{"damage":4,"enemies":"2 Fungi Beasts","floor":14,"turns":4},{"damage":33,"enemies":"Slime Boss","floor":16,"turns":15},{"damage":8,"enemies":"Spheric Guardian","floor":18,"turns":6},{"damage":15,"enemies":"2 Thieves","floor":19,"turns":4},{"damage":40,"enemies":"3 Cultists","floor":20,"turns":5}],"seed_played":"-3351534331545357098","potions_obtained":[{"floor":2,"key":"FearPotion"},{"floor":2,"key":"EntropicBrew"},{"floor":7,"key":"SkillPotion"},{"floor":13,"key":"Energy Potion"}],"is_trial":false,"path_per_floor":["M","?","M","M","M","E","M","?","T","M","R","?","E","M","R","B",null,"M","M","M"],"character_chosen":"DEFECT","items_purchased":[],"campfire_rested":1,"item_purchase_floors":[],"current_hp_per_floor":[68,68,68,68,68,34,34,52,52,42,42,42,36,32,54,21,62,54,39,0],"gold":300,"neow_bonus":"THREE_ENEMY_KILL","is_prod":false,"is_daily":false,"chose_seed":false,"campfire_upgraded":1,"win_rate":0,"timestamp":1550621304,"path_taken":["M","?","M","?","M","E","M","?","T","M","R","?","E","M","R","BOSS","M","M","M"],"build_version":"2019-01-23","purchased_purges":0,"victory":false,"max_hp_per_floor":[75,75,75,75,75,75,75,75,75,75,75,75,75,75,75,75,75,75,75,75],"card_choices":[{"not_picked":["Sunder","Recycle"],"picked":"Streamline","floor":1},{"not_picked":["Scrape","Hologram"],"picked":"Cold Snap","floor":3},{"not_picked":["Chaos","Consume"],"picked":"Redo","floor":4},{"not_picked":["Steam","Hologram"],"picked":"Go for the Eyes","floor":5},{"not_picked":["Amplify","Reprogram"],"picked":"Loop","floor":6},{"not_picked":["Streamline","Double Energy"],"picked":"Coolheaded","floor":7},{"not_picked":["Scrape","Rebound"],"picked":"Reinforced Body","floor":10},{"not_picked":["Barrage","Beam Cell"],"picked":"Auto Shields","floor":13},{"not_picked":["Coolheaded","Force Field","Thunder Strike"],"picked":"SKIP","floor":14},{"not_picked":["Fission","Thunder Strike"],"picked":"Buffer","floor":16},{"not_picked":["Sweeping Beam","Conserve Battery"],"picked":"Darkness","floor":18},{"not_picked":["Beam Cell","Sweeping Beam"],"picked":"Ball Lightning","floor":19}],"player_experience":320528,"relics_obtained":[{"floor":6,"key":"The Courier"},{"floor":9,"key":"Bronze Scales"},{"floor":13,"key":"Juzu Bracelet"}],"event_choices":[{"damage_healed":0,"gold_gain":0,"player_choice":"Bought 2 Potions","damage_taken":0,"max_hp_gain":0,"max_hp_loss":0,"event_name":"The Woman in Blue","floor":2,"gold_loss":0},{"damage_healed":18,"gold_gain":0,"player_choice":"Healed","damage_taken":0,"max_hp_gain":0,"max_hp_loss":0,"event_name":"The Cleric","floor":8,"gold_loss":35},{"cards_removed":["Strike_B"],"damage_healed":0,"gold_gain":0,"player_choice":"Offered Basic","damage_taken":0,"max_hp_gain":0,"max_hp_loss":0,"event_name":"Bonfire Elementals","floor":12,"gold_loss":0}],"is_beta":false,"boss_relics":[{"not_picked":["Empty Cage","Black Star"],"picked":"Runic Pyramid"}],"items_purged_floors":[],"is_endless":false,"potions_floor_spawned":[3,4,7,13],"killed_by":"3 Cultists","ascension_level":12}