{"path_per_floor":["M","?","?","M","?","E","$","R","T","$","E","R","M","?","R"],"character_chosen":"IRONCLAD","items_purchased":["Pantograph"],"gold_per_floor":[116,191,291,311,311,344,23,23,23,23,53,53,73,73,73,73],"floor_reached":16,"campfire_rested":0,"playtime":1651,"current_hp_per_floor":[80,69,69,74,67,47,47,47,47,47,26,26,46,51,51,0],"items_purged":["Strike_R"],"gold":73,"score":106,"play_id":"1e10ea23-95d1-4f88-b08b-d4bee94761ef","local_time":"20180520200408","is_prod":false,"is_daily":false,"chose_seed":false,"is_ascension_mode":false,"campfire_upgraded":3,"timestamp":1526843048,"campfire_choices":[{"data":"Rampage","floor":8,"key":"SMITH"},{"data":"Headbutt","floor":12,"key":"SMITH"},{"data":"Body Slam","floor":15,"key":"SMITH"}],"path_taken":["M","?","?","M","?","E","$","R","T","?","E","R","M","?","R","BOSS"],"build_version":"2018-05-17","seed_source_timestamp":98198407287060,"purchased_purges":1,"victory":false,"master_deck":["Strike_R","Strike_R","Strike_R","Strike_R","Defend_R","Defend_R","Defend_R","Defend_R","Bash","Clumsy","Heavy Blade","Body Slam+1","Rampage+1","Headbutt+1"],"max_hp_per_floor":[80,80,80,80,80,80,80,80,80,80,80,80,80,85,85,85],"relics":["Burning Blood","Bird Faced Urn","Frozen Egg 2","Meat on the Bone","Pantograph","Blood Vial","Lantern"],"card_choices":[{"not_picked":["Metallicize","Thunderclap"],"picked":"Heavy Blade","floor":1},{"not_picked":["Wild Strike","Warcry"],"picked":"Body Slam","floor":4},{"not_picked":["Seeing Red","Exhume"],"picked":"Rampage","floor":6},{"not_picked":["Havoc","Thunderclap"],"picked":"Headbutt","floor":11},{"not_picked":["Pummel","Sword Boomerang","Clash"],"picked":"SKIP","floor":13}],"player_experience":102113,"potions_floor_usage":[6,16],"damage_taken":[{"damage":6,"enemies":"Jaw Worm","floor":1,"turns":4},{"damage":1,"enemies":"Cultist","floor":4,"turns":3},{"damage":26,"enemies":"3 Sentries","floor":6,"turns":11},{"damage":41,"enemies":"Lagavulin","floor":11,"turns":8},{"damage":0,"enemies":"Small Slimes","floor":13,"turns":3},{"damage":81,"enemies":"Hexaghost","floor":16,"turns":9}],"relics_obtained":[{"floor":6,"key":"Meat on the Bone"},{"floor":9,"key":"Blood Vial"},{"floor":11,"key":"Lantern"}],"event_choices":[{"event_name":"World of Goop","player_choice":"Gather Gold","floor":2,"damage_taken":0},{"event_name":"Wheel of Change","player_choice":"Gold","floor":3,"damage_taken":0},{"event_name":"Scrap Ooze","player_choice":"success","floor":5,"damage_taken":7},{"event_name":"Big Fish","player_choice":"Donut","floor":14,"damage_taken":0}],"boss_relics":[],"potions_floor_spawned":[4,11],"seed_played":"-5784116902819033959","killed_by":"Hexaghost","ascension_level":0,"potions_obtained":[{"floor":4,"key":"FearPotion"},{"floor":11,"key":"Poison Potion"}],"is_trial":false}