{"gold_per_floor":[119,138,103,103,121,147,297,35,35,18,18,52,52,64,64,137,137,137,137,40,40,40,40,40,40,40,40,40],"floor_reached":28,"playtime":1361,"items_purged":["Doubt"],"score":422,"play_id":"5022a515-61b6-4d81-9d06-f8232524da42","local_time":"20190509215951","is_ascension_mode":true,"campfire_choices":[{"floor":11,"key":"REST"},{"data":"Bouncing Flask","floor":13,"key":"SMITH"},{"data":"Noxious Fumes","floor":15,"key":"SMITH"},{"floor":23,"key":"REST"}],"neow_cost":"PERCENT_DAMAGE","seed_source_timestamp":358544398483571,"circlet_count":0,"master_deck":["AscendersBane","Defend_G","Defend_G","Defend_G","Defend_G","Defend_G","Strike_G","Strike_G","Strike_G","Strike_G","Strike_G","Survivor","Neutralize+1","Jack Of All Trades","Purity","Sucker Punch","Heel Hook","Noxious Fumes+1","Deadly Poison","Bouncing Flask+1","Blind","Poisoned Stab+1","Backstab+1","Dagger Throw+1","Tools of the Trade","Acrobatics","Escape Plan","Cloak And Dagger","Writhe","Dash+1","Envenom","Heel Hook+1"],"relics":["Ring of the Snake","The Specimen","Molten Egg 2","FossilizedHelix","Ectoplasm","Mercury Hourglass","StoneCalendar","MutagenicStrength"],"potions_floor_usage":[6,16,16,22,25,25,28],"damage_taken":[{"damage":6,"enemies":"2 Louse","floor":1,"turns":6},{"damage":0,"enemies":"Jaw Worm","floor":2,"turns":6},{"damage":4,"enemies":"Small Slimes","floor":5,"turns":6},{"damage":20,"enemies":"3 Sentries","floor":6,"turns":3},{"damage":5,"enemies":"Exordium Thugs","floor":10,"turns":4},{"damage":6,"enemies":"Gremlin Nob","floor":12,"turns":3},{"damage":0,"enemies":"Blue Slaver","floor":14,"turns":2},{"damage":18,"enemies":"Hexaghost","floor":16,"turns":7},{"damage":8,"enemies":"Shell Parasite","floor":18,"turns":4},{"damage":0,"enemies":"Spheric Guardian","floor":22,"turns":4},{"damage":23,"enemies":"Shelled Parasite and Fungi","floor":24,"turns":5},{"damage":24,"enemies":"Centurion and Healer","floor":25,"turns":4},{"damage":10,"enemies":"Slavers","floor":28,"turns":3}],"seed_played":"6636279296212726050","potions_obtained":[{"floor":5,"key":"AttackPotion"},{"floor":12,"key":"Strength Potion"},{"floor":14,"key":"Poison Potion"},{"floor":16,"key":"Dexterity Potion"},{"floor":18,"key":"Ancient Potion"},{"floor":24,"key":"SteroidPotion"},{"floor":25,"key":"Swift Potion"}],"is_trial":false,"path_per_floor":["M","M","?","?","M","E","?","$","T","M","R","E","R","M","R","B",null,"M","?","$","?","M","R","M","M","T","?","E"],"character_chosen":"THE_SILENT","items_purchased":["Bouncing Flask","Blind","Escape Plan","Cloak And Dagger"],"campfire_rested":2,"item_purchase_floors":[8,8,20,20],"current_hp_per_floor":[38,38,54,54,50,30,30,30,30,25,44,38,38,38,38,20,55,47,29,29,29,29,50,27,3,3,3,0],"gold":40,"neow_bonus":"RANDOM_COLORLESS_2","is_prod":false,"is_daily":false,"chose_seed":false,"campfire_upgraded":2,"win_rate":0,"timestamp":1557464391,"path_taken":["M","M","?","?","M","E","?","$","T","?","R","E","R","M","R","BOSS","M","?","$","?","M","R","?","M","T","?","E"],"build_version":"2019-01-23","purchased_purges":1,"victory":false,"max_hp_per_floor":[66,66,66,66,66,66,66,66,66,66,66,66,66,66,66,66,66,66,71,71,71,71,71,71,71,71,71,71],"card_choices":[{"not_picked":["Outmaneuver","Terror"],"picked":"Sucker Punch","floor":1},{"not_picked":["Backflip","Dagger Throw"],"picked":"Heel Hook","floor":2},{"not_picked":["Accuracy","Predator"],"picked":"Noxious Fumes","floor":5},{"not_picked":["Catalyst","Predator"],"picked":"Deadly Poison","floor":6},{"not_picked":["Sucker Punch+1","Calculated Gamble"],"picked":"Poisoned Stab+1","floor":10},{"not_picked":["Accuracy","Setup"],"picked":"Backstab+1","floor":12},{"not_picked":["Concentrate","Dagger Spray+1"],"picked":"Dagger Throw+1","floor":14},{"not_picked":["Doppelganger","Night Terror"],"picked":"Tools of the Trade","floor":16},{"not_picked":["Sucker Punch+1","Distraction"],"picked":"Acrobatics","floor":18},{"not_picked":["Deflect","PiercingWail"],"picked":"Dash+1","floor":22},{"not_picked":["Outmaneuver","Cloak And Dagger"],"picked":"Envenom","floor":24},{"not_picked":["Escape Plan","Underhanded Strike+1"],"picked":"Heel Hook+1","floor":25}],"player_experience":664520,"relics_obtained":[{"floor":6,"key":"The Specimen"},{"floor":9,"key":"Molten Egg 2"},{"floor":12,"key":"FossilizedHelix"},{"floor":26,"key":"StoneCalendar"}],"event_choices":[{"damage_healed":16,"gold_gain":0,"player_choice":"Healed","damage_taken":0,"max_hp_gain":0,"max_hp_loss":0,"event_name":"The Cleric","floor":3,"gold_loss":35},{"damage_healed":0,"gold_gain":0,"player_choice":"Grow","damage_taken":0,"max_hp_gain":0,"max_hp_loss":0,"event_name":"Living Wall","floor":4,"gold_loss":0,"cards_upgraded":["Neutralize"]},{"damage_healed":0,"gold_gain":150,"player_choice":"AGREE","damage_taken":0,"max_hp_gain":0,"max_hp_loss":0,"event_name":"Liars Game","floor":7,"gold_loss":0,"cards_obtained":["Doubt"]},{"damage_healed":0,"gold_gain":0,"player_choice":"Shed Blood","damage_taken":23,"max_hp_gain":5,"max_hp_loss":0,"event_name":"Forgotten Altar","floor":19,"gold_loss":0},{"damage_healed":0,"gold_gain":0,"player_choice":"Opened","damage_taken":0,"relics_obtained":["Mercury Hourglass"],"max_hp_gain":0,"max_hp_loss":0,"event_name":"The Mausoleum","floor":21,"gold_loss":0,"cards_obtained":["Writhe"]},{"damage_healed":0,"gold_gain":0,"player_choice":"Inject Mutagens","damage_taken":0,"relics_obtained":["MutagenicStrength"],"max_hp_gain":0,"max_hp_loss":0,"event_name":"Drug Dealer","floor":27,"gold_loss":0}],"is_beta":false,"boss_relics":[{"not_picked":["Snecko Eye","Empty Cage"],"picked":"Ectoplasm"}],"items_purged_floors":[8],"is_endless":false,"potions_floor_spawned":[5,12,14,16,18,24,25],"killed_by":"Slavers","ascension_level":17}