{"gold_per_floor":[144,18,18,63,108,108,198,243,243,288,16,16,65,114,114,114],"floor_reached":16,"playtime":675,"items_purged":["Strike_R","Strike_R"],"score":104,"play_id":"7bd9647a-c893-4027-8589-374a6a3580af","local_time":"20180724174259","daily_mods":["Diverse","Midas","Uncertain Future"],"is_ascension_mode":false,"campfire_choices":[{"floor":6,"key":"REST"},{"floor":15,"key":"REST"}],"neow_cost":"","seed_source_timestamp":0,"circlet_count":0,"master_deck":["Strike_R","Strike_R","Strike_R","Defend_R","Defend_R","Defend_R","Defend_R","Bash","Streamline","Disarm","Beam Cell","Offering","Dagger Throw","Leap","Sweeping Beam"],"special_seed":17736,"relics":["Burning Blood","Potion Belt","Nunchaku","Omamori","Golden Idol"],"potions_floor_usage":[7,16,16],"damage_taken":[{"damage":0,"enemies":"2 Louse","floor":1,"turns":2},{"damage":6,"enemies":"Jaw Worm","floor":4,"turns":3},{"damage":1,"enemies":"Cultist","floor":5,"turns":3},{"damage":15,"enemies":"3 Sentries","floor":7,"turns":8},{"damage":26,"enemies":"Exordium Thugs","floor":8,"turns":4},{"damage":11,"enemies":"Large Slime","floor":10,"turns":4},{"damage":5,"enemies":"Looter","floor":13,"turns":3},{"damage":0,"enemies":"3 Louse","floor":14,"turns":3},{"damage":74,"enemies":"Hexaghost","floor":16,"turns":15}],"seed_played":"-218002140433653239","potions_obtained":[{"floor":4,"key":"SteroidPotion"},{"floor":7,"key":"PowerPotion"},{"floor":8,"key":"Block Potion"}],"is_trial":false,"path_per_floor":["M","$","?","M","M","R","E","M","T","M","$","?","M","M","R"],"character_chosen":"IRONCLAD","items_purchased":["Streamline","Omamori","Dagger Throw"],"campfire_rested":2,"item_purchase_floors":[2,11,11],"current_hp_per_floor":[80,80,80,80,80,80,71,51,51,46,46,46,47,53,74,0],"gold":114,"neow_bonus":"","is_prod":false,"is_daily":true,"chose_seed":false,"campfire_upgraded":0,"win_rate":0,"timestamp":1532468579,"path_taken":["M","$","?","M","M","R","E","M","T","M","?","?","M","M","R","BOSS"],"build_version":"2018-07-19v2","purchased_purges":2,"victory":false,"max_hp_per_floor":[80,80,80,80,80,80,80,80,80,80,80,74,74,74,74,74],"card_choices":[{"not_picked":["Underhanded Strike","Body Slam","Warcry"],"picked":"SKIP","floor":1},{"not_picked":["Expertise","Static Discharge"],"picked":"Disarm","floor":4},{"not_picked":["Lockon","Dodge and Roll"],"picked":"Beam Cell","floor":5},{"not_picked":["Calculated Gamble","All For One"],"picked":"Offering","floor":7},{"not_picked":["True Grit","Concentrate","Blizzard"],"picked":"SKIP","floor":8},{"not_picked":["Combust","Deflect","Poisoned Stab"],"picked":"SKIP","floor":10},{"not_picked":["Cold Snap","Stack"],"picked":"Leap","floor":13},{"not_picked":["Outmaneuver","Clash"],"picked":"Sweeping Beam","floor":14}],"player_experience":523370,"relics_obtained":[{"floor":7,"key":"Potion Belt"},{"floor":9,"key":"Nunchaku"}],"event_choices":[{"event_name":"Liars Game","player_choice":"disagreed","floor":3,"damage_taken":0},{"event_name":"Golden Idol","player_choice":"Lose Max HP","floor":12,"damage_taken":0}],"is_beta":false,"boss_relics":[],"items_purged_floors":[2,11],"is_endless":false,"potions_floor_spawned":[4,7,8],"killed_by":"Hexaghost","ascension_level":0}