{"gold_per_floor":[111,111,129,8,8,41,41,55,136,167,180,180,191,208,208,312,312,330,330,88,101,115,115,140,17,42,56,56,56,66,96,96,201,201,216,216,216,236,186,186,219,219,219,219,64,76,76,107,107,107],"floor_reached":51,"playtime":4039,"items_purged":["Strike_B","Zap","Stack","Streamline+1"],"score":728,"play_id":"65e94ff1-43ad-490c-9b59-1cc9460ad630","local_time":"20180821012344","is_ascension_mode":false,"campfire_choices":[{"data":"Conserve Battery","floor":7,"key":"SMITH"},{"data":"Coolheaded","floor":15,"key":"SMITH"},{"data":"Reboot","floor":23,"key":"SMITH"},{"data":"Fusion","floor":29,"key":"SMITH"},{"floor":32,"key":"REST"},{"data":"Self Repair","floor":40,"key":"SMITH"},{"data":"Leap","floor":42,"key":"SMITH"},{"data":"Static Discharge","floor":44,"key":"SMITH"},{"data":"Consume","floor":47,"key":"SMITH"},{"floor":49,"key":"REST"}],"neow_cost":"NONE","seed_source_timestamp":104956447795148,"circlet_count":0,"master_deck":["Dualcast","Static Discharge+1","Coolheaded+1","Conserve Battery+1","Self Repair+1","Reboot+1","FTL+1","Coolheaded","Barrage+1","Leap+1","Rip and Tear+1","RitualDagger+1","Sunder+1","Melter+1","Fusion+1","Capacitor","Electrodynamics","Consume+1","Capacitor"],"relics":["Cracked Core","NeowsBlessing","Mercury Hourglass","Bag of Marbles","Molten Egg 2","Smiling Mask","Pandora\u0027s Box","Toolbox","DataDisk","Happy Flower","Ice Cream","Blue Candle","Runic Pyramid","NlothsMask","Omamori","Bottled Flame"],"potions_floor_usage":[10,11,24,31,31,50,50,50],"damage_taken":[{"damage":0,"enemies":"2 Louse","floor":1,"turns":1},{"damage":0,"enemies":"Cultist","floor":3,"turns":1},{"damage":0,"enemies":"Lagavulin","floor":6,"turns":1},{"damage":1,"enemies":"Jaw Worm","floor":8,"turns":2},{"damage":18,"enemies":"Gremlin Nob","floor":10,"turns":4},{"damage":4,"enemies":"Exordium Thugs","floor":11,"turns":4},{"damage":6,"enemies":"2 Fungi Beasts","floor":13,"turns":3},{"damage":10,"enemies":"3 Louse","floor":14,"turns":3},{"damage":44,"enemies":"Slime Boss","floor":16,"turns":11},{"damage":3,"enemies":"Spheric Guardian","floor":18,"turns":4},{"damage":5,"enemies":"2 Thieves","floor":21,"turns":4},{"damage":13,"enemies":"Centurion and Healer","floor":22,"turns":6},{"damage":15,"enemies":"Gremlin Leader","floor":24,"turns":5},{"damage":11,"enemies":"Snake Plant","floor":27,"turns":4},{"damage":0,"enemies":"Chosen and Byrds","floor":30,"turns":5},{"damage":18,"enemies":"Slavers","floor":31,"turns":5},{"damage":34,"enemies":"Collector","floor":33,"turns":7},{"damage":13,"enemies":"Orb Walker","floor":35,"turns":3},{"damage":1,"enemies":"3 Shapes","floor":38,"turns":3},{"damage":41,"enemies":"Nemesis","floor":41,"turns":5},{"damage":1,"enemies":"3 Darklings","floor":46,"turns":5},{"damage":39,"enemies":"2 Orb Walkers","floor":48,"turns":4},{"damage":32,"enemies":"Awakened One","floor":50,"turns":11}],"seed_played":"-8156871671605819967","potions_obtained":[{"floor":3,"key":"Dexterity Potion"},{"floor":6,"key":"SkillPotion"},{"floor":10,"key":"FocusPotion"},{"floor":11,"key":"Ancient Potion"},{"floor":13,"key":"Dexterity Potion"},{"floor":24,"key":"Swift Potion"},{"floor":30,"key":"SpeedPotion"},{"floor":46,"key":"FearPotion"},{"floor":48,"key":"EssenceOfSteel"}],"is_trial":false,"path_per_floor":["M","?","M","$","T","E","R","M","T","E","M","T","M","M","R","B",null,"M","?","$","M","M","R","E","$","T","M","?","R","M","E","R","B",null,"M","?","?","M","$","R","E","R","T","R","$","M","R","E","R","B"],"character_chosen":"DEFECT","items_purchased":["Conserve Battery","Toolbox","Capacitor","Consume","Capacitor"],"campfire_rested":2,"item_purchase_floors":[4,20,25,45,45],"current_hp_per_floor":[75,75,75,75,75,75,75,75,75,64,67,67,68,65,65,28,75,75,69,69,64,58,58,50,50,50,46,46,46,53,42,64,41,75,69,69,69,75,75,75,54,54,54,54,54,63,63,34,56,34],"gold":107,"neow_bonus":"THREE_ENEMY_KILL","is_prod":false,"is_daily":false,"chose_seed":false,"campfire_upgraded":8,"win_rate":0,"timestamp":1534811024,"path_taken":["M","?","?","$","?","E","R","?","T","E","M","?","M","M","R","BOSS","M","?","$","M","M","R","E","$","T","M","?","R","M","E","R","BOSS","M","?","?","M","$","R","E","R","T","R","?","?","R","E","R","BOSS"],"build_version":"2018-08-16","purchased_purges":4,"victory":true,"max_hp_per_floor":[75,75,75,75,75,75,75,75,75,75,75,75,75,75,75,75,75,75,75,75,75,75,75,75,75,75,75,75,75,75,75,75,75,75,75,75,75,75,75,75,75,75,75,75,75,75,75,75,75,75],"card_choices":[{"not_picked":["Compile Driver","Doom and Gloom"],"picked":"Static Discharge","floor":1},{"not_picked":["Beam Cell","Sweeping Beam"],"picked":"Coolheaded","floor":3},{"not_picked":["Conserve Battery","Hologram"],"picked":"Self Repair","floor":6},{"not_picked":["Force Field","Consume","Barrage"],"picked":"SKIP","floor":8},{"not_picked":["Steam","Turbo","Double Energy"],"picked":"SKIP","floor":10},{"not_picked":["Force Field","Tempest","Rebound+1"],"picked":"SKIP","floor":11},{"not_picked":["Amplify","Sweeping Beam+1","Heatsinks"],"picked":"SKIP","floor":13},{"not_picked":["Compile Driver+1","Turbo","Hologram"],"picked":"SKIP","floor":14},{"not_picked":["Thunder Strike+1","Multi-Cast"],"picked":"Reboot","floor":16},{"not_picked":["Streamline+1","Doom and Gloom+1","Coolheaded"],"picked":"SKIP","floor":18},{"not_picked":["Rebound+1","Heatsinks"],"picked":"Sunder+1","floor":21},{"not_picked":["Ball Lightning+1","Conserve Battery"],"picked":"Melter+1","floor":22},{"not_picked":["Turbo","Beam Cell+1"],"picked":"Fusion","floor":24},{"not_picked":["Chill","Conserve Battery","Streamline+1"],"picked":"SKIP","floor":27},{"not_picked":["Ball Lightning+1","Multi-Cast","Blizzard+1"],"picked":"SKIP","floor":30},{"not_picked":["Gash+1","Redo","Thunder Strike+1"],"picked":"SKIP","floor":31},{"not_picked":["Machine Learning","Multi-Cast"],"picked":"Electrodynamics","floor":33},{"not_picked":["Double Energy+1","Ball Lightning+1","Aggregate"],"picked":"SKIP","floor":35},{"not_picked":["Darkness+1","Gash+1","Lockon+1"],"picked":"SKIP","floor":38},{"not_picked":["Cold Snap+1","Double Energy+1","Amplify"],"picked":"SKIP","floor":41},{"not_picked":["Capacitor+1","Hologram+1","Barrage+1"],"picked":"SKIP","floor":46},{"not_picked":["Capacitor+1","Hologram+1","Barrage+1"],"picked":"SKIP","floor":46},{"not_picked":["Coolheaded","Hologram","Melter+1"],"picked":"SKIP","floor":48}],"player_experience":460910,"relics_obtained":[{"floor":5,"key":"Mercury Hourglass"},{"floor":6,"key":"Bag of Marbles"},{"floor":9,"key":"Molten Egg 2"},{"floor":12,"key":"Smiling Mask"},{"floor":24,"key":"DataDisk"},{"floor":26,"key":"Happy Flower"},{"floor":31,"key":"Blue Candle"},{"floor":41,"key":"Omamori"},{"floor":48,"key":"Bottled Flame"}],"event_choices":[{"event_name":"The Woman in Blue","player_choice":"Bought 0 Potions","floor":2,"damage_taken":0},{"event_name":"Nest","player_choice":"Joined the Cult","floor":19,"damage_taken":0},{"event_name":"WeMeetAgain","player_choice":"Potion","floor":28,"damage_taken":0},{"event_name":"Tomb of Lord Red Mask","player_choice":"Ignored","floor":36,"damage_taken":0},{"event_name":"FaceTrader","player_choice":"Trade","floor":37,"damage_taken":0}],"is_beta":false,"boss_relics":[{"not_picked":["Lizard Tail","Calling Bell"],"picked":"Pandora\u0027s Box"},{"not_picked":["Velvet Choker","Snecko Eye"],"picked":"Runic Pyramid"}],"items_purged_floors":[4,20,25,39],"is_endless":false,"potions_floor_spawned":[3,6,10,11,13,18,22,24,30,46,48],"ascension_level":0}