{"gold_per_floor":[114,129,129,144,159,174,204,204,279,279,249,264,291,318,330,442,454,481,293,308,323,119,149,149,179,179,194,209,209,209,254,254,354,354,369,369,369,369,384,414,414,429,479,554,2,17,47,62,62,62],"floor_reached":51,"playtime":2491,"items_purged":[],"score":1228,"play_id":"296fbe09-8aa0-4159-b54c-4cbafb7d32b2","local_time":"20180721184110","daily_mods":["Insanity","Time Dilation","Vintage"],"is_ascension_mode":false,"campfire_choices":[{"data":"Seek","floor":8,"key":"SMITH"},{"data":"Chill","floor":15,"key":"SMITH"},{"data":"Hyperbeam","floor":32,"key":"SMITH"},{"data":"Apotheosis","floor":41,"key":"SMITH"},{"data":"Amplify","floor":49,"key":"SMITH"}],"neow_cost":"","seed_source_timestamp":0,"circlet_count":0,"master_deck":["Undo","Auto Shields","Creative AI","Conserve Battery","Ball Lightning","Leap","Seek+1","All For One","Buffer","BootSequence+1","Sunder","White Noise","Rip and Tear","Aggregate+1","Redo","Scrape","Barrage+1","Aggregate","Steam Power","Steam+1","Chill+1","Capacitor","Biased Cognition","Stack","Chill","Chill","Sweeping Beam","Turbo","Heatsinks","Multi-Cast","Steam Power","Cold Snap+1","Meteor Strike","Hyperbeam+1","Machine Learning","Leap","Auto Shields","Chill","Sweeping Beam","Doom and Gloom","All For One","Echo Form+1","Fission","Sunder","Aggregate","Self Repair","Zap","Amplify+1","Darkness","All For One","Core Surge","Apotheosis+1","Consume","Aggregate","Madness","Madness","Seek+1","Panache"],"special_seed":17733,"relics":["FrozenCore","Smiling Mask","Bottled Lightning","Centennial Puzzle","Bird Faced Urn","Potion Belt","Letter Opener","Bag of Marbles","Symbiotic Virus","MawBank","Ornamental Fan","Art of War","DataDisk","Gremlin Horn","OrangePellets","Calipers","Matryoshka","Ancient Tea Set","Dream Catcher","Oddly Smooth Stone","The Courier","Blood Vial","Whetstone","Tiny Chest","Happy Flower","Coffee Dripper","War Paint","Orichalcum","Vajra","Mango","Incense Burner","Bottled Tornado","Bronze Scales","Molten Egg 2","DollysMirror","Toxic Egg 2","Darkstone Periapt","Juzu Bracelet","Boot"],"potions_floor_usage":[16,16,21,23,23,25,25,33,33,40,50,50],"damage_taken":[{"damage":2,"enemies":"Jaw Worm","floor":1,"turns":4},{"damage":0,"enemies":"2 Louse","floor":2,"turns":1},{"damage":0,"enemies":"Small Slimes","floor":4,"turns":1},{"damage":2,"enemies":"Blue Slaver","floor":5,"turns":2},{"damage":0,"enemies":"Red Slaver","floor":6,"turns":6},{"damage":0,"enemies":"Lagavulin","floor":7,"turns":6},{"damage":0,"enemies":"3 Louse","floor":12,"turns":1},{"damage":0,"enemies":"Lots of Slimes","floor":13,"turns":1},{"damage":0,"enemies":"Exordium Wildlife","floor":14,"turns":1},{"damage":0,"enemies":"The Guardian","floor":16,"turns":4},{"damage":0,"enemies":"Spheric Guardian","floor":18,"turns":3},{"damage":0,"enemies":"Shell Parasite","floor":20,"turns":5},{"damage":0,"enemies":"Cultist and Chosen","floor":21,"turns":3},{"damage":0,"enemies":"Slavers","floor":23,"turns":2},{"damage":0,"enemies":"Gremlin Leader","floor":25,"turns":6},{"damage":0,"enemies":"Centurion and Healer","floor":27,"turns":2},{"damage":0,"enemies":"Snecko","floor":28,"turns":2},{"damage":0,"enemies":"3 Cultists","floor":31,"turns":1},{"damage":0,"enemies":"Collector","floor":33,"turns":6},{"damage":0,"enemies":"3 Shapes","floor":35,"turns":1},{"damage":0,"enemies":"Flame Bruiser 1 Orb","floor":39,"turns":3},{"damage":1,"enemies":"2 Orb Walkers","floor":40,"turns":2},{"damage":0,"enemies":"Sphere and 2 Shapes","floor":42,"turns":1},{"damage":0,"enemies":"Maw","floor":46,"turns":6},{"damage":6,"enemies":"Nemesis","floor":47,"turns":3},{"damage":0,"enemies":"Spire Growth","floor":48,"turns":3},{"damage":0,"enemies":"Donu and Deca","floor":50,"turns":4}],"seed_played":"5511659171679018982","potions_obtained":[{"floor":2,"key":"SkillPotion"},{"floor":4,"key":"AttackPotion"},{"floor":5,"key":"Ancient Potion"},{"floor":11,"key":"Weak Potion"},{"floor":11,"key":"SneckoOil"},{"floor":12,"key":"Block Potion"},{"floor":16,"key":"Explosive Potion"},{"floor":20,"key":"Dexterity Potion"},{"floor":21,"key":"AttackPotion"},{"floor":24,"key":"AttackPotion"},{"floor":24,"key":"Dexterity Potion"},{"floor":33,"key":"SkillPotion"},{"floor":39,"key":"Regen Potion"},{"floor":40,"key":"SpeedPotion"}],"is_trial":false,"path_per_floor":["M","M","?","M","M","M","E","R","T","?","?","M","M","M","R","B",null,"M","$","M","M","$","E","?","E","T","M","M","?","?","M","R","B",null,"M","?","T","?","M","E","R","M","T","T","$","M","E","M","R","B"],"character_chosen":"DEFECT","items_purchased":["OrangePellets","Apotheosis","DollysMirror","Panache","Toxic Egg 2"],"campfire_rested":0,"item_purchase_floors":[19,22,45,45,45],"current_hp_per_floor":[73,73,55,55,53,66,75,75,75,60,60,60,60,60,60,74,75,75,75,75,75,75,75,75,75,75,75,75,75,75,75,75,75,75,75,66,66,66,84,87,87,89,89,89,89,89,89,89,89,89],"gold":62,"neow_bonus":"","is_prod":false,"is_daily":true,"chose_seed":false,"campfire_upgraded":5,"win_rate":0,"timestamp":1532212870,"path_taken":["M","M","?","M","M","M","E","R","T","?","?","M","M","?","R","BOSS","M","$","M","M","$","E","?","E","T","?","M","?","?","?","R","BOSS","M","?","?","?","M","E","R","?","T","?","$","?","E","M","R","BOSS"],"build_version":"2018-07-19v2","purchased_purges":0,"victory":true,"max_hp_per_floor":[75,75,75,75,75,75,75,75,75,75,75,75,75,75,75,75,75,75,75,75,75,75,75,75,75,75,75,75,75,75,75,75,75,75,75,75,75,75,89,89,89,89,89,89,89,89,89,89,89,89],"card_choices":[{"not_picked":["Turbo","Hyperbeam"],"picked":"All For One","floor":7},{"not_picked":["Reboot","Rainbow"],"picked":"Core Surge","floor":16},{"not_picked":["White Noise","Leap"],"picked":"Consume","floor":23},{"not_picked":["Self Repair","Hyperbeam","Heatsinks"],"picked":"SKIP","floor":25},{"not_picked":["Ball Lightning+1","Sweeping Beam","Stack"],"picked":"SKIP","floor":40},{"not_picked":["Scrape+1","Undo+1","Blizzard+1"],"picked":"SKIP","floor":47}],"player_experience":510878,"relics_obtained":[{"floor":1,"key":"Smiling Mask"},{"floor":2,"key":"Bottled Lightning"},{"floor":4,"key":"Bird Faced Urn"},{"floor":5,"key":"Potion Belt"},{"floor":6,"key":"Letter Opener"},{"floor":7,"key":"Bag of Marbles"},{"floor":9,"key":"Symbiotic Virus"},{"floor":12,"key":"MawBank"},{"floor":13,"key":"Ornamental Fan"},{"floor":14,"key":"Art of War"},{"floor":16,"key":"DataDisk"},{"floor":18,"key":"Gremlin Horn"},{"floor":20,"key":"Calipers"},{"floor":21,"key":"Matryoshka"},{"floor":23,"key":"Ancient Tea Set"},{"floor":25,"key":"Dream Catcher"},{"floor":26,"key":"Oddly Smooth Stone"},{"floor":26,"key":"The Courier"},{"floor":27,"key":"Blood Vial"},{"floor":28,"key":"Whetstone"},{"floor":31,"key":"Tiny Chest"},{"floor":33,"key":"Happy Flower"},{"floor":35,"key":"War Paint"},{"floor":37,"key":"Orichalcum"},{"floor":37,"key":"Vajra"},{"floor":39,"key":"Mango"},{"floor":40,"key":"Incense Burner"},{"floor":42,"key":"Bottled Tornado"},{"floor":43,"key":"Bronze Scales"},{"floor":44,"key":"Molten Egg 2"},{"floor":46,"key":"Darkstone Periapt"},{"floor":47,"key":"Juzu Bracelet"},{"floor":48,"key":"Boot"}],"event_choices":[{"event_name":"Scrap Ooze","player_choice":"success","floor":3,"damage_taken":18},{"event_name":"Shining Light","player_choice":"Entered Light","floor":10,"damage_taken":0},{"event_name":"The Woman in Blue","player_choice":"Bought 2 Potions","floor":11,"damage_taken":0},{"event_name":"The Lab","player_choice":"Got Potions","floor":24,"damage_taken":0},{"event_name":"The Library","player_choice":"Read","floor":29,"damage_taken":0},{"event_name":"Ghosts","player_choice":"Ignored","floor":30,"damage_taken":0},{"event_name":"Winding Halls","player_choice":"Embrace Madness","floor":36,"damage_taken":0},{"event_name":"Falling","player_choice":"Removed Skill","floor":38,"damage_taken":0}],"is_beta":false,"boss_relics":[{"not_picked":["Runic Dome","Empty Cage"],"picked":"FrozenCore"},{"not_picked":["Astrolabe","Velvet Choker"],"picked":"Coffee Dripper"}],"items_purged_floors":[],"is_endless":false,"potions_floor_spawned":[2,4,5,12,14,16,20,21,33,39,40,42],"ascension_level":0}