{"gold_per_floor":[119,133,149,18,38,38,53,53,128,154,154,154,173,173,173,247,247,258,308,0,11,11,11,11,24,24,24,24,24,34,62,62,62],"floor_reached":33,"playtime":1660,"items_purged":["Defend_G"],"score":580,"play_id":"7939b3c8-6417-48f4-b6d5-c03fc654e8a1","local_time":"20181022223347","is_ascension_mode":true,"campfire_choices":[{"data":"1","floor":6.0,"key":"LIFT"},{"data":"2","floor":8.0,"key":"LIFT"},{"data":"3","floor":12.0,"key":"LIFT"},{"data":"Infinite Blades","floor":15.0,"key":"SMITH"},{"data":"A Thousand Cuts","floor":23.0,"key":"SMITH"},{"data":"Cloak And Dagger","floor":27.0,"key":"SMITH"},{"data":"Neutralize","floor":29.0,"key":"SMITH"},{"data":"Well Laid Plans","floor":32.0,"key":"SMITH"}],"neow_cost":"TEN_PERCENT_HP_LOSS","seed_source_timestamp":1129613939177088,"circlet_count":0,"master_deck":["Defend_G","Defend_G","Defend_G","Defend_G","Strike_G","Strike_G","Strike_G","Survivor","Neutralize+1","AscendersBane","Sucker Punch","Leg Sweep","Blade Dance+1","Infinite Blades+1","PiercingWail","Finisher","Backflip","A Thousand Cuts+1","Outmaneuver","Cloak And Dagger+1","Well Laid Plans+1","Dagger Spray","Decay","Backflip+1","Backstab+1","Glass Knife+1"],"special_seed":0,"relics":["Ring of the Serpent","Girya","Matryoshka","Thread and Needle","Orichalcum","Art of War","Molten Egg 2","Meat on the Bone"],"potions_floor_usage":[33],"damage_taken":[{"damage":2.0,"enemies":"2 Louse","floor":1.0,"turns":3.0},{"damage":3.0,"enemies":"Cultist","floor":2.0,"turns":5.0},{"damage":3.0,"enemies":"Jaw Worm","floor":3.0,"turns":6.0},{"damage":2.0,"enemies":"Blue Slaver","floor":5.0,"turns":5.0},{"damage":1.0,"enemies":"Gremlin Gang","floor":7.0,"turns":5.0},{"damage":3.0,"enemies":"Gremlin Nob","floor":10.0,"turns":3.0},{"damage":0.0,"enemies":"Large Slime","floor":13.0,"turns":5.0},{"damage":43.0,"enemies":"Hexaghost","floor":16.0,"turns":10.0},{"damage":13.0,"enemies":"3 Byrds","floor":18.0,"turns":7.0},{"damage":0.0,"enemies":"Chosen","floor":21.0,"turns":3.0},{"damage":5.0,"enemies":"Sentry and Sphere","floor":25.0,"turns":3.0},{"damage":0.0,"enemies":"Centurion and Healer","floor":30.0,"turns":4.0},{"damage":0.0,"enemies":"Gremlin Leader","floor":31.0,"turns":5.0},{"damage":28,"enemies":"Collector","floor":33,"turns":10}],"seed_played":"-4948584811400387838","potions_obtained":[{"floor":2.0,"key":"Block Potion"},{"floor":7.0,"key":"Fire Potion"},{"floor":21.0,"key":"Block Potion"}],"is_trial":false,"path_per_floor":["M","M","M","$","M","R","M","R","T","E","?","R","M","?","R","B",null,"M","?","$","M","$","R","?","M","T","R","?","R","M","E","R"],"character_chosen":"THE_SILENT","items_purchased":["AttackPotion","Orichalcum","Cloak And Dagger","Well Laid Plans"],"campfire_rested":0,"item_purchase_floors":[4,20,20,20],"current_hp_per_floor":[57,54,51,51,49,49,48,48,48,45,45,45,45,45,45,2,46,33,33,33,33,33,33,33,28,28,28,28,28,28,28,28,0],"gold":62,"neow_bonus":"ONE_RARE_RELIC","is_prod":false,"is_daily":false,"chose_seed":false,"campfire_upgraded":5,"win_rate":0,"timestamp":1540262027,"path_taken":["M","M","M","$","M","R","M","R","T","E","?","R","?","?","R","BOSS","M","?","$","M","$","R","?","M","T","R","?","R","?","E","R","BOSS"],"build_version":"2018-10-18","purchased_purges":1,"victory":false,"max_hp_per_floor":[60,60,60,60,60,60,60,60,60,60,60,60,60,60,60,60,60,60,60,60,60,60,60,60,60,60,60,60,60,60,60,60,60],"card_choices":[{"not_picked":["Backflip","Bane"],"picked":"Sucker Punch","floor":1.0},{"not_picked":["Backflip","Acrobatics"],"picked":"Leg Sweep","floor":2.0},{"not_picked":["Outmaneuver","Deflect"],"picked":"Blade Dance","floor":3.0},{"not_picked":["Flying Knee","Deadly Poison"],"picked":"Infinite Blades","floor":5.0},{"not_picked":["Dagger Throw","Blade Dance"],"picked":"PiercingWail","floor":7.0},{"not_picked":["Crippling Poison","Grand Finale"],"picked":"Finisher","floor":10.0},{"not_picked":["Bane","Leg Sweep"],"picked":"Backflip","floor":13.0},{"not_picked":["Malaise","Glass Knife"],"picked":"A Thousand Cuts","floor":16.0},{"not_picked":["Dagger Throw","Catalyst"],"picked":"Outmaneuver","floor":18.0},{"not_picked":["Setup","Bane"],"picked":"Dagger Spray","floor":21.0},{"not_picked":["Riddle With Holes","Endless Agony"],"picked":"Backflip+1","floor":25.0},{"not_picked":["Deadly Poison","Footwork"],"picked":"Backstab+1","floor":30.0},{"not_picked":["Deadly Poison","Predator+1"],"picked":"Glass Knife+1","floor":31.0}],"player_experience":800809,"relics_obtained":[{"floor":9.0,"key":"Matryoshka"},{"floor":10.0,"key":"Thread and Needle"},{"floor":26.0,"key":"Art of War"},{"floor":26.0,"key":"Molten Egg 2"},{"floor":31.0,"key":"Meat on the Bone"}],"event_choices":[{"damage_healed":0.0,"max_hp_gain":0.0,"max_hp_loss":0.0,"gold_gain":0.0,"event_name":"Upgrade Shrine","player_choice":"Upgraded","floor":11.0,"gold_loss":0.0,"damage_taken":0.0,"cards_upgraded":["Blade Dance"]},{"cards_removed":["Strike_G"],"damage_healed":0.0,"max_hp_gain":0.0,"max_hp_loss":0.0,"gold_gain":0.0,"event_name":"Purifier","player_choice":"Purged","floor":14.0,"gold_loss":0.0,"damage_taken":0.0},{"damage_healed":0.0,"max_hp_gain":0.0,"max_hp_loss":0.0,"gold_gain":100.0,"event_name":"The Joust","player_choice":"Bet on Murderer","floor":19.0,"gold_loss":50.0,"damage_taken":0.0},{"damage_healed":0.0,"max_hp_gain":0.0,"max_hp_loss":0.0,"gold_gain":0.0,"event_name":"Forgotten Altar","player_choice":"Smashed Altar","floor":24.0,"gold_loss":0.0,"damage_taken":0.0,"cards_obtained":["Decay"]},{"cards_removed":["Strike_G"],"damage_healed":0.0,"max_hp_gain":0.0,"max_hp_loss":0.0,"gold_gain":0.0,"event_name":"Bonfire Elementals","player_choice":"Offered Basic","floor":28.0,"gold_loss":0.0,"damage_taken":0.0}],"is_beta":false,"boss_relics":[{"not_picked":["Tiny House","Coffee Dripper"],"picked":"Ring of the Serpent"}],"items_purged_floors":[4],"is_endless":false,"potions_floor_spawned":[2,7,21,30],"killed_by":"Collector","ascension_level":20}