{"gold_per_floor":[115,135,135,210,230,230,264,264,264,290,290,99,99,99,99,195,195,211,221,87,87,103,103],"floor_reached":23,"playtime":2495,"items_purged":["Strike_R","Strike_R"],"score":246,"play_id":"0541f161-24bc-423a-9f7b-b7de7c9dd0fc","local_time":"20190524092049","is_ascension_mode":true,"campfire_choices":[{"data":"Armaments","floor":6.0,"key":"SMITH"},{"floor":8.0,"key":"REST"},{"floor":11.0,"key":"REST"},{"floor":13.0,"key":"DIG"},{"floor":15.0,"key":"REST"}],"neow_cost":"NONE","seed_source_timestamp":0,"circlet_count":0,"master_deck":["Strike_R","Strike_R","Defend_R","Defend_R","Defend_R","Bash","Flex","Armaments+1","Heavy Blade","Offering","Dropkick","Seeing Red","Reaper","Shrug It Off","Thunderclap+1","Pummel","Warcry","Flex"],"special_seed":0,"relics":["Burning Blood","NeowsBlessing","Champion Belt","WingedGreaves","Shovel","Prayer Wheel","Sozu"],"potions_floor_usage":[],"damage_taken":[{"damage":0.0,"enemies":"2 Louse","floor":1.0,"turns":1.0},{"damage":0.0,"enemies":"Small Slimes","floor":2.0,"turns":1.0},{"damage":0.0,"enemies":"Cultist","floor":5.0,"turns":1.0},{"damage":57.0,"enemies":"3 Sentries","floor":7.0,"turns":12.0},{"damage":46.0,"enemies":"Lagavulin","floor":10.0,"turns":6.0},{"damage":39.0,"enemies":"The Guardian","floor":16.0,"turns":14.0},{"damage":31.0,"enemies":"2 Thieves","floor":18.0,"turns":4.0},{"damage":10,"enemies":"Chosen","floor":19,"turns":4},{"damage":37,"enemies":"Sentry and Sphere","floor":22,"turns":6},{"damage":33,"enemies":"Book of Stabbing","floor":23,"turns":3}],"seed_played":"8768434517330607366","potions_obtained":[{"floor":2.0,"key":"SkillPotion"}],"is_trial":false,"path_per_floor":["M","M","?","?","M","R","E","R","T","E","R","$","R","?","R","B",null,"M","M","$","?","M","E"],"character_chosen":"IRONCLAD","items_purchased":["Dropkick","Regen Potion","Pummel"],"campfire_rested":3,"item_purchase_floors":[12,12,20],"current_hp_per_floor":[80,80,85,74,80,80,29,54,54,14,39,39,39,39,64,31,72,60,56,56,56,25,0],"gold":103,"neow_bonus":"THREE_ENEMY_KILL","is_prod":false,"is_daily":false,"chose_seed":false,"campfire_upgraded":1,"win_rate":0,"timestamp":1558682449,"path_taken":["M","M","?","?","M","R","E","R","T","E","R","$","R","?","R","BOSS","M","?","?","?","M","E"],"build_version":"2019-05-07","purchased_purges":2,"victory":false,"max_hp_per_floor":[80,80,85,85,85,85,85,85,85,85,85,85,85,85,85,85,85,85,85,85,85,85,85],"card_choices":[{"not_picked":["Shrug It Off","Perfected Strike"],"picked":"Flex","floor":1.0},{"not_picked":["Feel No Pain","Searing Blow"],"picked":"Armaments","floor":2.0},{"not_picked":["Pommel Strike","Clash","Clothesline"],"picked":"SKIP","floor":5.0},{"not_picked":["Havoc","Flex"],"picked":"Heavy Blade","floor":7.0},{"not_picked":["Clash","True Grit"],"picked":"Offering","floor":10.0},{"not_picked":["Offering","Feed"],"picked":"Reaper","floor":16.0},{"not_picked":["Spot Weakness","Sword Boomerang"],"picked":"Shrug It Off","floor":18.0},{"not_picked":["Headbutt","Sword Boomerang","Body Slam+1"],"picked":"SKIP","floor":18.0},{"not_picked":["Searing Blow","Perfected Strike"],"picked":"Thunderclap+1","floor":19},{"not_picked":["Uppercut","Seeing Red+1","Reckless Charge"],"picked":"SKIP","floor":19},{"not_picked":["Searing Blow+1","Clash"],"picked":"Flex","floor":22},{"not_picked":["Second Wind","Sentinel","Dropkick"],"picked":"SKIP","floor":22}],"player_experience":339816,"relics_obtained":[{"floor":7.0,"key":"Champion Belt"},{"floor":9.0,"key":"WingedGreaves"},{"floor":10.0,"key":"Shovel"},{"floor":13.0,"key":"Prayer Wheel"}],"event_choices":[{"damage_healed":0.0,"max_hp_gain":5.0,"max_hp_loss":0.0,"gold_gain":0.0,"event_name":"Big Fish","player_choice":"Donut","floor":3.0,"gold_loss":0.0,"damage_taken":0.0},{"damage_healed":0.0,"max_hp_gain":0.0,"max_hp_loss":0.0,"gold_gain":75.0,"event_name":"World of Goop","player_choice":"Gather Gold","floor":4.0,"gold_loss":0.0,"damage_taken":11.0},{"damage_healed":0.0,"max_hp_gain":0.0,"max_hp_loss":0.0,"gold_gain":0.0,"cards_transformed":["Strike_R"],"event_name":"Transmorgrifier","player_choice":"Transformed","floor":14.0,"gold_loss":0.0,"damage_taken":0.0,"cards_obtained":["Seeing Red"]},{"damage_healed":0,"gold_gain":0,"cards_transformed":["Defend_R"],"player_choice":"Transformed","damage_taken":0,"max_hp_gain":0,"max_hp_loss":0,"event_name":"Transmorgrifier","floor":21,"gold_loss":0,"cards_obtained":["Warcry"]}],"is_beta":true,"boss_relics":[{"not_picked":["Empty Cage","Runic Pyramid"],"picked":"Sozu"}],"items_purged_floors":[12,20],"is_endless":false,"potions_floor_spawned":[2,19],"killed_by":"Book of Stabbing","ascension_level":5}