{"gold_per_floor":[218,51,62,137,150,150,169,169,238,265,278,290,73,131,131,210,210,210,210,85,85,85,85,85,85,85,85,85,85,85,2,2,2,2,2,2,2,2,2,2,2,2,2,2,2,2,2,2,2,2],"floor_reached":51,"playtime":2308,"items_purged":["Defend_B","Strike_B","Strike_B+1"],"score":1434,"play_id":"40c2fe27-6bd7-4fb4-bca8-de8abd8ab8ff","local_time":"20181013075136","is_ascension_mode":true,"campfire_choices":[{"data":"Defragment","floor":6,"key":"SMITH"},{"data":"Go for the Eyes","floor":8,"key":"SMITH"},{"data":"Discovery","floor":15,"key":"SMITH"},{"data":"Biased Cognition","floor":23,"key":"SMITH"},{"data":"Leap","floor":25,"key":"SMITH"},{"data":"Zap","floor":28,"key":"SMITH"},{"data":"Capacitor","floor":32,"key":"SMITH"},{"floor":41,"key":"REST"},{"floor":47,"key":"REST"},{"data":"Seek","floor":49,"key":"SMITH"}],"neow_cost":"NONE","seed_source_timestamp":299089309569787,"circlet_count":0,"master_deck":["Strike_B+1","Strike_B+1","Defend_B+1","Defend_B+1","Defend_B+1","Zap+1","Dualcast","AscendersBane","Go for the Eyes+1","Defragment+1","Ball Lightning","Cold Snap","Conserve Battery","BootSequence","Ball Lightning","Coolheaded","Discovery+1","Leap+1","Biased Cognition+1","Sweeping Beam+1","Seek+1","Electrodynamics","Capacitor+1","Core Surge","Skim","Finesse","Coolheaded"],"relics":["Cracked Core","Pantograph","PreservedInsect","Mango","Ectoplasm","Oddly Smooth Stone","Question Card","Strawberry","Bag of Marbles","Sozu","Mercury Hourglass","Dodecahedron","Gremlin Horn","Anchor"],"potions_floor_usage":[10,14,24,27,33],"damage_taken":[{"damage":10,"enemies":"Small Slimes","floor":1,"turns":4},{"damage":0,"enemies":"2 Louse","floor":3,"turns":3},{"damage":7,"enemies":"Jaw Worm","floor":5,"turns":2},{"damage":0,"enemies":"Large Slime","floor":7,"turns":4},{"damage":2,"enemies":"Lagavulin","floor":10,"turns":6},{"damage":1,"enemies":"3 Louse","floor":11,"turns":3},{"damage":0,"enemies":"Looter","floor":12,"turns":2},{"damage":7,"enemies":"Gremlin Nob","floor":14,"turns":3},{"damage":44,"enemies":"The Guardian","floor":16,"turns":12},{"damage":6,"enemies":"Spheric Guardian","floor":18,"turns":3},{"damage":0,"enemies":"Chosen","floor":21,"turns":3},{"damage":2,"enemies":"Snecko","floor":22,"turns":5},{"damage":8,"enemies":"Book of Stabbing","floor":24,"turns":3},{"damage":14,"enemies":"Slavers","floor":27,"turns":3},{"damage":1,"enemies":"Gremlin Leader","floor":29,"turns":4},{"damage":16,"enemies":"Snake Plant","floor":30,"turns":4},{"damage":18,"enemies":"Automaton","floor":33,"turns":8},{"damage":23,"enemies":"3 Darklings","floor":35,"turns":3},{"damage":0,"enemies":"3 Shapes","floor":36,"turns":2},{"damage":13,"enemies":"Transient","floor":38,"turns":6},{"damage":16,"enemies":"Nemesis","floor":40,"turns":6},{"damage":4,"enemies":"3 Darklings","floor":44,"turns":2},{"damage":5,"enemies":"4 Shapes","floor":45,"turns":5},{"damage":39,"enemies":"2 Orb Walkers","floor":46,"turns":3},{"damage":26,"enemies":"Time Eater","floor":50,"turns":11}],"seed_played":"-4233148333860275854","potions_obtained":[{"floor":3,"key":"Energy Potion"},{"floor":7,"key":"Swift Potion"},{"floor":12,"key":"SpeedPotion"},{"floor":14,"key":"Ancient Potion"},{"floor":21,"key":"Explosive Potion"},{"floor":29,"key":"Ancient Potion"}],"is_trial":false,"path_per_floor":["M","$","M","?","M","R","M","R","T","E","M","M","$","?","R","B",null,"M","?","$","M","M","R","E","R","T","E","R","E","M","$","R","B",null,"M","M","$","M","?","E","R","?","T","M","M","E","R","T","R","B"],"character_chosen":"DEFECT","items_purchased":["Defragment","Discovery","Capacitor"],"campfire_rested":2,"item_purchase_floors":[2,13,31],"current_hp_per_floor":[54,54,54,43,36,36,36,36,36,34,33,33,33,40,40,21,69,63,63,63,63,61,61,53,53,53,46,46,45,29,29,29,36,78,55,55,55,42,42,26,53,53,53,49,44,5,32,32,32,31],"gold":2,"neow_bonus":"HUNDRED_GOLD","is_prod":false,"is_daily":false,"chose_seed":false,"campfire_upgraded":8,"win_rate":0,"timestamp":1539431496,"path_taken":["M","$","M","?","M","R","M","R","T","E","M","M","$","?","R","BOSS","M","?","$","M","M","R","E","R","T","E","R","E","M","?","R","BOSS","M","M","?","M","?","E","R","?","T","M","M","E","R","?","R","BOSS"],"build_version":"2018-10-11","purchased_purges":3,"victory":true,"max_hp_per_floor":[71,71,71,71,71,71,71,71,71,71,71,71,71,85,85,85,85,85,85,85,85,85,85,85,85,85,92,92,92,92,92,92,92,92,92,92,92,92,92,92,92,92,92,92,92,92,92,92,92,92],"card_choices":[{"not_picked":["Sweeping Beam","Rebound"],"picked":"Go for the Eyes","floor":1},{"not_picked":["Doom and Gloom","Stack"],"picked":"Ball Lightning","floor":3},{"not_picked":["Turbo","Double Energy"],"picked":"Cold Snap","floor":5},{"not_picked":["Chill","Streamline"],"picked":"Conserve Battery","floor":7},{"not_picked":["Tempest","Go for the Eyes"],"picked":"BootSequence","floor":10},{"not_picked":["Storm","Stack"],"picked":"Ball Lightning","floor":11},{"not_picked":["Lockon","Gash"],"picked":"Coolheaded","floor":12},{"not_picked":["Reboot","Stack"],"picked":"Leap","floor":14},{"not_picked":["All For One","Rainbow"],"picked":"Biased Cognition","floor":16},{"not_picked":["Coolheaded","Turbo+1"],"picked":"Sweeping Beam+1","floor":18},{"not_picked":["Ball Lightning","Gash"],"picked":"Seek","floor":21},{"not_picked":["Force Field","Beam Cell","Coolheaded"],"picked":"SKIP","floor":22},{"not_picked":["Tempest","Beam Cell","Barrage"],"picked":"SKIP","floor":24},{"not_picked":["Redo","Buffer","Hologram"],"picked":"Electrodynamics","floor":27},{"not_picked":["Undo","Streamline","Barrage","Blizzard"],"picked":"SKIP","floor":29},{"not_picked":["Compile Driver","Heatsinks","Sweeping Beam","Beam Cell"],"picked":"SKIP","floor":30},{"not_picked":["Fission","Biased Cognition","Echo Form"],"picked":"Core Surge","floor":33},{"not_picked":["Beam Cell","Ball Lightning","Conserve Battery"],"picked":"Skim","floor":35},{"not_picked":["Lockon","Darkness","Steam","Streamline"],"picked":"SKIP","floor":36},{"not_picked":["Rebound+1","Cold Snap","Beam Cell","Force Field"],"picked":"SKIP","floor":38},{"not_picked":["Streamline","Ball Lightning","Rip and Tear","Sunder"],"picked":"SKIP","floor":40},{"not_picked":["Good Instincts","Trip","Deep Breath"],"picked":"Finesse","floor":42},{"not_picked":["Streamline","Capacitor","Consume+1","Hologram"],"picked":"SKIP","floor":44},{"not_picked":["Melter","Genetic Algorithm","Sunder+1","Gash"],"picked":"SKIP","floor":45},{"not_picked":["Turbo","Gash","Streamline"],"picked":"Coolheaded","floor":46}],"player_experience":760087,"relics_obtained":[{"floor":9,"key":"Pantograph"},{"floor":10,"key":"PreservedInsect"},{"floor":14,"key":"Mango"},{"floor":24,"key":"Oddly Smooth Stone"},{"floor":26,"key":"Question Card"},{"floor":27,"key":"Strawberry"},{"floor":29,"key":"Bag of Marbles"},{"floor":40,"key":"Mercury Hourglass"},{"floor":43,"key":"Dodecahedron"},{"floor":46,"key":"Gremlin Horn"},{"floor":48,"key":"Anchor"}],"event_choices":[{"event_name":"World of Goop","player_choice":"Gather Gold","floor":4,"damage_taken":0},{"event_name":"Dead Adventurer","player_choice":"Searched \u00271\u0027 times","floor":14,"damage_taken":0},{"event_name":"Back to Basics","player_choice":"Simplicity","floor":19,"damage_taken":0},{"event_name":"Mysterious Sphere","player_choice":"Ignore","floor":39,"damage_taken":0},{"event_name":"SensoryStone","player_choice":"Memory 1","floor":42,"damage_taken":0}],"is_beta":false,"boss_relics":[{"not_picked":["Snecko Eye","Coffee Dripper"],"picked":"Ectoplasm"},{"not_picked":["Busted Crown","Runic Dome"],"picked":"Sozu"}],"items_purged_floors":[2,13,20],"is_endless":false,"potions_floor_spawned":[3,7,12,14,16,21,22,29,36,40,45],"ascension_level":18}