{"gold_per_floor":[15,0,0,19,35,70,70,70,94,128,145,160,125,46,46,150,150,164,164,76,87,186,213,88,151,151,151,151,151,168,200,200,300,300,314,17,17,17,34,66,66,91,91,108,8,8,27,59,59,59],"floor_reached":51,"playtime":2696,"items_purged":["Decay","Injury"],"score":926,"play_id":"efcf4db3-cf6e-46e7-99c4-9ead980a7ff1","local_time":"20190116072720","is_ascension_mode":true,"campfire_choices":[{"data":"Chaos","floor":7,"key":"SMITH"},{"data":"Defragment","floor":15,"key":"SMITH"},{"data":"Sunder","floor":27,"key":"SMITH"},{"floor":29,"key":"REST"},{"data":"Double Energy","floor":32,"key":"SMITH"},{"data":"White Noise","floor":41,"key":"SMITH"},{"data":"Storm","floor":46,"key":"SMITH"},{"data":"Machine Learning","floor":49,"key":"SMITH"}],"neow_cost":"NO_GOLD","seed_source_timestamp":565280259746695,"circlet_count":0,"master_deck":["Zap+1","Dualcast","Electrodynamics+1","Coolheaded+1","Chaos+1","Go for the Eyes","Beam Cell","Leap","Double Energy+1","Defragment+1","Machine Learning+1","Genetic Algorithm","Darkness","Sweeping Beam","Barrage","Glacier","Rainbow","Sunder+1","Self Repair","Force Field","Necronomicurse","Bandage Up","Hologram","Conserve Battery","FTL","Steam","Storm+1","Conserve Battery","Streamline+1","Echo Form","Loop+1","White Noise+1","Madness","Madness","Seek","Gash","Flash of Steel","Turbo+1","Streamline+1","Redo+1","Electrodynamics","Stack+1"],"relics":["Cracked Core","Blood Vial","War Paint","DataDisk","Letter Opener","Pandora\u0027s Box","Necronomicon","Bag of Preparation","Tiny Chest","Matryoshka","Bag of Marbles","Cursed Key","Happy Flower","Lantern","Dodecahedron","Anchor","Darkstone Periapt","Calipers"],"potions_floor_usage":[6,16,16,21,21,23,25,30,31,40,50,50],"damage_taken":[{"damage":1,"enemies":"Small Slimes","floor":1,"turns":2},{"damage":0,"enemies":"Jaw Worm","floor":4,"turns":4},{"damage":0,"enemies":"2 Louse","floor":5,"turns":2},{"damage":13,"enemies":"3 Sentries","floor":6,"turns":3},{"damage":4,"enemies":"Gremlin Nob","floor":10,"turns":3},{"damage":0,"enemies":"2 Fungi Beasts","floor":11,"turns":2},{"damage":0,"enemies":"Exordium Wildlife","floor":12,"turns":1},{"damage":14,"enemies":"The Guardian","floor":16,"turns":8},{"damage":0,"enemies":"3 Byrds","floor":18,"turns":2},{"damage":0,"enemies":"Chosen","floor":21,"turns":3},{"damage":18,"enemies":"Gremlin Leader","floor":23,"turns":5},{"damage":13,"enemies":"Slavers","floor":25,"turns":3},{"damage":23,"enemies":"Shelled Parasite and Fungi","floor":30,"turns":4},{"damage":0,"enemies":"Gremlin Leader","floor":31,"turns":5},{"damage":30,"enemies":"Champ","floor":33,"turns":8},{"damage":0,"enemies":"3 Shapes","floor":35,"turns":3},{"damage":5,"enemies":"Orb Walker","floor":39,"turns":2},{"damage":2,"enemies":"Reptomancer","floor":40,"turns":4},{"damage":10,"enemies":"Giant Head","floor":42,"turns":6},{"damage":0,"enemies":"3 Darklings","floor":44,"turns":2},{"damage":0,"enemies":"Jaw Worm Horde","floor":47,"turns":1},{"damage":1,"enemies":"Reptomancer","floor":48,"turns":4},{"damage":39,"enemies":"Awakened One","floor":50,"turns":7}],"seed_played":"1307914756335820194","potions_obtained":[{"floor":4,"key":"Explosive Potion"},{"floor":6,"key":"Energy Potion"},{"floor":10,"key":"EssenceOfSteel"},{"floor":11,"key":"Swift Potion"},{"floor":18,"key":"EntropicBrew"},{"floor":21,"key":"Block Potion"},{"floor":30,"key":"Explosive Potion"},{"floor":31,"key":"Fire Potion"},{"floor":39,"key":"Explosive Potion"},{"floor":40,"key":"Energy Potion"},{"floor":44,"key":"LiquidBronze"},{"floor":47,"key":"FocusPotion"}],"is_trial":false,"path_per_floor":["M","?","?","M","M","E","R","?","T","E","M","M","?","$","R","B",null,"M","?","$","M","?","E","$","E","T","R","?","R","M","E","R","B",null,"M","$","?","?","M","E","R","E","T","M","$","R","M","E","R","B",null],"character_chosen":"DEFECT","items_purchased":["Defragment","Bandage Up","FTL","Steam","Happy Flower","White Noise"],"campfire_rested":1,"item_purchase_floors":[14,20,24,24,36,36],"current_hp_per_floor":[74,74,71,73,75,62,62,47,47,45,47,49,67,67,67,55,75,75,59,59,65,65,53,53,49,49,49,49,71,61,67,67,50,75,75,75,66,66,63,70,70,72,72,75,75,75,75,75,75,43],"gold":59,"neow_bonus":"THREE_RARE_CARDS","is_prod":false,"is_daily":false,"chose_seed":false,"campfire_upgraded":7,"win_rate":0,"timestamp":1547641640,"path_taken":["M","?","?","M","M","E","R","?","T","E","M","M","?","$","R","BOSS","M","?","$","M","?","E","?","E","T","R","?","R","M","E","R","BOSS","M","$","?","?","M","E","R","E","T","?","$","R","M","E","R","BOSS"],"build_version":"2019-01-10","purchased_purges":2,"victory":true,"max_hp_per_floor":[75,75,75,75,75,75,75,75,75,75,75,75,75,75,75,75,75,75,75,75,75,75,75,75,75,75,75,75,75,75,75,75,75,75,75,75,75,75,75,75,75,75,75,75,75,75,75,75,75,75],"card_choices":[{"not_picked":["Biased Cognition","Seek"],"picked":"Electrodynamics","floor":0},{"not_picked":["Rebound","Steam Power"],"picked":"Coolheaded","floor":1},{"not_picked":["Glacier","Reprogram"],"picked":"Chaos","floor":4},{"not_picked":["Coolheaded","Barrage"],"picked":"Go for the Eyes","floor":5},{"not_picked":["Gash","Streamline"],"picked":"Beam Cell","floor":6},{"not_picked":["Barrage","Beam Cell"],"picked":"Leap","floor":10},{"not_picked":["Skim","Sweeping Beam"],"picked":"Double Energy","floor":11},{"not_picked":["Fission","Stack","Skim"],"picked":"SKIP","floor":12},{"not_picked":["Seek","Electrodynamics"],"picked":"Machine Learning","floor":16},{"not_picked":["Barrage","Rebound"],"picked":"Force Field","floor":18},{"not_picked":["Gash","Chaos"],"picked":"Hologram","floor":21},{"not_picked":["Sweeping Beam","Meteor Strike"],"picked":"Conserve Battery","floor":23},{"not_picked":["Turbo","Reinforced Body+1"],"picked":"Storm","floor":25},{"not_picked":["Doom and Gloom","Aggregate+1"],"picked":"Conserve Battery","floor":30},{"not_picked":["Recycle","Hyperbeam"],"picked":"Streamline+1","floor":31},{"not_picked":["Thunder Strike","Hyperbeam"],"picked":"Echo Form","floor":33},{"not_picked":["Go for the Eyes+1","Glacier"],"picked":"Loop+1","floor":35},{"not_picked":["Melter+1","Cold Snap"],"picked":"Turbo+1","floor":39},{"not_picked":["Leap","Beam Cell+1"],"picked":"Streamline+1","floor":40},{"not_picked":["Static Discharge","Redo","Melter+1"],"picked":"SKIP","floor":42},{"not_picked":["Ball Lightning+1","Conserve Battery"],"picked":"Redo+1","floor":44},{"not_picked":["Barrage","Heatsinks"],"picked":"Electrodynamics","floor":47},{"not_picked":["Beam Cell+1","Rebound"],"picked":"Stack+1","floor":48}],"player_experience":87305,"relics_obtained":[{"floor":6,"key":"War Paint"},{"floor":9,"key":"DataDisk"},{"floor":10,"key":"Letter Opener"},{"floor":19,"key":"Necronomicon"},{"floor":23,"key":"Bag of Preparation"},{"floor":25,"key":"Tiny Chest"},{"floor":26,"key":"Matryoshka"},{"floor":31,"key":"Bag of Marbles"},{"floor":40,"key":"Lantern"},{"floor":42,"key":"Dodecahedron"},{"floor":43,"key":"Anchor"},{"floor":43,"key":"Darkstone Periapt"},{"floor":48,"key":"Calipers"}],"event_choices":[{"damage_healed":0,"gold_gain":0,"player_choice":"Left Gold","damage_taken":0,"max_hp_gain":0,"max_hp_loss":0,"event_name":"World of Goop","floor":2,"gold_loss":15},{"damage_healed":0,"gold_gain":0,"player_choice":"Success","damage_taken":3,"relics_obtained":["Blood Vial"],"max_hp_gain":0,"max_hp_loss":0,"event_name":"Scrap Ooze","floor":3,"gold_loss":0},{"damage_healed":0,"gold_gain":0,"player_choice":"Entered Light","damage_taken":15,"max_hp_gain":0,"max_hp_loss":0,"event_name":"Shining Light","floor":8,"gold_loss":0,"cards_upgraded":["Electrodynamics","Zap"]},{"damage_healed":18,"gold_gain":0,"player_choice":"Healed","damage_taken":0,"max_hp_gain":0,"max_hp_loss":0,"event_name":"The Cleric","floor":13,"gold_loss":35},{"damage_healed":0,"gold_gain":0,"player_choice":"Obtained Book","damage_taken":16,"max_hp_gain":0,"max_hp_loss":0,"event_name":"Cursed Tome","floor":19,"gold_loss":0},{"damage_healed":0,"gold_gain":99,"player_choice":"Stole From Cult","damage_taken":0,"max_hp_gain":0,"max_hp_loss":0,"event_name":"Nest","floor":22,"gold_loss":0},{"damage_healed":0,"gold_gain":0,"player_choice":"Smashed Altar","damage_taken":0,"max_hp_gain":0,"max_hp_loss":0,"event_name":"Forgotten Altar","floor":28,"gold_loss":0,"cards_obtained":["Decay"]},{"damage_healed":0,"gold_gain":0,"player_choice":"Embrace Madness","damage_taken":9,"max_hp_gain":0,"max_hp_loss":0,"event_name":"Winding Halls","floor":37,"gold_loss":0,"cards_obtained":["Madness","Madness"]},{"damage_healed":0,"gold_gain":0,"player_choice":"3 cards matched","damage_taken":0,"max_hp_gain":0,"max_hp_loss":0,"event_name":"Match and Keep!","floor":38,"gold_loss":0,"cards_obtained":["Seek","Gash","Flash of Steel"]}],"is_beta":false,"boss_relics":[{"not_picked":["Orrery","Lizard Tail"],"picked":"Pandora\u0027s Box"},{"not_picked":["Calling Bell","Busted Crown"],"picked":"Cursed Key"}],"items_purged_floors":[36,45],"is_endless":false,"potions_floor_spawned":[4,6,10,11,18,21,30,31,39,40,44,47],"ascension_level":2}