{"gold_per_floor":[213,229,245,245,420,446,446,446,446,446,446,489,505,544,544,544],"floor_reached":16,"playtime":796,"items_purged":[],"score":130,"play_id":"d0184be0-e775-4123-9a82-868e3f01180e","local_time":"20190116064159","is_ascension_mode":true,"campfire_choices":[{"floor":11,"key":"REST"},{"floor":15,"key":"REST"}],"neow_cost":"NONE","seed_source_timestamp":564474195729987,"circlet_count":0,"master_deck":["Strike_B","Strike_B","Strike_B","Strike_B","Defend_B","Defend_B+1","Defend_B","Defend_B","Zap","Dualcast+1","Beam Cell","Cold Snap","Steam","Injury","Mind Blast","Storm","Turbo","BootSequence"],"relics":["Cracked Core","Bird Faced Urn","Golden Idol","Dodecahedron","Orichalcum","Bag of Preparation"],"potions_floor_usage":[12,14],"damage_taken":[{"damage":0,"enemies":"Small Slimes","floor":1,"turns":3},{"damage":3,"enemies":"2 Louse","floor":2,"turns":3},{"damage":1,"enemies":"Cultist","floor":3,"turns":4},{"damage":25,"enemies":"3 Sentries","floor":6,"turns":10},{"damage":11,"enemies":"Gremlin Nob","floor":12,"turns":4},{"damage":3,"enemies":"2 Fungi Beasts","floor":13,"turns":3},{"damage":33,"enemies":"Lagavulin","floor":14,"turns":8},{"damage":27,"enemies":"Hexaghost","floor":16,"turns":12}],"seed_played":"-7235505688501034320","potions_obtained":[{"floor":2,"key":"Weak Potion"},{"floor":3,"key":"Ancient Potion"},{"floor":6,"key":"Energy Potion"},{"floor":13,"key":"Block Potion"}],"is_trial":false,"path_per_floor":["M","M","M","?","?","E","?","?","T","?","R","E","M","E","R","B"],"character_chosen":"DEFECT","items_purchased":[],"campfire_rested":2,"item_purchase_floors":[],"current_hp_per_floor":[75,72,71,56,56,31,31,24,24,24,46,35,32,1,23,0],"gold":544,"neow_bonus":"HUNDRED_GOLD","is_prod":false,"is_daily":false,"chose_seed":false,"campfire_upgraded":0,"win_rate":0,"timestamp":1547638919,"path_taken":["M","M","M","?","?","E","?","?","T","?","R","E","?","E","R","BOSS"],"build_version":"2019-01-10","purchased_purges":0,"victory":false,"max_hp_per_floor":[75,75,75,75,75,75,75,75,75,75,75,75,75,75,75,75],"card_choices":[{"not_picked":["FTL","Barrage"],"picked":"Beam Cell","floor":1},{"not_picked":["Heatsinks","Stack","Gash"],"picked":"SKIP","floor":2},{"not_picked":["Stack","Turbo"],"picked":"Cold Snap","floor":3},{"not_picked":["Go for the Eyes","Redo"],"picked":"Steam","floor":6},{"not_picked":["Barrage","Hyperbeam"],"picked":"Storm","floor":12},{"not_picked":["Cold Snap","Darkness"],"picked":"Turbo","floor":13},{"not_picked":["Chill","Seek"],"picked":"BootSequence","floor":14}],"player_experience":86509,"relics_obtained":[{"floor":6,"key":"Bird Faced Urn"},{"floor":9,"key":"Dodecahedron"},{"floor":12,"key":"Orichalcum"},{"floor":14,"key":"Bag of Preparation"}],"event_choices":[{"damage_healed":0,"gold_gain":0,"player_choice":"Entered Light","damage_taken":15,"max_hp_gain":0,"max_hp_loss":0,"event_name":"Shining Light","floor":4,"gold_loss":0,"cards_upgraded":["Dualcast","Defend_B"]},{"damage_healed":0,"gold_gain":175,"player_choice":"AGREE","damage_taken":0,"max_hp_gain":0,"max_hp_loss":0,"event_name":"Liars Game","floor":5,"gold_loss":0,"cards_obtained":["Doubt"]},{"damage_healed":0,"gold_gain":0,"player_choice":"Take Wound","damage_taken":0,"relics_obtained":["Golden Idol"],"max_hp_gain":0,"max_hp_loss":0,"event_name":"Golden Idol","floor":7,"gold_loss":0,"cards_obtained":["Injury"]},{"cards_removed":["Doubt"],"damage_healed":0,"gold_gain":0,"player_choice":"Card Removal","damage_taken":7,"max_hp_gain":0,"max_hp_loss":0,"event_name":"Golden Wing","floor":8,"gold_loss":0},{"damage_healed":0,"gold_gain":0,"player_choice":"1 cards matched","damage_taken":0,"max_hp_gain":0,"max_hp_loss":0,"event_name":"Match and Keep!","floor":10,"gold_loss":0,"cards_obtained":["Mind Blast"]}],"is_beta":false,"boss_relics":[],"items_purged_floors":[],"is_endless":false,"potions_floor_spawned":[2,3,6,13],"killed_by":"Hexaghost","ascension_level":2}