{"gold_per_floor":[112,66,76,76,94,94,105,132,132,132,209,228,257,257,257,257],"floor_reached":16,"playtime":1731,"items_purged":[],"score":100,"play_id":"501d59bc-8750-4df0-a9f9-e18ffdc8d522","local_time":"20181016233050","is_ascension_mode":false,"campfire_choices":[{"data":"Acrobatics","floor":6,"key":"SMITH"},{"floor":10,"key":"REST"},{"floor":15,"key":"REST"}],"neow_cost":"","seed_source_timestamp":424730446409473,"circlet_count":0,"master_deck":["Defend_G","Defend_G","Defend_G","Defend_G","Defend_G","Strike_G","Strike_G","Strike_G","Strike_G","Strike_G","Survivor","Neutralize","Choke","Poisoned Stab","Acrobatics+1","Flechettes","Slice","Backstab","Deadly Poison","PiercingWail"],"relics":["Ring of the Snake","Ancient Tea Set","Lantern","Matryoshka","Odd Mushroom"],"potions_floor_usage":[16,16,16],"damage_taken":[{"damage":2,"enemies":"Cultist","floor":1,"turns":5},{"damage":0,"enemies":"Small Slimes","floor":3,"turns":3},{"damage":9,"enemies":"Jaw Worm","floor":5,"turns":4},{"damage":4,"enemies":"Blue Slaver","floor":7,"turns":5},{"damage":25,"enemies":"Gremlin Nob","floor":8,"turns":4},{"damage":0,"enemies":"Looter","floor":12,"turns":1},{"damage":18,"enemies":"The Mushroom Lair","floor":13,"turns":5},{"damage":54,"enemies":"Slime Boss","floor":16,"turns":12}],"seed_played":"7074382191487359598","potions_obtained":[{"floor":3,"key":"Swift Potion"},{"floor":7,"key":"SteroidPotion"},{"floor":8,"key":"Ancient Potion"}],"is_trial":false,"path_per_floor":["M","$","M","T","M","R","M","E","T","R","?","M","?","?","R"],"character_chosen":"THE_SILENT","items_purchased":["Poisoned Stab"],"campfire_rested":2,"item_purchase_floors":[2],"current_hp_per_floor":[68,68,68,68,59,59,55,30,30,51,51,51,33,33,54,0],"gold":257,"neow_bonus":"","is_prod":false,"is_daily":false,"chose_seed":false,"campfire_upgraded":1,"win_rate":0.0,"timestamp":1539725450,"path_taken":["M","$","M","?","M","R","M","E","T","R","?","?","?","?","R","BOSS"],"build_version":"2018-10-11","purchased_purges":0,"victory":false,"max_hp_per_floor":[70,70,70,70,70,70,70,70,70,70,70,70,70,70,70,70],"card_choices":[{"not_picked":["Deflect","Terror"],"picked":"Choke","floor":1},{"not_picked":["Slice","Deflect"],"picked":"Acrobatics","floor":3},{"not_picked":["Sucker Punch","Backflip"],"picked":"Flechettes","floor":5},{"not_picked":["Doppelganger","Dodge and Roll"],"picked":"Slice","floor":7},{"not_picked":["Distraction","Deflect"],"picked":"Backstab","floor":8},{"not_picked":["Endless Agony","Expertise"],"picked":"Deadly Poison","floor":12},{"not_picked":["Expertise","Blade Dance"],"picked":"PiercingWail","floor":13}],"player_experience":17894,"relics_obtained":[{"floor":4,"key":"Ancient Tea Set"},{"floor":8,"key":"Lantern"},{"floor":9,"key":"Matryoshka"},{"floor":13,"key":"Odd Mushroom"}],"event_choices":[{"event_name":"Golden Wing","player_choice":"Gained Gold","floor":11,"damage_taken":0},{"event_name":"Mushrooms","player_choice":"Fought Mushrooms","floor":13,"damage_taken":0},{"event_name":"Shining Light","player_choice":"Ignored","floor":14,"damage_taken":0}],"is_beta":false,"boss_relics":[],"items_purged_floors":[],"is_endless":false,"potions_floor_spawned":[3,7,8],"killed_by":"Slime Boss","ascension_level":0}