{"gold_per_floor":[111,111,127,137,151,151,170,187,187,187,200,3,18,28,28,100,100,100,25,25,25,25,25,25,25,25,25,25,25,25,25,25,25,25,25,25,25,25,25,25,25,25,25,25,25,25,25,25,25,25],"floor_reached":51,"playtime":2883,"items_purged":["Strike_R"],"score":1259,"play_id":"845a522f-fd24-44e0-8a81-4ba8b218b08b","local_time":"20180825133702","is_ascension_mode":true,"campfire_choices":[{"data":"Barricade","floor":6.0,"key":"SMITH"},{"data":"Body Slam","floor":10.0,"key":"SMITH"},{"data":"Flame Barrier","floor":15.0,"key":"SMITH"},{"data":"True Grit","floor":23.0,"key":"SMITH"},{"data":"Impervious","floor":27.0,"key":"SMITH"},{"data":"Shrug It Off","floor":29.0,"key":"SMITH"},{"data":"Iron Wave","floor":32.0,"key":"SMITH"},{"data":"Entrench","floor":40.0,"key":"SMITH"},{"data":"Feel No Pain","floor":42.0,"key":"SMITH"},{"floor":45.0,"key":"REST"},{"floor":49,"key":"REST"}],"neow_cost":"PERCENT_DAMAGE","seed_source_timestamp":0,"circlet_count":0,"master_deck":["Strike_R+1","Strike_R+1","Defend_R+1","Defend_R+1","Defend_R+1","Bash","AscendersBane","Barricade+1","Flame Barrier+1","Iron Wave+1","Clothesline","Body Slam+1","Shrug It Off+1","Shockwave","Disarm","Impervious+1","True Grit+1","Feel No Pain+1","Reckless Charge","Cleave","Juggernaut","Entrench+1","Armaments+1","Shrug It Off+1"],"special_seed":0,"relics":["Burning Blood","Smiling Mask","Bronze Scales","Ectoplasm","MutagenicStrength","Ice Cream","Dream Catcher","Darkstone Periapt","Gremlin Horn","White Beast Statue","CultistMask","Regal Pillow"],"potions_floor_usage":[50],"damage_taken":[{"damage":6.0,"enemies":"Cultist","floor":1.0,"turns":3.0},{"damage":7.0,"enemies":"Jaw Worm","floor":3.0,"turns":5.0},{"damage":1.0,"enemies":"2 Louse","floor":4.0,"turns":3.0},{"damage":9.0,"enemies":"Red Slaver","floor":5.0,"turns":5.0},{"damage":13.0,"enemies":"Large Slime","floor":7.0,"turns":10.0},{"damage":3.0,"enemies":"2 Fungi Beasts","floor":8.0,"turns":5.0},{"damage":40.0,"enemies":"Exordium Wildlife","floor":11.0,"turns":7.0},{"damage":0.0,"enemies":"3 Louse","floor":13.0,"turns":2.0},{"damage":3.0,"enemies":"2 Fungi Beasts","floor":14.0,"turns":4.0},{"damage":18.0,"enemies":"Slime Boss","floor":16.0,"turns":12.0},{"damage":3.0,"enemies":"Spheric Guardian","floor":18.0,"turns":8.0},{"damage":6.0,"enemies":"3 Byrds","floor":21.0,"turns":4.0},{"damage":0.0,"enemies":"Shelled Parasite and Fungi","floor":22.0,"turns":5.0},{"damage":24.0,"enemies":"Slavers","floor":24.0,"turns":8.0},{"damage":0.0,"enemies":"Book of Stabbing","floor":28.0,"turns":6.0},{"damage":16.0,"enemies":"Gremlin Leader","floor":30.0,"turns":7.0},{"damage":0.0,"enemies":"Sentry and Sphere","floor":31.0,"turns":5.0},{"damage":16.0,"enemies":"Champ","floor":33.0,"turns":14.0},{"damage":0.0,"enemies":"3 Shapes","floor":35.0,"turns":5.0},{"damage":18.0,"enemies":"Flame Bruiser 1 Orb","floor":37.0,"turns":6.0},{"damage":0.0,"enemies":"Sphere and 2 Shapes","floor":38.0,"turns":6.0},{"damage":0.0,"enemies":"4 Shapes","floor":41.0,"turns":6.0},{"damage":45.0,"enemies":"Spire Growth","floor":44.0,"turns":8.0},{"damage":48.0,"enemies":"Transient","floor":47.0,"turns":5.0},{"damage":0.0,"enemies":"Maw","floor":48.0,"turns":8.0},{"damage":21,"enemies":"Time Eater","floor":50,"turns":12}],"seed_played":"976112255271990875","potions_obtained":[{"floor":4.0,"key":"Strength Potion"},{"floor":11.0,"key":"Explosive Potion"},{"floor":13.0,"key":"PowerPotion"},{"floor":14.0,"key":"Energy Potion"},{"floor":16.0,"key":"EssenceOfSteel"},{"floor":21.0,"key":"AttackPotion"},{"floor":24.0,"key":"Explosive Potion"},{"floor":28.0,"key":"AttackPotion"},{"floor":31.0,"key":"BloodPotion"},{"floor":35.0,"key":"PowerPotion"},{"floor":37.0,"key":"Energy Potion"},{"floor":41.0,"key":"Explosive Potion"},{"floor":44.0,"key":"SpeedPotion"},{"floor":47.0,"key":"FairyPotion"}],"is_trial":false,"path_per_floor":["M","?","M","M","M","R","M","M","T","R","M","$","M","M","R","B",null,"M","?","?","M","M","R","E","?","T","R","E","R","E","M","R","B",null,"M","?","M","M","?","R","M","R","T","M","R","$","M","M","R","B"],"character_chosen":"IRONCLAD","items_purchased":["Bronze Scales"],"campfire_rested":2,"item_purchase_floors":[12],"current_hp_per_floor":[50,50,49,54,51,51,44,47,47,47,13,13,19,22,22,10,59,62,62,62,62,68,68,50,50,50,50,56,56,46,52,52,42,67,73,73,61,67,67,67,73,73,73,34,71,71,29,35,72,57],"gold":25,"neow_bonus":"THREE_RARE_CARDS","is_prod":false,"is_daily":false,"chose_seed":false,"campfire_upgraded":9,"win_rate":0,"timestamp":1535218622,"path_taken":["M","?","M","M","M","R","M","M","T","R","?","$","M","M","R","BOSS","M","?","?","M","M","R","E","?","T","R","E","R","E","?","R","BOSS","M","?","M","M","?","R","M","R","T","M","R","?","M","M","R","BOSS"],"build_version":"2018-08-23v2","purchased_purges":1,"victory":true,"max_hp_per_floor":[75,75,75,75,75,75,75,75,75,75,75,75,75,75,75,75,75,75,75,75,75,75,75,75,75,75,75,75,75,75,75,75,75,75,75,75,75,75,75,75,75,75,75,75,75,75,75,75,75,75],"card_choices":[{"not_picked":["Dark Embrace","Demon Form"],"picked":"Barricade","floor":0.0},{"not_picked":["Shrug It Off","Power Through"],"picked":"Flame Barrier","floor":1.0},{"not_picked":["True Grit","Intimidate"],"picked":"Iron Wave","floor":3.0},{"not_picked":["Reckless Charge","Clash"],"picked":"Clothesline","floor":4.0},{"not_picked":["Warcry","Clothesline","Heavy Blade"],"picked":"SKIP","floor":5.0},{"not_picked":["Power Through","Limit Break"],"picked":"Body Slam","floor":7.0},{"not_picked":["Bloodletting","Perfected Strike","Reckless Charge"],"picked":"SKIP","floor":8.0},{"not_picked":["Pommel Strike","Wild Strike"],"picked":"Shrug It Off","floor":11.0},{"not_picked":["Warcry","Dual Wield"],"picked":"Shockwave","floor":13.0},{"not_picked":["Headbutt","Shockwave"],"picked":"Disarm","floor":14.0},{"not_picked":["Double Tap","Brutality"],"picked":"Impervious","floor":16.0},{"not_picked":["Sentinel","Hemokinesis"],"picked":"True Grit","floor":18.0},{"not_picked":["Second Wind","Sever Soul"],"picked":"Feel No Pain","floor":21.0},{"not_picked":["Anger","True Grit"],"picked":"Reckless Charge","floor":22.0},{"not_picked":["Clash","Thunderclap","Anger"],"picked":"SKIP","floor":24.0},{"not_picked":["Uppercut","Anger","Bloodletting"],"picked":"SKIP","floor":28.0},{"not_picked":["Perfected Strike","Wild Strike"],"picked":"Cleave","floor":30.0},{"not_picked":["Dark Embrace","Twin Strike","Cleave"],"picked":"SKIP","floor":31.0},{"not_picked":["Feed","Immolate"],"picked":"Juggernaut","floor":33.0},{"not_picked":["Clash+1","Havoc+1"],"picked":"Entrench","floor":35.0},{"not_picked":["Iron Wave","Hemokinesis+1","Sword Boomerang"],"picked":"SKIP","floor":37.0},{"not_picked":["Pommel Strike+1","Cleave"],"picked":"Armaments+1","floor":38.0},{"not_picked":["Heavy Blade","Evolve","Reaper"],"picked":"SKIP","floor":41.0},{"not_picked":["Anger","Body Slam","Armaments"],"picked":"SKIP","floor":44.0},{"not_picked":["Headbutt","Fire Breathing"],"picked":"Shrug It Off+1","floor":47.0},{"not_picked":["Wild Strike+1","Clash","Cleave"],"picked":"SKIP","floor":48}],"player_experience":606553,"relics_obtained":[{"floor":9.0,"key":"Smiling Mask"},{"floor":24.0,"key":"Ice Cream"},{"floor":26.0,"key":"Dream Catcher"},{"floor":28.0,"key":"Darkstone Periapt"},{"floor":30.0,"key":"Gremlin Horn"},{"floor":43.0,"key":"Regal Pillow"}],"event_choices":[{"event_name":"Purifier","player_choice":"One Purge","floor":2.0,"damage_taken":0.0},{"event_name":"Beggar","player_choice":"Gave Gold","floor":19.0,"damage_taken":0.0},{"event_name":"Drug Dealer","player_choice":"Inject Mutagens","floor":20.0,"damage_taken":0.0},{"event_name":"Back to Basics","player_choice":"Simplicity","floor":25.0,"damage_taken":0.0},{"event_name":"Falling","player_choice":"Removed Skill","floor":36.0,"damage_taken":0.0},{"event_name":"FaceTrader","player_choice":"Trade","floor":39.0,"damage_taken":0.0}],"is_beta":false,"boss_relics":[{"not_picked":["Coffee Dripper","Tiny House"],"picked":"Ectoplasm"},{"not_picked":["Black Blood","Astrolabe"],"picked":"White Beast Statue"}],"items_purged_floors":[12],"is_endless":false,"potions_floor_spawned":[4,11,13,14,16,21,24,28,31,35,37,38,41,44,47,48],"ascension_level":15}