{"gold_per_floor":[111,128,140,160,92,92,92,92,144,144,29,57,57,57,57,134,134,154,154,171,12,12],"floor_reached":22,"playtime":850,"items_purged":["Defend_B","Strike_B"],"score":337,"play_id":"c2af4d91-cef1-4d82-8796-18ecbe1cfbc7","local_time":"20180923154126","is_ascension_mode":true,"campfire_choices":[{"data":"Ball Lightning","floor":6,"key":"SMITH"},{"data":"Go for the Eyes","floor":8,"key":"SMITH"},{"floor":10,"key":"REST"},{"data":"Defragment","floor":15,"key":"SMITH"}],"neow_cost":"NONE","seed_source_timestamp":690129985304132,"circlet_count":0,"master_deck":["Strike_B","Strike_B","Strike_B","Defend_B","Defend_B","Defend_B","Zap+1","Dualcast","AscendersBane","Compile Driver","Go for the Eyes+1","Ball Lightning+1","Defragment+1","Echo Form","Electrodynamics","Lockon","Necronomicurse","Tempest"],"relics":["Cracked Core","Pen Nib","Regal Pillow","Blood Vial","Inserter","Necronomicon"],"potions_floor_usage":[4,4],"damage_taken":[{"damage":2,"enemies":"Jaw Worm","floor":1,"turns":4},{"damage":4,"enemies":"Small Slimes","floor":2,"turns":4},{"damage":9,"enemies":"2 Louse","floor":3,"turns":2},{"damage":19,"enemies":"Exordium Thugs","floor":4,"turns":4},{"damage":35,"enemies":"3 Sentries","floor":12,"turns":6},{"damage":22,"enemies":"Slime Boss","floor":16,"turns":7},{"damage":6,"enemies":"3 Byrds","floor":18,"turns":3},{"damage":18,"enemies":"Chosen","floor":20,"turns":4},{"damage":28,"enemies":"Snecko","floor":22,"turns":4}],"seed_played":"954681010659800955","potions_obtained":[{"floor":2,"key":"AttackPotion"},{"floor":3,"key":"GamblersBrew"}],"is_trial":false,"path_per_floor":["M","M","M","M","?","R","?","R","T","R","$","E","?","?","R","B",null,"M","?","M","$"],"character_chosen":"DEFECT","items_purchased":["Defragment","Weak Potion"],"campfire_rested":1,"item_purchase_floors":[11,21],"current_hp_per_floor":[62,58,49,30,30,30,30,30,30,66,66,31,31,54,54,34,62,58,37,21,21,0],"gold":12,"neow_bonus":"UPGRADE_CARD","is_prod":false,"is_daily":false,"chose_seed":false,"campfire_upgraded":3,"win_rate":0,"timestamp":1537731686,"path_taken":["M","M","M","M","?","R","?","R","T","R","$","E","?","?","R","BOSS","M","?","M","$","M"],"build_version":"2018-09-20","purchased_purges":2,"victory":false,"max_hp_per_floor":[71,71,71,71,71,71,71,71,71,71,71,71,71,71,71,71,71,71,71,71,71,71],"card_choices":[{"not_picked":["Turbo","Hologram"],"picked":"Compile Driver","floor":1},{"not_picked":["Force Field","Gash"],"picked":"Go for the Eyes","floor":2},{"not_picked":["Darkness","Compile Driver"],"picked":"Go for the Eyes","floor":3},{"not_picked":["Capacitor","BootSequence"],"picked":"Ball Lightning","floor":4},{"not_picked":["Capacitor","Rebound"],"picked":"Echo Form","floor":12},{"not_picked":["Reboot","Biased Cognition"],"picked":"Electrodynamics","floor":16},{"not_picked":["Beam Cell","Go for the Eyes"],"picked":"Lockon","floor":18},{"not_picked":["Steam","Sweeping Beam"],"picked":"Tempest","floor":20}],"player_experience":698056,"relics_obtained":[{"floor":9,"key":"Regal Pillow"},{"floor":12,"key":"Blood Vial"},{"floor":19,"key":"Necronomicon"}],"event_choices":[{"event_name":"World of Goop","player_choice":"Left","floor":5,"damage_taken":0},{"event_name":"WeMeetAgain","player_choice":"Card","floor":7,"damage_taken":0},{"event_name":"Liars Game","player_choice":"disagreed","floor":13,"damage_taken":0},{"event_name":"Big Fish","player_choice":"Banana","floor":14,"damage_taken":0},{"event_name":"Cursed Tome","player_choice":"Obtained Book","floor":19,"damage_taken":0}],"is_beta":false,"boss_relics":[{"not_picked":["Pandora\u0027s Box","Calling Bell"],"picked":"Inserter"}],"items_purged_floors":[11,21],"is_endless":false,"potions_floor_spawned":[2,3],"killed_by":"Snecko","ascension_level":17}