{"gold_per_floor":[117,135,53,66,66,130,130,155,155,189,189,209,225,240,240,337,337,347,262,262,8,8,8,39,58,58,69,69,69,69,87,87,183,183,200,212,227,77,77],"floor_reached":39,"playtime":2363,"items_purged":["Strike_R"],"score":757,"play_id":"c99023d2-14cc-42cb-82fb-baff988a972f","local_time":"20180704234831","is_ascension_mode":true,"campfire_choices":[{"data":"Armaments","floor":7,"key":"SMITH"},{"floor":15,"key":"REST"},{"data":"Bash","floor":23,"key":"SMITH"},{"data":"True Grit","floor":28,"key":"SMITH"},{"floor":30,"key":"REST"},{"floor":32,"key":"REST"}],"neow_cost":"","seed_source_timestamp":402986960421177,"circlet_count":0,"master_deck":["Strike_R","Strike_R","Strike_R","Defend_R","Defend_R","Defend_R","Defend_R","Bash+1","AscendersBane","Armaments+1","Flex","Feed","Offering","Body Slam+1","Inflame","Thunderclap+1","Evolve","Twin Strike+1","Offering","Clothesline+1","Flash of Steel+1","Pommel Strike+1","True Grit+1","Clash+1","Disarm+1","Sever Soul+1","Whirlwind+1"],"relics":["Burning Blood","Molten Egg 2","Tiny Chest","Dream Catcher","Darkstone Periapt","Bag of Marbles","Velvet Choker","Singing Bowl","Kunai","Incense Burner","Potion Belt","White Beast Statue"],"potions_floor_usage":[6,6,8,18,31,36,39],"damage_taken":[{"damage":6,"enemies":"Cultist","floor":1,"turns":4},{"damage":7,"enemies":"Small Slimes","floor":2,"turns":3},{"damage":10,"enemies":"2 Louse","floor":4,"turns":3},{"damage":20,"enemies":"Gremlin Nob","floor":6,"turns":3},{"damage":31,"enemies":"3 Sentries","floor":8,"turns":10},{"damage":19,"enemies":"Gremlin Nob","floor":10,"turns":3},{"damage":4,"enemies":"Red Slaver","floor":12,"turns":2},{"damage":2,"enemies":"2 Fungi Beasts","floor":13,"turns":3},{"damage":15,"enemies":"3 Louse","floor":14,"turns":2},{"damage":4,"enemies":"Slime Boss","floor":16,"turns":9},{"damage":8,"enemies":"Chosen","floor":18,"turns":3},{"damage":31,"enemies":"Book of Stabbing","floor":24,"turns":4},{"damage":14,"enemies":"Spheric Guardian","floor":25,"turns":5},{"damage":41,"enemies":"Slaver and Parasite","floor":27,"turns":8},{"damage":27,"enemies":"Chosen and Byrds","floor":31,"turns":6},{"damage":55,"enemies":"Collector","floor":33,"turns":11},{"damage":53,"enemies":"3 Darklings","floor":35,"turns":5},{"damage":9,"enemies":"Orb Walker","floor":36,"turns":3},{"damage":42,"enemies":"4 Shapes","floor":37,"turns":7},{"damage":18,"enemies":"Maw","floor":39,"turns":6}],"seed_played":"6082579939625621854","potions_obtained":[{"floor":1,"key":"GamblersBrew"},{"floor":2,"key":"Poison Potion"},{"floor":6,"key":"GamblersBrew"},{"floor":12,"key":"LiquidBronze"},{"floor":14,"key":"GamblersBrew"},{"floor":27,"key":"BloodPotion"},{"floor":33,"key":"SteroidPotion"},{"floor":35,"key":"AttackPotion"},{"floor":36,"key":"Ancient Potion"},{"floor":37,"key":"LiquidBronze"}],"is_trial":false,"path_per_floor":["M","M","$","M","?","E","R","E","T","E","?","M","M","M","R","B",null,"M","?","?","$","?","R","E","M","T","M","R","?","R","M","R","B",null,"M","M","M","$"],"character_chosen":"IRONCLAD","items_purchased":["Feed","Kunai","Whirlwind+1"],"campfire_rested":3,"item_purchase_floors":[3,21,38],"current_hp_per_floor":[72,71,71,70,52,42,42,20,20,7,7,9,16,10,38,43,85,83,83,83,83,99,99,74,71,71,38,38,16,51,46,81,34,99,52,49,18,18,0],"gold":77,"neow_bonus":"","is_prod":false,"is_daily":false,"chose_seed":false,"campfire_upgraded":3,"win_rate":0,"timestamp":1530762511,"path_taken":["M","M","$","M","?","E","R","E","T","E","?","M","M","M","R","BOSS","M","?","?","$","?","R","E","M","T","?","R","?","R","?","R","BOSS","M","M","M","$","M"],"build_version":"2018-06-28","purchased_purges":1,"victory":false,"max_hp_per_floor":[80,80,80,83,83,87,87,90,90,90,90,90,93,96,96,99,99,99,99,99,99,99,99,99,104,104,106,106,111,113,118,118,120,120,120,120,125,125,125],"card_choices":[{"not_picked":["Pummel","Rage"],"picked":"Armaments","floor":1},{"not_picked":["Evolve","Clash"],"picked":"Flex","floor":2},{"not_picked":["Clash","Thunderclap"],"picked":"Offering","floor":4},{"not_picked":["Evolve","Infernal Blade"],"picked":"Body Slam+1","floor":6},{"not_picked":["Bloodletting","Twin Strike+1"],"picked":"Inflame","floor":8},{"not_picked":["Reckless Charge+1","Armaments"],"picked":"Thunderclap+1","floor":10},{"not_picked":["Heavy Blade+1","Blood for Blood+1","Thunderclap+1"],"picked":"SKIP","floor":12},{"not_picked":["Bloodletting","Armaments"],"picked":"Evolve","floor":13},{"not_picked":["Havoc","Sentinel"],"picked":"Twin Strike+1","floor":14},{"not_picked":["Berserk","Exhume"],"picked":"Offering","floor":16},{"not_picked":["Bloodletting+1","Hemokinesis+1"],"picked":"Clothesline+1","floor":18},{"not_picked":["Battle Trance","Cleave+1"],"picked":"True Grit","floor":24},{"not_picked":["Evolve+1","Shockwave","Twin Strike+1"],"picked":"Singing Bowl","floor":25},{"not_picked":["Body Slam+1","True Grit","Thunderclap+1"],"picked":"Singing Bowl","floor":27},{"not_picked":["Battle Trance","Body Slam+1","Perfected Strike+1"],"picked":"Singing Bowl","floor":30},{"not_picked":["Burning Pact","Headbutt+1","Shrug It Off"],"picked":"Singing Bowl","floor":31},{"not_picked":["Fire Breathing","Disarm"],"picked":"Clash+1","floor":32},{"not_picked":["Fiend Fire+1","Offering","Berserk"],"picked":"Singing Bowl","floor":33},{"not_picked":["Bloodletting+1","Thunderclap+1"],"picked":"Disarm+1","floor":35},{"not_picked":["Warcry+1","True Grit+1"],"picked":"Sever Soul+1","floor":36},{"not_picked":["True Grit+1","Inflame+1","Havoc"],"picked":"Singing Bowl","floor":37}],"player_experience":377081,"relics_obtained":[{"floor":6,"key":"Tiny Chest"},{"floor":8,"key":"Dream Catcher"},{"floor":9,"key":"Darkstone Periapt"},{"floor":10,"key":"Bag of Marbles"},{"floor":24,"key":"Incense Burner"},{"floor":26,"key":"Potion Belt"}],"event_choices":[{"event_name":"Scrap Ooze","player_choice":"success","floor":5,"damage_taken":18},{"event_name":"Purifier","player_choice":"One Purge","floor":11,"damage_taken":0},{"event_name":"Addict","player_choice":"Obtained Relic","floor":19,"damage_taken":0},{"event_name":"Match and Keep!","player_choice":"2 cards matched","floor":20,"damage_taken":0},{"event_name":"The Library","player_choice":"Heal","floor":22,"damage_taken":0},{"event_name":"Forgotten Altar","player_choice":"Shed Blood","floor":29,"damage_taken":0}],"boss_relics":[{"not_picked":["Coffee Dripper","Fusion Hammer"],"picked":"Velvet Choker"},{"not_picked":["Snecko Eye","Runic Cube"],"picked":"White Beast Statue"}],"items_purged_floors":[38],"is_endless":false,"potions_floor_spawned":[1,2,6,12,14,27,33,35,36,37],"killed_by":"Maw","ascension_level":10}