{"gold_per_floor":[110,10,10,85,105,136,149,149,176,187,203,223,254,254,254,349,349,315,415,2,2,22,22],"floor_reached":23,"playtime":1127,"items_purged":["Strike_R","Heavy Blade"],"score":271,"play_id":"d7390037-8e37-4d3b-8c54-f70fea57a45f","local_time":"20190119114419","is_ascension_mode":true,"campfire_choices":[{"data":"Havoc","floor":8,"key":"SMITH"},{"data":"Bash","floor":15,"key":"SMITH"}],"neow_cost":"NONE","seed_source_timestamp":151999430869175,"circlet_count":0,"master_deck":["Strike_R","Strike_R","Strike_R+1","Defend_R","Defend_R","Defend_R","Defend_R","Bash+1","Shrug It Off","Flex","Flame Barrier","Iron Wave+1","Havoc+1","Bloodletting","Anger","Feel No Pain","Iron Wave","Brutality","True Grit","Carnage","Flex","Iron Wave"],"relics":["Burning Blood","NeowsBlessing","Dream Catcher","Whetstone","Potion Belt","Mark of Pain","Magic Flower","Meat on the Bone","Mummified Hand","FaceOfCleric"],"potions_floor_usage":[13,13,16,19],"damage_taken":[{"damage":0,"enemies":"Cultist","floor":1,"turns":1},{"damage":0,"enemies":"Jaw Worm","floor":5,"turns":1},{"damage":0,"enemies":"Lagavulin","floor":6,"turns":1},{"damage":14,"enemies":"2 Louse","floor":7,"turns":3},{"damage":1,"enemies":"Exordium Thugs","floor":10,"turns":6},{"damage":4,"enemies":"Looter","floor":11,"turns":4},{"damage":9,"enemies":"Red Slaver","floor":12,"turns":3},{"damage":11,"enemies":"Gremlin Nob","floor":13,"turns":4},{"damage":62,"enemies":"Hexaghost","floor":16,"turns":12},{"damage":27,"enemies":"2 Thieves","floor":18,"turns":5},{"damage":22,"enemies":"Colosseum Slavers","floor":19,"turns":7},{"damage":8,"enemies":"Colosseum Nobs","floor":19,"turns":8},{"damage":18,"enemies":"3 Byrds","floor":22,"turns":6},{"damage":24,"enemies":"Slavers","floor":23,"turns":2}],"seed_played":"3994814302895667857","potions_obtained":[{"floor":1,"key":"Fire Potion"},{"floor":5,"key":"BloodPotion"},{"floor":11,"key":"LiquidBronze"},{"floor":13,"key":"LiquidBronze"},{"floor":18,"key":"Fire Potion"}],"is_trial":false,"path_per_floor":["M","$","?","?","M","E","M","R","T","M","M","M","E","?","R","B",null,"M","?","$","?","M","E"],"character_chosen":"IRONCLAD","items_purchased":["Flex","Mummified Hand","Flex"],"campfire_rested":0,"item_purchase_floors":[2,20,20],"current_hp_per_floor":[80,80,85,74,80,85,77,77,77,82,84,81,76,76,76,20,85,64,46,46,46,57,33],"gold":22,"neow_bonus":"THREE_ENEMY_KILL","is_prod":false,"is_daily":false,"chose_seed":false,"campfire_upgraded":2,"win_rate":0,"timestamp":1547916259,"path_taken":["M","$","?","?","M","E","M","R","T","M","M","M","E","?","R","BOSS","M","?","$","?","M","E"],"build_version":"2019-01-17v2","purchased_purges":2,"victory":false,"max_hp_per_floor":[80,80,85,85,85,85,85,85,85,85,85,85,85,85,85,85,85,85,85,85,85,86,86],"card_choices":[{"not_picked":["Entrench","Burning Pact"],"picked":"Shrug It Off","floor":1},{"not_picked":["Intimidate","Burning Pact"],"picked":"Flame Barrier","floor":5},{"not_picked":["Clash","Wild Strike"],"picked":"Iron Wave","floor":6},{"not_picked":["Headbutt","Intimidate"],"picked":"Havoc","floor":7},{"not_picked":["Flex","Twin Strike"],"picked":"Bloodletting","floor":10},{"not_picked":["Inflame","Bludgeon"],"picked":"Anger","floor":11},{"not_picked":["Pommel Strike","Havoc"],"picked":"Feel No Pain","floor":12},{"not_picked":["Headbutt","Armaments"],"picked":"Iron Wave","floor":13},{"not_picked":["Berserk","Immolate"],"picked":"Brutality","floor":16},{"not_picked":["Pommel Strike","Dual Wield"],"picked":"True Grit","floor":18},{"not_picked":["Rupture","Sword Boomerang+1"],"picked":"Carnage","floor":19},{"not_picked":["Havoc","Perfected Strike"],"picked":"Iron Wave","floor":22}],"player_experience":184418,"relics_obtained":[{"floor":6,"key":"Dream Catcher"},{"floor":9,"key":"Whetstone"},{"floor":13,"key":"Potion Belt"},{"floor":19,"key":"Magic Flower"},{"floor":19,"key":"Meat on the Bone"}],"event_choices":[{"damage_healed":0,"gold_gain":0,"player_choice":"Donut","damage_taken":0,"max_hp_gain":5,"max_hp_loss":0,"event_name":"Big Fish","floor":3,"gold_loss":0},{"damage_healed":0,"gold_gain":75,"player_choice":"Gather Gold","damage_taken":11,"max_hp_gain":0,"max_hp_loss":0,"event_name":"World of Goop","floor":4,"gold_loss":0},{"damage_healed":0,"gold_gain":0,"cards_transformed":["Strike_R"],"player_choice":"Transformed","damage_taken":0,"max_hp_gain":0,"max_hp_loss":0,"event_name":"Transmorgrifier","floor":14,"gold_loss":0,"cards_obtained":["Heavy Blade"]},{"damage_healed":0,"gold_gain":0,"player_choice":"Fight","damage_taken":0,"max_hp_gain":0,"max_hp_loss":0,"event_name":"Colosseum","floor":19,"gold_loss":0},{"damage_healed":0,"gold_gain":0,"player_choice":"Fought Nobs","damage_taken":0,"max_hp_gain":0,"max_hp_loss":0,"event_name":"Colosseum","floor":19,"gold_loss":0},{"damage_healed":0,"gold_gain":0,"player_choice":"Trade","damage_taken":0,"relics_obtained":["FaceOfCleric"],"max_hp_gain":0,"max_hp_loss":0,"event_name":"FaceTrader","floor":21,"gold_loss":0}],"is_beta":false,"boss_relics":[{"not_picked":["Calling Bell","Eternal Feather"],"picked":"Mark of Pain"}],"items_purged_floors":[2,20],"is_endless":false,"potions_floor_spawned":[1,5,11,12,13,18,19],"killed_by":"Slavers","ascension_level":4}