{"gold_per_floor":[115,129,145,145,68,68,103,103,176,176,188,208,235,248,248,324,324,342,51,67,67,117,117,117,152,152,172,186,186,186,24,24,100,100,117,25,70,82,0,65,65,65],"floor_reached":42,"playtime":1757,"items_purged":["Strike_B"],"score":1008,"play_id":"6c2bedd0-ef50-4026-9392-008b78fe6716","local_time":"20190105141200","is_ascension_mode":true,"campfire_choices":[{"floor":6.0,"key":"REST"},{"data":"Gash","floor":8.0,"key":"SMITH"},{"floor":15.0,"key":"REST"},{"data":"Apotheosis","floor":23.0,"key":"SMITH"},{"floor":29.0,"key":"REST"},{"floor":32.0,"key":"REST"}],"neow_cost":"PERCENT_DAMAGE","seed_source_timestamp":23662112906684,"circlet_count":0,"master_deck":["AscendersBane","Strike_B+1","Defend_B","Defend_B","Defend_B","Defend_B+1","Zap+1","Dualcast","All For One+1","Gash+1","Sweeping Beam","FTL","Steam","Cold Snap","Machine Learning+1","Hologram","Beam Cell","Core Surge","Loop+1","Apotheosis+1","Gash+1","Scrape","Biased Cognition+1","Compile Driver+1","Blind","Hologram+1"],"special_seed":0,"relics":["Cracked Core","Whetstone","Frozen Egg 2","Vajra","Nuclear Battery","Anchor","Bottled Flame","War Paint","Fusion Hammer","FossilizedHelix","Red Mask","Tiny Chest"],"potions_floor_usage":[40],"damage_taken":[{"damage":3.0,"enemies":"2 Louse","floor":1.0,"turns":2.0},{"damage":1.0,"enemies":"Cultist","floor":2.0,"turns":3.0},{"damage":4.0,"enemies":"Jaw Worm","floor":3.0,"turns":3.0},{"damage":20.0,"enemies":"Lagavulin","floor":7.0,"turns":5.0},{"damage":6.0,"enemies":"Lots of Slimes","floor":11.0,"turns":2.0},{"damage":0.0,"enemies":"Gremlin Gang","floor":12.0,"turns":4.0},{"damage":3.0,"enemies":"Gremlin Nob","floor":13.0,"turns":3.0},{"damage":5.0,"enemies":"Exordium Wildlife","floor":14.0,"turns":3.0},{"damage":0.0,"enemies":"Slime Boss","floor":16.0,"turns":4.0},{"damage":0.0,"enemies":"Spheric Guardian","floor":18.0,"turns":3.0},{"damage":0.0,"enemies":"3 Byrds","floor":20.0,"turns":3.0},{"damage":34.0,"enemies":"Slavers","floor":25.0,"turns":4.0},{"damage":20.0,"enemies":"Snake Plant","floor":27.0,"turns":3.0},{"damage":5.0,"enemies":"Snecko","floor":28.0,"turns":3.0},{"damage":16.0,"enemies":"Champ","floor":33.0,"turns":8.0},{"damage":1.0,"enemies":"3 Shapes","floor":35.0,"turns":5.0},{"damage":47.0,"enemies":"2 Orb Walkers","floor":37.0,"turns":5.0},{"damage":0.0,"enemies":"Orb Walker","floor":38.0,"turns":3.0},{"damage":2,"enemies":"Giant Head","floor":40,"turns":6},{"damage":0,"enemies":"Nemesis","floor":42,"turns":2}],"seed_played":"6460030736930826694","potions_obtained":[{"floor":2.0,"key":"EntropicBrew"},{"floor":7.0,"key":"SpeedPotion"},{"floor":11.0,"key":"FocusPotion"},{"floor":14.0,"key":"Poison Potion"},{"floor":16.0,"key":"GamblersBrew"},{"floor":18.0,"key":"Weak Potion"},{"floor":25.0,"key":"AttackPotion"},{"floor":27.0,"key":"SpeedPotion"},{"floor":33.0,"key":"EssenceOfSteel"},{"floor":35.0,"key":"Ancient Potion"}],"is_trial":false,"path_per_floor":["M","M","M","?","$","R","E","R","T","?","M","M","E","M","R","B",null,"M","$","M","?","?","R","?","E","T","M","M","R","?","$","R","B",null,"M","$","?","M","?","E","?","E"],"character_chosen":"DEFECT","items_purchased":["FTL","Apotheosis","War Paint","Blind"],"campfire_rested":4,"item_purchase_floors":[5,19,31,36],"current_hp_per_floor":[43,42,38,38,38,59,39,39,39,39,33,33,30,25,46,46,65,65,65,65,65,65,65,65,31,31,11,6,27,27,27,48,32,61,60,60,13,13,13,11,11,11],"gold":65,"neow_bonus":"THREE_RARE_CARDS","is_prod":false,"is_daily":false,"chose_seed":false,"campfire_upgraded":2,"win_rate":0,"timestamp":1546715520,"path_taken":["M","M","M","?","?","R","E","R","T","?","M","M","E","?","R","BOSS","M","?","?","?","?","R","?","E","T","M","?","R","?","$","R","BOSS","M","$","?","M","?","E","?","E"],"build_version":"2019-01-03v4","purchased_purges":1,"victory":false,"max_hp_per_floor":[71,71,71,71,71,71,71,71,71,71,71,71,71,71,71,71,71,71,71,71,71,71,71,71,71,71,71,71,71,71,71,71,71,71,71,71,71,71,71,71,71,71],"card_choices":[{"not_picked":["Seek","Buffer"],"picked":"All For One","floor":0.0},{"not_picked":["Stack","Beam Cell"],"picked":"Gash","floor":1.0},{"not_picked":["Lockon","Blizzard","Compile Driver"],"picked":"SKIP","floor":2.0},{"not_picked":["Heatsinks","Turbo"],"picked":"Sweeping Beam","floor":3.0},{"not_picked":["Double Energy","Darkness"],"picked":"Steam","floor":7.0},{"not_picked":["Undo","Stack"],"picked":"Cold Snap","floor":11.0},{"not_picked":["Leap","Darkness"],"picked":"Machine Learning+1","floor":12.0},{"not_picked":["Sweeping Beam","Rebound"],"picked":"Hologram","floor":13.0},{"not_picked":["Steam","Leap"],"picked":"Beam Cell","floor":14.0},{"not_picked":["Reboot","Fission"],"picked":"Core Surge","floor":16.0},{"not_picked":["Beam Cell","Conserve Battery"],"picked":"Loop+1","floor":18.0},{"not_picked":["Sweeping Beam","Darkness","Cold Snap"],"picked":"SKIP","floor":20.0},{"not_picked":["Streamline+1","Ball Lightning"],"picked":"Scrape","floor":25.0},{"not_picked":["Undo","Gash","Scrape"],"picked":"SKIP","floor":27.0},{"not_picked":["Beam Cell","Steam Power","Ball Lightning"],"picked":"SKIP","floor":28.0},{"not_picked":["Multi-Cast","Core Surge"],"picked":"Biased Cognition+1","floor":33.0},{"not_picked":["Turbo","Beam Cell"],"picked":"Compile Driver+1","floor":35.0},{"not_picked":["Cold Snap","Darkness"],"picked":"Hologram+1","floor":37.0},{"not_picked":["Hologram","Leap","Streamline"],"picked":"SKIP","floor":38.0},{"not_picked":["Barrage","FTL","Cold Snap+1"],"picked":"SKIP","floor":40}],"player_experience":995503,"relics_obtained":[{"floor":7.0,"key":"Whetstone"},{"floor":9.0,"key":"Frozen Egg 2"},{"floor":13.0,"key":"Vajra"},{"floor":25.0,"key":"Anchor"},{"floor":26.0,"key":"Bottled Flame"},{"floor":37.0,"key":"FossilizedHelix"},{"floor":40,"key":"Tiny Chest"}],"event_choices":[{"cards_removed":["Strike_B"],"damage_healed":0.0,"max_hp_gain":0.0,"max_hp_loss":0.0,"gold_gain":0.0,"event_name":"Bonfire Elementals","player_choice":"Offered Basic","floor":4.0,"gold_loss":0.0,"damage_taken":0.0},{"damage_healed":0.0,"max_hp_gain":0.0,"max_hp_loss":0.0,"gold_gain":0.0,"event_name":"Dead Adventurer","player_choice":"Searched \u00271\u0027 times","floor":10.0,"gold_loss":0.0,"damage_taken":0.0},{"damage_healed":0.0,"max_hp_gain":0.0,"max_hp_loss":0.0,"gold_gain":0.0,"event_name":"Cursed Tome","player_choice":"Ignored","floor":21.0,"gold_loss":0.0,"damage_taken":0.0},{"damage_healed":0.0,"max_hp_gain":0.0,"max_hp_loss":0.0,"gold_gain":50.0,"event_name":"Nest","player_choice":"Stole From Cult","floor":22.0,"gold_loss":0.0,"damage_taken":0.0},{"damage_healed":0.0,"max_hp_gain":0.0,"max_hp_loss":0.0,"gold_gain":0.0,"event_name":"Duplicator","player_choice":"Copied","floor":24.0,"gold_loss":0.0,"damage_taken":0.0,"cards_obtained":["Gash"]},{"damage_healed":0.0,"max_hp_gain":0.0,"max_hp_loss":0.0,"gold_gain":0.0,"event_name":"Ghosts","player_choice":"Ignored","floor":30.0,"gold_loss":0.0,"damage_taken":0.0},{"damage_healed":0.0,"max_hp_gain":0.0,"max_hp_loss":0.0,"gold_gain":0.0,"event_name":"Mysterious Sphere","player_choice":"Fight","floor":37.0,"gold_loss":0.0,"damage_taken":0.0},{"damage_healed":0.0,"max_hp_gain":0.0,"max_hp_loss":0.0,"gold_gain":0.0,"event_name":"Tomb of Lord Red Mask","player_choice":"Paid","floor":39.0,"gold_loss":82.0,"damage_taken":0.0,"relics_obtained":["Red Mask"]},{"cards_removed":["Strike_B"],"damage_healed":0,"gold_gain":0,"player_choice":"Removed Attack","damage_taken":0,"max_hp_gain":0,"max_hp_loss":0,"event_name":"Falling","floor":41,"gold_loss":0}],"is_beta":false,"boss_relics":[{"not_picked":["Runic Dome","Coffee Dripper"],"picked":"Nuclear Battery"},{"not_picked":["Lizard Tail","Busted Crown"],"picked":"Fusion Hammer"}],"items_purged_floors":[19],"is_endless":false,"potions_floor_spawned":[2,7,11,12,14,16,18,25,27,33,35],"killed_by":"Nemesis","ascension_level":20}