{"gold_per_floor":[112,187,187,204,204,204,235,235,303,149,149,164,181,26,26,131,131,148,165,176,176,195,222,222,22,22,47,47,47,62,62,62,167,167,182,182,235,195,2,30,30,30],"floor_reached":42,"playtime":2670,"items_purged":["Pain","Strike_R"],"score":460,"play_id":"6b85d875-dcb7-4f03-a358-cfcc72bdd53b","local_time":"20180914210222","is_ascension_mode":false,"campfire_choices":[{"data":"Rage","floor":6,"key":"SMITH"},{"data":"Perfected Strike","floor":8,"key":"SMITH"},{"data":"Limit Break","floor":11,"key":"SMITH"},{"data":"Spot Weakness","floor":15,"key":"SMITH"},{"floor":24,"key":"REST"},{"floor":32,"key":"REST"}],"neow_cost":"NONE","seed_source_timestamp":81053266744862,"circlet_count":0,"master_deck":["Strike_R","Strike_R","Strike_R","Defend_R+1","Defend_R+1","Defend_R+1","Defend_R+1","Bash","Limit Break+1","Rage+1","Pommel Strike","Perfected Strike+1","Spot Weakness+1","Pommel Strike","Juggernaut","Warcry+1","Intimidate+1","Armaments","Entrench","Thunderclap","Pummel+1","Panacea","Rage+1","Cleave","Immolate","Headbutt+1","Bandage Up","Shrug It Off+1"],"relics":["Black Blood","WarpedTongs","Meat on the Bone","Kunai","Oddly Smooth Stone","Fusion Hammer","Omamori","Pantograph","Smiling Mask","Juzu Bracelet","Du-Vu Doll","War Paint","Regal Pillow"],"potions_floor_usage":[7,16,23,27,27,37,40,40,42],"damage_taken":[{"damage":6,"enemies":"2 Louse","floor":1,"turns":3},{"damage":7,"enemies":"Jaw Worm","floor":4,"turns":4},{"damage":10,"enemies":"Gremlin Nob","floor":7,"turns":3},{"damage":0,"enemies":"Small Slimes","floor":12,"turns":3},{"damage":3,"enemies":"Exordium Wildlife","floor":13,"turns":4},{"damage":8,"enemies":"Hexaghost","floor":16,"turns":7},{"damage":9,"enemies":"Shell Parasite","floor":18,"turns":4},{"damage":4,"enemies":"Chosen","floor":19,"turns":3},{"damage":11,"enemies":"Snecko","floor":20,"turns":4},{"damage":24,"enemies":"3 Cultists","floor":22,"turns":5},{"damage":35,"enemies":"Slavers","floor":23,"turns":7},{"damage":34,"enemies":"Gremlin Leader","floor":27,"turns":3},{"damage":10,"enemies":"Centurion and Healer","floor":30,"turns":4},{"damage":62,"enemies":"Automaton","floor":33,"turns":7},{"damage":14,"enemies":"3 Darklings","floor":35,"turns":4},{"damage":57,"enemies":"Mysterious Sphere","floor":37,"turns":5},{"damage":50,"enemies":"2 Orb Walkers","floor":40,"turns":5},{"damage":43,"enemies":"Nemesis","floor":42,"turns":6}],"seed_played":"-8748851627021923036","potions_obtained":[{"floor":1,"key":"Energy Potion"},{"floor":4,"key":"PowerPotion"},{"floor":13,"key":"SkillPotion"},{"floor":18,"key":"EssenceOfSteel"},{"floor":22,"key":"SteroidPotion"},{"floor":27,"key":"BloodPotion"},{"floor":35,"key":"SpeedPotion"},{"floor":37,"key":"EssenceOfSteel"}],"is_trial":false,"path_per_floor":["M","?","?","M","?","R","E","R","T","$","R","M","M","$","R","B",null,"M","M","M","?","M","E","R","$","T","E","?","?","M","?","R","B",null,"M","?","?","?","$","E","?"],"character_chosen":"IRONCLAD","items_purchased":["Spot Weakness","Oddly Smooth Stone","Fruit Juice","Panacea","War Paint"],"campfire_rested":2,"item_purchase_floors":[10,14,25,25,39],"current_hp_per_floor":[80,69,62,61,61,61,57,57,57,57,57,63,66,66,66,64,80,77,79,74,74,56,39,63,63,63,52,52,52,60,60,85,41,85,81,81,58,58,58,36,36,0],"gold":30,"neow_bonus":"ONE_RANDOM_RARE_CARD","is_prod":false,"is_daily":false,"chose_seed":false,"campfire_upgraded":4,"win_rate":0,"timestamp":1536973342,"path_taken":["M","?","?","?","?","R","E","R","T","$","R","M","M","$","R","BOSS","M","M","M","?","M","E","R","$","T","E","?","?","M","?","R","BOSS","M","?","?","?","?","E","?","E"],"build_version":"2018-09-06","purchased_purges":2,"victory":false,"max_hp_per_floor":[80,80,80,80,80,80,80,80,80,80,80,80,80,80,80,80,80,80,80,80,80,80,80,80,80,80,85,85,85,85,85,85,85,85,85,85,85,85,85,85,85,85],"card_choices":[{"not_picked":["Thunderclap","Evolve"],"picked":"Rage","floor":1},{"not_picked":["Battle Trance","Iron Wave"],"picked":"Pommel Strike","floor":4},{"not_picked":["Sentinel","Heavy Blade"],"picked":"Perfected Strike","floor":7},{"not_picked":["Corruption","Hemokinesis","Clothesline"],"picked":"SKIP","floor":12},{"not_picked":["Heavy Blade","Twin Strike"],"picked":"Pommel Strike","floor":13},{"not_picked":["Immolate","Dark Embrace"],"picked":"Juggernaut","floor":16},{"not_picked":["Heavy Blade","Battle Trance"],"picked":"Warcry+1","floor":18},{"not_picked":["Warcry","Cleave+1"],"picked":"Intimidate+1","floor":19},{"not_picked":["Thunderclap","Havoc"],"picked":"Armaments","floor":20},{"not_picked":["Heavy Blade","Wild Strike"],"picked":"Thunderclap","floor":22},{"not_picked":["Power Through","Immolate"],"picked":"Pummel+1","floor":23},{"not_picked":["Entrench+1","Armaments","Rupture"],"picked":"SKIP","floor":27},{"not_picked":["Clash","Heavy Blade"],"picked":"Cleave","floor":30},{"not_picked":["Exhume","Bludgeon"],"picked":"Immolate","floor":33},{"not_picked":["Spot Weakness","Metallicize+1"],"picked":"Headbutt+1","floor":35},{"not_picked":["Violence","Mayhem"],"picked":"Bandage Up","floor":36},{"not_picked":["Sentinel","Armaments+1"],"picked":"Shrug It Off+1","floor":37},{"not_picked":["Anger","Thunderclap","Headbutt"],"picked":"SKIP","floor":40}],"player_experience":96979,"relics_obtained":[{"floor":7,"key":"Meat on the Bone"},{"floor":9,"key":"Kunai"},{"floor":23,"key":"Omamori"},{"floor":26,"key":"Pantograph"},{"floor":27,"key":"Smiling Mask"},{"floor":37,"key":"Du-Vu Doll"},{"floor":40,"key":"Regal Pillow"}],"event_choices":[{"event_name":"World of Goop","player_choice":"Gather Gold","floor":2,"damage_taken":0},{"event_name":"Golden Wing","player_choice":"Card Removal","floor":3,"damage_taken":0},{"event_name":"Accursed Blacksmith","player_choice":"Rummage","floor":5,"damage_taken":0},{"event_name":"Match and Keep!","player_choice":"1 cards matched","floor":21,"damage_taken":0},{"event_name":"Addict","player_choice":"Stole Relic","floor":28,"damage_taken":0},{"event_name":"Duplicator","player_choice":"One dupe","floor":29,"damage_taken":0},{"event_name":"Beggar","player_choice":"Ignored","floor":31,"damage_taken":0},{"event_name":"SensoryStone","player_choice":"Memory 1","floor":36,"damage_taken":0},{"event_name":"Mysterious Sphere","player_choice":"Fight","floor":37,"damage_taken":0},{"event_name":"Designer","player_choice":"Upgrade 2 Random Cards","floor":38,"damage_taken":0},{"event_name":"The Moai Head","player_choice":"Ignored","floor":41,"damage_taken":0}],"is_beta":false,"boss_relics":[{"not_picked":["Orrery","Runic Dome"],"picked":"Fusion Hammer"},{"not_picked":["Astrolabe","Empty Cage"],"picked":"Black Blood"}],"items_purged_floors":[10,39],"is_endless":false,"potions_floor_spawned":[1,4,13,18,22,27,35,37],"killed_by":"Nemesis","ascension_level":0}