{"gold_per_floor":[117,127,146,158,308,308,337,412,464,464,482,482,497,525,525,596,596,606,606,594,157,157,168,168,168],"floor_reached":25,"playtime":1702,"items_purged":[],"score":560,"play_id":"a462d6cf-254b-42eb-b5ee-7b04e15d1f4c","local_time":"20190212213024","is_ascension_mode":true,"campfire_choices":[{"data":"Envenom","floor":6,"key":"SMITH"},{"floor":10,"key":"REST"},{"floor":12,"key":"REST"},{"floor":15,"key":"REST"},{"floor":24,"key":"REST"}],"neow_cost":"NONE","seed_source_timestamp":2169160585008395,"circlet_count":0,"master_deck":["AscendersBane","Survivor","Neutralize","Backstab","Sucker Punch","Tools of the Trade","Envenom+1","Tools of the Trade","Backstab","Riddle With Holes","Glass Knife","Calculated Gamble","Well Laid Plans","Dash","Heel Hook","Distraction","Doubt","Poisoned Stab","Noxious Fumes","Choke","Distraction","Storm of Steel","Writhe","Writhe","Decay","Underhanded Strike","Deflect","Accuracy","Backflip"],"relics":["Pandora\u0027s Box","Ninja Scroll","Juzu Bracelet","PreservedInsect","Calling Bell","Bag of Preparation","Blue Candle","Peace Pipe","Ornamental Fan","Pen Nib"],"potions_floor_usage":[16,20,23],"damage_taken":[{"damage":0,"enemies":"Cultist","floor":1,"turns":1},{"damage":0,"enemies":"2 Louse","floor":2,"turns":1},{"damage":3,"enemies":"Small Slimes","floor":3,"turns":2},{"damage":8,"enemies":"3 Louse","floor":4,"turns":2},{"damage":22,"enemies":"3 Sentries","floor":7,"turns":6},{"damage":0,"enemies":"Looter","floor":11,"turns":1},{"damage":0,"enemies":"2 Fungi Beasts","floor":13,"turns":1},{"damage":15,"enemies":"Lagavulin","floor":14,"turns":3},{"damage":0,"enemies":"Slime Boss","floor":16,"turns":7},{"damage":12,"enemies":"Spheric Guardian","floor":18,"turns":3},{"damage":9,"enemies":"2 Thieves","floor":20,"turns":4},{"damage":44,"enemies":"3 Cultists","floor":23,"turns":6},{"damage":37,"enemies":"Book of Stabbing","floor":25,"turns":3}],"seed_played":"-4425263646409735079","potions_obtained":[{"floor":1,"key":"Dexterity Potion"},{"floor":7,"key":"PowerPotion"},{"floor":14,"key":"GhostInAJar"},{"floor":20,"key":"GamblersBrew"}],"is_trial":false,"path_per_floor":["M","M","M","M","?","R","E","?","T","R","M","R","M","E","R","B",null,"M","?","M","$","?","M","R","E"],"character_chosen":"THE_SILENT","items_purchased":["Accuracy","Ornamental Fan","Pen Nib"],"campfire_rested":4,"item_purchase_floors":[21,21,21],"current_hp_per_floor":[59,59,56,48,48,48,26,15,15,34,34,53,53,38,57,57,64,52,52,43,43,56,12,31,0],"gold":168,"neow_bonus":"BOSS_RELIC","is_prod":false,"is_daily":false,"chose_seed":false,"campfire_upgraded":1,"win_rate":0,"timestamp":1550032224,"path_taken":["M","M","M","M","?","R","E","?","T","R","M","R","M","E","R","BOSS","M","?","M","$","?","M","R","E"],"build_version":"2019-01-23","purchased_purges":0,"victory":false,"max_hp_per_floor":[66,66,66,66,66,66,66,66,66,66,66,66,66,66,66,66,66,66,66,66,66,66,66,66,66],"card_choices":[{"not_picked":["Backflip","Outmaneuver"],"picked":"Dash","floor":1},{"not_picked":["Sucker Punch","Setup","Flechettes"],"picked":"SKIP","floor":2},{"not_picked":["Outmaneuver","Quick Slash"],"picked":"Heel Hook","floor":3},{"not_picked":["Bane","Sucker Punch"],"picked":"Distraction","floor":4},{"not_picked":["Storm of Steel","Dagger Throw"],"picked":"Poisoned Stab","floor":7},{"not_picked":["Deflect","Outmaneuver"],"picked":"Noxious Fumes","floor":11},{"not_picked":["Backflip","Outmaneuver"],"picked":"Choke","floor":13},{"not_picked":["Sucker Punch","Bullet Time"],"picked":"Distraction","floor":14},{"not_picked":["Doppelganger","Grand Finale"],"picked":"Storm of Steel","floor":16},{"not_picked":["Outmaneuver","Expertise"],"picked":"Underhanded Strike","floor":18},{"not_picked":["Bouncing Flask","Outmaneuver"],"picked":"Deflect","floor":20},{"not_picked":["PiercingWail","Dagger Throw"],"picked":"Backflip","floor":23}],"player_experience":1087760,"relics_obtained":[{"floor":7,"key":"Ninja Scroll"},{"floor":9,"key":"Juzu Bracelet"},{"floor":14,"key":"PreservedInsect"},{"floor":17,"key":"Bag of Preparation"},{"floor":17,"key":"Blue Candle"},{"floor":17,"key":"Peace Pipe"}],"event_choices":[{"damage_healed":0,"gold_gain":150,"player_choice":"AGREE","damage_taken":0,"max_hp_gain":0,"max_hp_loss":0,"event_name":"Liars Game","floor":5,"gold_loss":0,"cards_obtained":["Doubt"]},{"damage_healed":0,"gold_gain":75,"player_choice":"Gather Gold","damage_taken":11,"max_hp_gain":0,"max_hp_loss":0,"event_name":"World of Goop","floor":8,"gold_loss":0},{"damage_healed":0,"gold_gain":0,"player_choice":"Ignored","damage_taken":0,"max_hp_gain":0,"max_hp_loss":0,"event_name":"Vampires","floor":19,"gold_loss":0},{"damage_healed":13,"gold_gain":0,"player_choice":"Heal","damage_taken":0,"max_hp_gain":0,"max_hp_loss":0,"event_name":"The Library","floor":22,"gold_loss":0}],"is_beta":false,"boss_relics":[{"not_picked":["Coffee Dripper","Empty Cage"],"picked":"Calling Bell"}],"items_purged_floors":[],"is_endless":false,"potions_floor_spawned":[1,7,13,14,20],"killed_by":"Book of Stabbing","ascension_level":15}