{"path_per_floor":["M","M","?","$","$","E","R","E","T","?","M","$","R","M","R"],"character_chosen":"THE_SILENT","items_purchased":["Dagger Spray","Ancient Tea Set","Blur"],"gold_per_floor":[110,122,122,24,24,55,55,82,157,332,349,21,21,34,34,34],"floor_reached":16,"campfire_rested":0,"playtime":586,"item_purchase_floors":[4,12,12],"current_hp_per_floor":[70,70,70,70,70,70,70,50,50,50,50,50,50,50,50,0],"items_purged":["Strike_G","Doubt"],"gold":34,"score":133,"play_id":"891f6d2b-e157-4a00-bda1-fabfb8ab3ba0","local_time":"20180531230052","is_prod":false,"is_daily":false,"chose_seed":false,"is_ascension_mode":false,"campfire_upgraded":3,"win_rate":0,"timestamp":1527829252,"campfire_choices":[{"data":"Leg Sweep","floor":7,"key":"SMITH"},{"data":"Blur","floor":13,"key":"SMITH"},{"data":"Backflip","floor":15,"key":"SMITH"}],"path_taken":["M","M","?","?","$","E","R","E","T","?","?","?","R","?","R","BOSS"],"build_version":"2018-05-31","seed_source_timestamp":105542634147195,"purchased_purges":2,"victory":false,"master_deck":["Defend_G","Defend_G","Defend_G","Defend_G","Defend_G","Strike_G","Strike_G","Strike_G","Survivor","Neutralize","Dagger Spray","Dagger Spray","Dagger Spray","Leg Sweep+1","Backflip+1","Blur+1"],"max_hp_per_floor":[70,70,70,70,70,70,70,75,75,75,75,75,75,75,75,75],"relics":["Ring of the Snake","NeowsBlessing","Dream Catcher","Boot","Matryoshka","Ancient Tea Set"],"card_choices":[{"not_picked":["Masterful Stab","Underhanded Strike"],"picked":"Dagger Spray","floor":1},{"not_picked":["Calculated Gamble","Crippling Poison"],"picked":"Dagger Spray","floor":2},{"not_picked":["Flying Knee","Bane"],"picked":"Leg Sweep","floor":6},{"not_picked":["Dagger Spray","Grand Finale","Poisoned Stab"],"picked":"SKIP","floor":8},{"not_picked":["Well Laid Plans","Sucker Punch"],"picked":"Backflip","floor":11},{"not_picked":["Dagger Throw","Dodge and Roll","Prepared"],"picked":"SKIP","floor":14}],"player_experience":842176,"potions_floor_usage":[8,8,16],"damage_taken":[{"damage":0,"enemies":"Cultist","floor":1,"turns":1},{"damage":0,"enemies":"Jaw Worm","floor":2,"turns":1},{"damage":0,"enemies":"3 Sentries","floor":6,"turns":1},{"damage":25,"enemies":"Gremlin Nob","floor":8,"turns":6},{"damage":0,"enemies":"2 Louse","floor":11,"turns":2},{"damage":0,"enemies":"Blue Slaver","floor":14,"turns":3},{"damage":50,"enemies":"Hexaghost","floor":16,"turns":16}],"relics_obtained":[{"floor":6,"key":"Dream Catcher"},{"floor":8,"key":"Boot"},{"floor":9,"key":"Matryoshka"}],"event_choices":[{"event_name":"Living Wall","player_choice":"Forget","floor":3,"damage_taken":0},{"event_name":"Liars Game","player_choice":"agreed","floor":10,"damage_taken":0}],"boss_relics":[],"items_purged_floors":[4,12],"potions_floor_spawned":[1,2,6],"seed_played":"-3830372048582977125","killed_by":"Hexaghost","ascension_level":0,"potions_obtained":[{"floor":1,"key":"SkillPotion"},{"floor":2,"key":"GamblersBrew"},{"floor":6,"key":"Fruit Juice"}],"is_trial":false}