{"gold_per_floor":[10,26,26,26,36,36,61,61,61,61,75,95,95,160,160,232,232,248,173,173,199,214,214,214,234,287,287,317,317,327,345,345,345],"floor_reached":33,"playtime":1796,"items_purged":["Strike_R"],"score":517,"play_id":"94499199-7221-4f19-899f-652e2c262e75","local_time":"20190222185431","is_ascension_mode":true,"campfire_choices":[{"data":"Discovery","floor":6,"key":"SMITH"},{"data":"Flame Barrier","floor":8,"key":"SMITH"},{"data":"Seeing Red","floor":10,"key":"SMITH"},{"data":"Fiend Fire","floor":13,"key":"SMITH"},{"data":"Anger","floor":15,"key":"SMITH"},{"data":"Flame Barrier","floor":23,"key":"SMITH"},{"floor":27,"key":"REST"},{"data":"Body Slam","floor":29,"key":"SMITH"},{"floor":32,"key":"REST"}],"neow_cost":"NO_GOLD","seed_source_timestamp":137460089928,"circlet_count":0,"master_deck":["AscendersBane","Strike_R","Strike_R","Strike_R","Defend_R","Defend_R","Defend_R","Defend_R","Bash","Discovery+1","Deep Breath","Flame Barrier+1","Wild Strike","Seeing Red+1","Fiend Fire+1","Anger+1","Wild Strike","Immolate","Flame Barrier+1","Reckless Charge","Body Slam+1","Corruption","Disarm+1","Warcry"],"relics":["Burning Blood","Charon\u0027s Ashes","Matryoshka","Vajra","Letter Opener","Bronze Scales","Eternal Feather","Red Mask","Bag of Preparation","Ancient Tea Set","Smiling Mask"],"potions_floor_usage":[7,7,14,16,16,25,31,33],"damage_taken":[{"damage":12,"enemies":"Jaw Worm","floor":1,"turns":2},{"damage":10,"enemies":"Small Slimes","floor":2,"turns":5},{"damage":0,"enemies":"2 Louse","floor":5,"turns":3},{"damage":15,"enemies":"3 Sentries","floor":7,"turns":6},{"damage":1,"enemies":"2 Fungi Beasts","floor":11,"turns":3},{"damage":3,"enemies":"Blue Slaver","floor":12,"turns":3},{"damage":20,"enemies":"Lagavulin Event","floor":14,"turns":3},{"damage":50,"enemies":"The Guardian","floor":16,"turns":9},{"damage":13,"enemies":"Chosen","floor":18,"turns":4},{"damage":19,"enemies":"Masked Bandits","floor":21,"turns":3},{"damage":0,"enemies":"3 Byrds","floor":22,"turns":2},{"damage":89,"enemies":"Cultist and Chosen","floor":25,"turns":5},{"damage":3,"enemies":"Slavers","floor":28,"turns":2},{"damage":0,"enemies":"Chosen and Byrds","floor":30,"turns":1},{"damage":45,"enemies":"Sentry and Sphere","floor":31,"turns":5},{"damage":106,"enemies":"Automaton","floor":33,"turns":6}],"seed_played":"-6156440429617140975","potions_obtained":[{"floor":2,"key":"GamblersBrew"},{"floor":5,"key":"Regen Potion"},{"floor":11,"key":"SkillPotion"},{"floor":14,"key":"EntropicBrew"},{"floor":21,"key":"SkillPotion"},{"floor":30,"key":"BloodPotion"},{"floor":31,"key":"Regen Potion"}],"is_trial":false,"path_per_floor":["M","M","?","?","M","R","E","R","T","R","M","M","R","?","R","B",null,"M","$","?","?","M","R","?","M","T","R","E","R","M","M","R","B"],"character_chosen":"IRONCLAD","items_purchased":[],"campfire_rested":2,"item_purchase_floors":[],"current_hp_per_floor":[62,58,53,46,52,52,58,58,58,58,63,66,66,52,52,8,58,51,51,51,38,44,56,56,13,13,47,50,62,68,36,70,0],"gold":345,"neow_bonus":"RANDOM_COLORLESS_2","is_prod":false,"is_daily":false,"chose_seed":false,"campfire_upgraded":7,"win_rate":0,"timestamp":1550886871,"path_taken":["M","M","?","?","M","R","E","R","T","R","M","M","R","?","R","BOSS","M","$","?","?","M","R","?","M","T","R","E","R","M","M","R","BOSS"],"build_version":"2019-01-23","purchased_purges":1,"victory":false,"max_hp_per_floor":[75,75,75,75,75,75,75,75,75,75,75,75,75,75,75,75,75,75,75,75,75,75,75,75,75,75,75,75,75,75,75,75,75],"card_choices":[{"not_picked":["Clothesline","Sword Boomerang","Entrench"],"picked":"SKIP","floor":1},{"not_picked":["Havoc","Hemokinesis"],"picked":"Flame Barrier","floor":2},{"not_picked":["Battle Trance","Headbutt"],"picked":"Wild Strike","floor":5},{"not_picked":["Pommel Strike","Sword Boomerang"],"picked":"Seeing Red","floor":7},{"not_picked":["Headbutt","Cleave"],"picked":"Fiend Fire","floor":11},{"not_picked":["Hemokinesis","Perfected Strike"],"picked":"Anger","floor":12},{"not_picked":["Warcry","Pummel"],"picked":"Wild Strike","floor":14},{"not_picked":["Dark Embrace","Double Tap"],"picked":"Immolate","floor":16},{"not_picked":["Sever Soul+1","True Grit"],"picked":"Flame Barrier","floor":18},{"not_picked":["Clothesline+1","Anger","Sword Boomerang"],"picked":"SKIP","floor":22},{"not_picked":["Combust","Headbutt"],"picked":"Body Slam","floor":25},{"not_picked":["Seeing Red+1","Spot Weakness"],"picked":"Corruption","floor":28},{"not_picked":["Battle Trance","Carnage"],"picked":"Disarm+1","floor":30},{"not_picked":["Clothesline","Heavy Blade"],"picked":"Warcry","floor":31}],"player_experience":1207390,"relics_obtained":[{"floor":7,"key":"Matryoshka"},{"floor":9,"key":"Vajra"},{"floor":9,"key":"Letter Opener"},{"floor":14,"key":"Bronze Scales"},{"floor":21,"key":"Red Mask"},{"floor":26,"key":"Bag of Preparation"},{"floor":26,"key":"Ancient Tea Set"},{"floor":28,"key":"Smiling Mask"}],"event_choices":[{"damage_healed":0,"gold_gain":0,"player_choice":"Success","damage_taken":5,"relics_obtained":["Charon\u0027s Ashes"],"max_hp_gain":0,"max_hp_loss":0,"event_name":"Scrap Ooze","floor":3,"gold_loss":0},{"cards_removed":["Strike_R"],"damage_healed":0,"gold_gain":0,"player_choice":"Card Removal","damage_taken":7,"max_hp_gain":0,"max_hp_loss":0,"event_name":"Golden Wing","floor":4,"gold_loss":0},{"damage_healed":0,"gold_gain":30,"player_choice":"Searched \u00273\u0027 times","damage_taken":0,"max_hp_gain":0,"max_hp_loss":0,"event_name":"Dead Adventurer","floor":14,"gold_loss":0},{"damage_healed":0,"gold_gain":0,"player_choice":"Read","damage_taken":0,"max_hp_gain":0,"max_hp_loss":0,"event_name":"The Library","floor":20,"gold_loss":0,"cards_obtained":["Reckless Charge"]},{"damage_healed":0,"gold_gain":0,"player_choice":"Fought Bandits","damage_taken":0,"max_hp_gain":0,"max_hp_loss":0,"event_name":"Masked Bandits","floor":21,"gold_loss":0},{"damage_healed":0,"gold_gain":0,"player_choice":"Ignored","damage_taken":0,"max_hp_gain":0,"max_hp_loss":0,"event_name":"Vampires","floor":24,"gold_loss":0}],"is_beta":false,"boss_relics":[{"not_picked":["Empty Cage","Lizard Tail"],"picked":"Eternal Feather"}],"items_purged_floors":[19],"is_endless":false,"potions_floor_spawned":[2,5,11,14,21,22,30,31],"killed_by":"Automaton","ascension_level":19}