{"path_per_floor":["M","M","M","?","$","R","E","T","T","R","?","R","M","M","R","B",null,"M","$"],"character_chosen":"DEFECT","items_purchased":["Scrape","Flash of Steel"],"gold_per_floor":[112,125,138,138,26,26,56,56,56,56,56,56,67,80,80,184,184,203,13,0],"floor_reached":20,"campfire_rested":2,"playtime":968,"item_purchase_floors":[5,19],"current_hp_per_floor":[57,57,57,50,50,50,15,15,15,35,35,55,46,33,33,9,53,11,11,0],"items_purged":["Strike_B","Regret"],"gold":0,"score":249,"play_id":"7b691c67-c529-4e72-8e94-776a4e0fae22","local_time":"20180525235057","is_prod":false,"is_daily":false,"chose_seed":false,"is_ascension_mode":true,"campfire_upgraded":2,"win_rate":0,"timestamp":1527313857,"campfire_choices":[{"data":"Zap","floor":6,"key":"SMITH"},{"floor":10,"key":"REST"},{"floor":12,"key":"REST"},{"data":"Reinforced Body","floor":15,"key":"SMITH"}],"path_taken":["M","M","M","?","$","R","E","?","T","R","?","R","M","M","R","BOSS","M","$","M"],"build_version":"2018-05-24","seed_source_timestamp":1393097440063321,"purchased_purges":2,"victory":false,"master_deck":["Strike_B","Strike_B","Defend_B","Defend_B","Defend_B","Defend_B","Zap+1","Dualcast","Go for the Eyes","Fusion","Defragment","Scrape","Storm","Streamline","Reinforced Body+1","All For One","Storm+1","Flash of Steel"],"max_hp_per_floor":[68,68,68,68,68,68,68,68,68,68,68,68,68,68,68,68,68,68,68,68],"relics":["Cracked Core","Calipers","Bottled Flame","Pantograph","Emotion Chip","Turnip","Eternal Feather"],"card_choices":[{"not_picked":["Rebound","Streamline"],"picked":"Go for the Eyes","floor":1},{"not_picked":["Turbo","Steam Power"],"picked":"Fusion","floor":2},{"not_picked":["Undo","Leap"],"picked":"Defragment","floor":3},{"not_picked":["Compile Driver","Tempest"],"picked":"Storm","floor":7},{"not_picked":["Coolheaded","Ball Lightning"],"picked":"Streamline","floor":13},{"not_picked":["Coolheaded","Darkness"],"picked":"Reinforced Body","floor":14},{"not_picked":["Seek","Machine Learning"],"picked":"All For One","floor":16},{"not_picked":["Stack","Go for the Eyes"],"picked":"Storm+1","floor":18}],"player_experience":167365,"potions_floor_usage":[7,16],"damage_taken":[{"damage":11,"enemies":"Jaw Worm","floor":1,"turns":4},{"damage":0,"enemies":"Small Slimes","floor":2,"turns":3},{"damage":0,"enemies":"2 Louse","floor":3,"turns":3},{"damage":35,"enemies":"3 Sentries","floor":7,"turns":6},{"damage":9,"enemies":"2 Fungi Beasts","floor":13,"turns":3},{"damage":13,"enemies":"Exordium Wildlife","floor":14,"turns":5},{"damage":49,"enemies":"The Guardian","floor":16,"turns":11},{"damage":42,"enemies":"3 Byrds","floor":18,"turns":5},{"damage":17,"enemies":"2 Thieves","floor":20,"turns":1}],"relics_obtained":[{"floor":7,"key":"Bottled Flame"},{"floor":8,"key":"Pantograph"},{"floor":9,"key":"Emotion Chip"}],"event_choices":[{"event_name":"Golden Wing","player_choice":"Card Removal","floor":4,"damage_taken":0},{"event_name":"Big Fish","player_choice":"Box","floor":11,"damage_taken":0}],"boss_relics":[{"not_picked":["White Beast Statue","Sozu"],"picked":"Eternal Feather"}],"items_purged_floors":[5,19],"potions_floor_spawned":[3,14,16],"seed_played":"2800338725736127371","killed_by":"2 Thieves","ascension_level":9,"potions_obtained":[{"floor":3,"key":"SkillPotion"},{"floor":14,"key":"GamblersBrew"},{"floor":16,"key":"Strength Potion"}],"is_trial":false}