{"gold_per_floor":[114,264,275,287,41,41,56,56,56,56,56,89,109,124,124,201,201,213,232,25,43,59,93,93,119,119,119,129,147,29,57,57,131,131,146,158,158,175,18,18,18,18,18,49,62,80,60,79,79,79],"floor_reached":50,"playtime":4527,"items_purged":["Doubt","Strike_B","Strike_B"],"score":1007,"play_id":"654b62e0-b617-42ad-a1d2-4ac02188ee22","local_time":"20190208233729","is_ascension_mode":true,"campfire_choices":[{"data":"Zap","floor":6,"key":"SMITH"},{"data":"Redo","floor":8,"key":"SMITH"},{"data":"Dualcast","floor":10,"key":"SMITH"},{"floor":15,"key":"REST"},{"floor":24,"key":"REST"},{"data":"Defragment","floor":27,"key":"SMITH"},{"floor":32,"key":"REST"},{"data":"Fission","floor":40,"key":"SMITH"},{"data":"Thunder Strike","floor":42,"key":"SMITH"},{"data":"Reinforced Body","floor":49,"key":"SMITH"}],"neow_cost":"NONE","seed_source_timestamp":1828344715444017,"circlet_count":0,"master_deck":["AscendersBane","Strike_B","Defend_B","Defend_B","Defend_B","Defend_B","Zap+1","Dualcast+1","Chill","Cold Snap","Recycle","Panache","Redo+1","Beam Cell","Cold Snap","Hologram","Rainbow","Beam Cell","BootSequence","Defragment+1","BootSequence","Self Repair","Genetic Algorithm","Compile Driver","Conserve Battery","Reboot","Thunder Strike+1","Fission+1","Turbo","Reinforced Body+1","Defragment+1","Conserve Battery+1","Ball Lightning","Go for the Eyes","Auto Shields"],"relics":["Cracked Core","Smiling Mask","Torii","Dead Branch","Nuclear Battery","Bag of Preparation","Gambling Chip","Bird Faced Urn","Blue Candle","Centennial Puzzle","Sozu","Happy Flower","Oddly Smooth Stone","Pear"],"potions_floor_usage":[12,14,16,23,25,33,50],"damage_taken":[{"damage":1,"enemies":"Cultist","floor":1,"turns":4},{"damage":0,"enemies":"Small Slimes","floor":3,"turns":3},{"damage":0,"enemies":"2 Louse","floor":4,"turns":2},{"damage":9,"enemies":"Red Slaver","floor":7,"turns":4},{"damage":16,"enemies":"Gremlin Nob","floor":12,"turns":3},{"damage":8,"enemies":"Exordium Wildlife","floor":13,"turns":3},{"damage":17,"enemies":"Exordium Thugs","floor":14,"turns":4},{"damage":21,"enemies":"The Guardian","floor":16,"turns":11},{"damage":1,"enemies":"Chosen","floor":18,"turns":4},{"damage":14,"enemies":"Shell Parasite","floor":19,"turns":5},{"damage":0,"enemies":"Chosen and Byrds","floor":21,"turns":5},{"damage":0,"enemies":"3 Cultists","floor":22,"turns":4},{"damage":29,"enemies":"Book of Stabbing","floor":23,"turns":5},{"damage":16,"enemies":"Slavers","floor":25,"turns":5},{"damage":17,"enemies":"Snecko","floor":28,"turns":6},{"damage":0,"enemies":"Snake Plant","floor":29,"turns":2},{"damage":17,"enemies":"Book of Stabbing","floor":31,"turns":6},{"damage":42,"enemies":"Champ","floor":33,"turns":10},{"damage":1,"enemies":"3 Shapes","floor":35,"turns":2},{"damage":19,"enemies":"3 Darklings","floor":36,"turns":3},{"damage":0,"enemies":"4 Shapes","floor":38,"turns":4},{"damage":36,"enemies":"Reptomancer","floor":44,"turns":4},{"damage":0,"enemies":"Jaw Worm Horde","floor":45,"turns":5},{"damage":17,"enemies":"Spire Growth","floor":46,"turns":5},{"damage":0,"enemies":"Maw","floor":48,"turns":7},{"damage":118,"enemies":"Time Eater","floor":50,"turns":15}],"seed_played":"-934690508070020455","potions_obtained":[{"floor":3,"key":"PowerPotion"},{"floor":13,"key":"Swift Potion"},{"floor":14,"key":"Fruit Juice"},{"floor":21,"key":"FocusPotion"},{"floor":22,"key":"Regen Potion"},{"floor":23,"key":"EssenceOfSteel"},{"floor":25,"key":"SpeedPotion"},{"floor":33,"key":"Dexterity Potion"}],"is_trial":false,"path_per_floor":["M","?","M","M","$","R","M","R","T","R","?","E","M","M","R","B",null,"M","M","$","M","M","E","R","E","T","R","M","M","$","E","R","B",null,"M","M","?","M","$","R","$","R","T","E","M","M","?","M","R","B"],"character_chosen":"DEFECT","items_purchased":["Panache","Bag of Preparation","Reboot","Happy Flower"],"campfire_rested":3,"item_purchase_floors":[5,20,30,39],"current_hp_per_floor":[63,63,63,63,63,63,54,54,54,54,54,38,30,18,40,19,62,61,47,47,47,47,32,54,45,45,45,41,49,49,47,69,42,68,71,65,65,76,76,76,76,76,76,65,84,86,86,86,86,0],"gold":79,"neow_bonus":"RANDOM_COMMON_RELIC","is_prod":false,"is_daily":false,"chose_seed":false,"campfire_upgraded":7,"win_rate":0,"timestamp":1549694249,"path_taken":["M","?","M","M","$","R","M","R","T","R","?","E","M","M","R","BOSS","M","M","$","M","M","E","R","E","T","R","M","M","$","E","R","BOSS","M","M","?","M","$","R","$","R","T","E","?","M","?","M","R","BOSS"],"build_version":"2019-01-23","purchased_purges":3,"victory":false,"max_hp_per_floor":[71,71,71,71,71,71,71,71,71,71,71,71,71,76,76,76,76,76,76,76,76,76,76,76,76,76,76,76,76,76,76,76,76,76,76,76,76,76,76,76,76,76,76,86,86,86,86,86,86,86],"card_choices":[{"not_picked":["Redo","Barrage"],"picked":"Chill","floor":1},{"not_picked":["Stack","Tempest"],"picked":"Cold Snap","floor":3},{"not_picked":["Darkness","Sweeping Beam"],"picked":"Recycle","floor":4},{"not_picked":["Conserve Battery","Leap"],"picked":"Redo","floor":7},{"not_picked":["Gash","Streamline"],"picked":"Beam Cell","floor":12},{"not_picked":["Steam","Stack"],"picked":"Cold Snap","floor":13},{"not_picked":["Fusion","Coolheaded"],"picked":"Hologram","floor":14},{"not_picked":["Amplify","Electrodynamics"],"picked":"Rainbow","floor":16},{"not_picked":["Turbo+1","Doom and Gloom+1"],"picked":"Beam Cell","floor":18},{"not_picked":["Leap","Auto Shields+1"],"picked":"BootSequence","floor":19},{"not_picked":["Coolheaded","Redo"],"picked":"Defragment","floor":21},{"not_picked":["Loop","Beam Cell"],"picked":"BootSequence","floor":22},{"not_picked":["Coolheaded","Stack"],"picked":"Self Repair","floor":23},{"not_picked":["Chaos","Barrage"],"picked":"Genetic Algorithm","floor":25},{"not_picked":["Gash","Steam"],"picked":"Compile Driver","floor":28},{"not_picked":["Gash","Barrage"],"picked":"Conserve Battery","floor":29},{"not_picked":["Steam","FTL"],"picked":"Thunder Strike","floor":31},{"not_picked":["All For One","Biased Cognition"],"picked":"Fission","floor":33},{"not_picked":["Barrage","Turbo","Steam"],"picked":"SKIP","floor":35},{"not_picked":["Barrage","Steam"],"picked":"Turbo","floor":35},{"not_picked":["Skim","Beam Cell"],"picked":"Reinforced Body","floor":36},{"not_picked":["Consume+1","Cold Snap"],"picked":"Conserve Battery+1","floor":38},{"not_picked":["Steam","Go for the Eyes"],"picked":"Ball Lightning","floor":44},{"not_picked":["Gash","Redo"],"picked":"Go for the Eyes","floor":45},{"not_picked":["Aggregate+1","Beam Cell"],"picked":"Auto Shields","floor":46},{"not_picked":["Leap","Conserve Battery","Consume+1"],"picked":"SKIP","floor":48}],"player_experience":1013801,"relics_obtained":[{"floor":9,"key":"Torii"},{"floor":12,"key":"Dead Branch"},{"floor":23,"key":"Gambling Chip"},{"floor":25,"key":"Bird Faced Urn"},{"floor":26,"key":"Blue Candle"},{"floor":31,"key":"Centennial Puzzle"},{"floor":43,"key":"Oddly Smooth Stone"},{"floor":44,"key":"Pear"}],"event_choices":[{"damage_healed":0,"gold_gain":150,"player_choice":"AGREE","damage_taken":0,"max_hp_gain":0,"max_hp_loss":0,"event_name":"Liars Game","floor":2,"gold_loss":0,"cards_obtained":["Doubt"]},{"cards_removed":["Strike_B"],"damage_healed":0,"gold_gain":0,"player_choice":"Forget","damage_taken":0,"max_hp_gain":0,"max_hp_loss":0,"event_name":"Living Wall","floor":11,"gold_loss":0},{"damage_healed":0,"gold_gain":0,"player_choice":"Copied","damage_taken":0,"max_hp_gain":0,"max_hp_loss":0,"event_name":"Duplicator","floor":37,"gold_loss":0,"cards_obtained":["Defragment"]},{"damage_healed":0,"gold_gain":0,"player_choice":"Bought 1 Potion","damage_taken":0,"max_hp_gain":0,"max_hp_loss":0,"event_name":"The Woman in Blue","floor":47,"gold_loss":0}],"is_beta":false,"boss_relics":[{"not_picked":["Lizard Tail","Velvet Choker"],"picked":"Nuclear Battery"},{"not_picked":["Astrolabe","Fusion Hammer"],"picked":"Sozu"}],"items_purged_floors":[5,20,30],"is_endless":false,"potions_floor_spawned":[3,13,14,21,22,23,25,33,36,45,48],"killed_by":"Time Eater","ascension_level":15}