{"gold_per_floor":[118,43,343,361,381,381,393,418,418,418,445,466,526,551,551,624,624,638,638,538,554,8,8,8],"floor_reached":24,"playtime":1542,"items_purged":["Regret","Strike_R"],"score":419,"play_id":"7633b24f-ed3b-4109-8ab7-f90b50775339","local_time":"20190227060718","is_ascension_mode":true,"campfire_choices":[{"floor":6,"key":"REST"},{"floor":15,"key":"REST"},{"floor":23,"key":"REST"}],"neow_cost":"CURSE","seed_source_timestamp":386372712161812,"circlet_count":0,"master_deck":["AscendersBane","Strike_R","Strike_R","Defend_R","Defend_R","Defend_R","Defend_R+1","Bash","Feed","Spot Weakness","Headbutt","Rampage","Disarm","Uppercut","Cleave","Dropkick","Dropkick","Rage+1","Fiend Fire","Armaments","Shrug It Off"],"relics":["Burning Blood","Old Coin","Pantograph","Bottled Flame","Bottled Lightning","Odd Mushroom","War Paint","Juzu Bracelet","Runic Cube","GremlinMask","HandDrill","FossilizedHelix"],"potions_floor_usage":[8,12,13,21,24],"damage_taken":[{"damage":12,"enemies":"2 Louse","floor":1,"turns":4},{"damage":11,"enemies":"Cultist","floor":4,"turns":4},{"damage":21,"enemies":"Small Slimes","floor":5,"turns":3},{"damage":14,"enemies":"Blue Slaver","floor":7,"turns":5},{"damage":25,"enemies":"3 Sentries","floor":8,"turns":5},{"damage":30,"enemies":"Gremlin Nob","floor":11,"turns":4},{"damage":30,"enemies":"The Mushroom Lair","floor":12,"turns":5},{"damage":40,"enemies":"Gremlin Nob","floor":13,"turns":5},{"damage":57,"enemies":"Hexaghost","floor":16,"turns":10},{"damage":38,"enemies":"Shell Parasite","floor":18,"turns":5},{"damage":37,"enemies":"2 Thieves","floor":21,"turns":4},{"damage":45,"enemies":"Gremlin Leader","floor":24,"turns":6}],"seed_played":"975606477803171001","potions_obtained":[{"floor":1,"key":"Explosive Potion"},{"floor":5,"key":"SteroidPotion"},{"floor":8,"key":"Swift Potion"},{"floor":11,"key":"Regen Potion"},{"floor":16,"key":"SteroidPotion"},{"floor":18,"key":"SkillPotion"}],"is_trial":false,"path_per_floor":["M","$","?","M","M","R","M","E","T","?","E","?","?","T","R","B",null,"M","?","$","M","$","R","E"],"character_chosen":"IRONCLAD","items_purchased":["HandDrill","FossilizedHelix"],"campfire_rested":3,"item_purchase_floors":[22,22],"current_hp_per_floor":[65,65,65,60,48,72,64,48,48,76,55,48,14,14,41,15,71,42,42,42,14,14,42,0],"gold":8,"neow_bonus":"TRANSFORM_TWO_CARDS","is_prod":false,"is_daily":false,"chose_seed":false,"campfire_upgraded":0,"win_rate":0,"timestamp":1551272838,"path_taken":["M","$","?","M","?","R","M","E","T","?","E","?","?","?","R","BOSS","M","?","$","M","$","R","E"],"build_version":"2019-01-23","purchased_purges":2,"victory":false,"max_hp_per_floor":[78,78,78,78,81,81,81,84,84,84,87,90,90,90,90,90,90,93,93,93,96,96,96,96],"card_choices":[{"not_picked":["Carnage","Anger"],"picked":"Headbutt","floor":1},{"not_picked":["Clothesline","Perfected Strike"],"picked":"Rampage","floor":4},{"not_picked":["Shockwave","Rupture"],"picked":"Disarm","floor":5},{"not_picked":["Cleave","Perfected Strike"],"picked":"Uppercut","floor":7},{"not_picked":["Thunderclap","Pommel Strike"],"picked":"Cleave","floor":8},{"not_picked":["Headbutt","Sentinel"],"picked":"Dropkick","floor":11},{"not_picked":["Rampage","Clothesline"],"picked":"Dropkick","floor":12},{"not_picked":["Infernal Blade","Warcry"],"picked":"Rage","floor":13},{"not_picked":["Dark Embrace","Brutality"],"picked":"Fiend Fire","floor":16},{"not_picked":["Sentinel","Reckless Charge"],"picked":"Armaments","floor":18},{"not_picked":["Sword Boomerang+1","Entrench"],"picked":"Shrug It Off","floor":21}],"player_experience":1277019,"relics_obtained":[{"floor":8,"key":"Pantograph"},{"floor":9,"key":"Bottled Flame"},{"floor":11,"key":"Bottled Lightning"},{"floor":12,"key":"Odd Mushroom"},{"floor":13,"key":"War Paint"},{"floor":14,"key":"Juzu Bracelet"}],"event_choices":[{"damage_healed":0,"gold_gain":0,"player_choice":"Gave Potion","damage_taken":0,"relics_obtained":["Old Coin"],"max_hp_gain":0,"max_hp_loss":0,"event_name":"WeMeetAgain","floor":3,"gold_loss":0},{"damage_healed":28,"gold_gain":0,"player_choice":"Banana","damage_taken":0,"max_hp_gain":0,"max_hp_loss":0,"event_name":"Big Fish","floor":10,"gold_loss":0},{"damage_healed":0,"gold_gain":0,"player_choice":"Fought Mushrooms","damage_taken":0,"max_hp_gain":0,"max_hp_loss":0,"event_name":"Mushrooms","floor":12,"gold_loss":0},{"damage_healed":0,"gold_gain":0,"player_choice":"Searched \u00271\u0027 times","damage_taken":0,"max_hp_gain":0,"max_hp_loss":0,"event_name":"Dead Adventurer","floor":13,"gold_loss":0},{"damage_healed":0,"gold_gain":0,"player_choice":"Trade","damage_taken":0,"relics_obtained":["GremlinMask"],"max_hp_gain":0,"max_hp_loss":0,"event_name":"FaceTrader","floor":19,"gold_loss":0}],"is_beta":false,"boss_relics":[{"not_picked":["Runic Pyramid","Fusion Hammer"],"picked":"Runic Cube"}],"items_purged_floors":[2,20],"is_endless":false,"potions_floor_spawned":[1,5,8,11,16,18],"killed_by":"Gremlin Leader","ascension_level":19}