{"gold_per_floor":[13,25,40,64,139,139,139,174,242,261,293,144,154,167,167,264,264,281,312,100,115,133,133,164,164,164,178,12,31,42,72,72,172,172,186,186,136,156,171,171,171,201,227,241,241,254,274,285,285,285],"floor_reached":51,"playtime":6595,"items_purged":["Strike_B","Defend_B","Defend_B","Defend_B"],"score":758,"play_id":"ee1fd6a0-c378-43a9-bd03-0a9c0f0d303d","local_time":"20190316152645","is_ascension_mode":false,"campfire_choices":[{"data":"Zap","floor":6,"key":"SMITH"},{"data":"Static Discharge","floor":15,"key":"SMITH"},{"data":"Streamline","floor":23,"key":"SMITH"},{"data":"Chaos","floor":25,"key":"SMITH"},{"data":"Defragment","floor":32,"key":"SMITH"},{"data":"Electrodynamics","floor":40,"key":"SMITH"},{"data":"Capacitor","floor":49,"key":"SMITH"}],"neow_cost":"NO_GOLD","seed_source_timestamp":245070327308576,"circlet_count":0,"master_deck":["Defend_B","Zap+1","Dualcast","Seek","Cold Snap","Leap","White Noise+1","Gash","Static Discharge+1","Ball Lightning","Electrodynamics+1","Aggregate+1","Fission+1","Self Repair+1","Streamline+1","Hologram+1","Glacier","Capacitor+1","Seek+1","FTL+1","Chaos+1","Capacitor+1","FTL+1","Defragment+1","Heatsinks+1","Streamline+1","All For One+1","Glacier+1","Gash+1"],"relics":["Cracked Core","Anchor","Ancient Tea Set","Matryoshka","FossilizedHelix","Astrolabe","Red Mask","Girya","Centennial Puzzle","Molten Egg 2","Smiling Mask","Busted Crown","Toxic Egg 2","Strawberry","War Paint"],"potions_floor_usage":[16,16,31,50,50],"damage_taken":[{"damage":0,"enemies":"Cultist","floor":1,"turns":3},{"damage":5,"enemies":"2 Louse","floor":2,"turns":2},{"damage":4,"enemies":"Jaw Worm","floor":3,"turns":3},{"damage":18,"enemies":"3 Sentries","floor":8,"turns":10},{"damage":0,"enemies":"Blue Slaver","floor":10,"turns":4},{"damage":16,"enemies":"Gremlin Nob","floor":11,"turns":5},{"damage":0,"enemies":"Exordium Wildlife","floor":13,"turns":4},{"damage":0,"enemies":"Large Slime","floor":14,"turns":3},{"damage":0,"enemies":"Slime Boss","floor":16,"turns":9},{"damage":0,"enemies":"Chosen","floor":18,"turns":5},{"damage":9,"enemies":"Masked Bandits","floor":19,"turns":2},{"damage":0,"enemies":"3 Byrds","floor":21,"turns":3},{"damage":10,"enemies":"Sentry and Sphere","floor":22,"turns":4},{"damage":29,"enemies":"Gremlin Leader","floor":24,"turns":5},{"damage":3,"enemies":"Snake Plant","floor":27,"turns":5},{"damage":0,"enemies":"Snecko","floor":29,"turns":4},{"damage":3,"enemies":"Centurion and Healer","floor":30,"turns":4},{"damage":12,"enemies":"Book of Stabbing","floor":31,"turns":3},{"damage":18,"enemies":"Collector","floor":33,"turns":8},{"damage":0,"enemies":"Orb Walker","floor":35,"turns":2},{"damage":6,"enemies":"3 Darklings","floor":38,"turns":3},{"damage":5,"enemies":"4 Shapes","floor":39,"turns":2},{"damage":0,"enemies":"Giant Head","floor":42,"turns":5},{"damage":22,"enemies":"Spire Growth","floor":44,"turns":3},{"damage":0,"enemies":"Maw","floor":46,"turns":7},{"damage":0,"enemies":"4 Shapes","floor":47,"turns":2},{"damage":0,"enemies":"Sphere and 2 Shapes","floor":48,"turns":2},{"damage":52,"enemies":"Time Eater","floor":50,"turns":9}],"seed_played":"-5170239459253554149","potions_obtained":[{"floor":8,"key":"Explosive Potion"},{"floor":13,"key":"Regen Potion"},{"floor":14,"key":"SteroidPotion"},{"floor":16,"key":"Strength Potion"},{"floor":19,"key":"FearPotion"},{"floor":21,"key":"EssenceOfSteel"},{"floor":24,"key":"LiquidBronze"},{"floor":29,"key":"PowerPotion"},{"floor":33,"key":"Block Potion"}],"is_trial":false,"path_per_floor":["M","M","M","T","?","R","?","E","T","M","E","$","M","M","R","B",null,"M","?","$","M","M","R","E","R","T","M","$","M","M","E","R","B",null,"M","?","$","M","M","R","?","E","T","M","?","M","M","M","R","B",null],"character_chosen":"DEFECT","items_purchased":["Static Discharge","Glacier","Capacitor","FTL+1"],"campfire_rested":0,"item_purchase_floors":[12,20,20,28],"current_hp_per_floor":[75,70,66,66,55,55,75,57,57,57,41,41,41,41,41,56,75,75,66,66,75,75,75,56,56,56,63,63,73,75,73,73,65,75,75,71,71,65,70,70,70,71,78,66,66,76,76,76,76,34],"gold":285,"neow_bonus":"THREE_RARE_CARDS","is_prod":false,"is_daily":false,"chose_seed":false,"campfire_upgraded":7,"win_rate":0.0,"timestamp":1552768005,"path_taken":["M","?","M","?","?","R","?","E","T","M","E","?","M","M","R","BOSS","M","?","$","M","M","R","E","R","T","M","$","M","M","E","R","BOSS","M","?","$","M","M","R","?","E","T","M","?","M","?","M","R","BOSS"],"build_version":"2019-01-23","purchased_purges":4,"victory":true,"max_hp_per_floor":[75,75,75,75,75,75,75,75,75,75,75,75,75,75,75,75,75,75,75,75,75,75,75,75,75,75,75,75,75,75,75,75,75,75,75,71,71,71,71,71,71,71,78,78,78,78,78,78,78,78],"card_choices":[{"not_picked":["All For One","Reboot"],"picked":"Seek","floor":0},{"not_picked":["Go for the Eyes","Steam Power"],"picked":"Cold Snap","floor":1},{"not_picked":["Sweeping Beam","Redo","Aggregate"],"picked":"SKIP","floor":2},{"not_picked":["Sweeping Beam","Heatsinks"],"picked":"Leap","floor":3},{"not_picked":["Reboot","Barrage"],"picked":"White Noise","floor":8},{"not_picked":["Beam Cell","Barrage"],"picked":"Gash","floor":10},{"not_picked":["Chill","Streamline"],"picked":"Gash","floor":11},{"not_picked":["Multi-Cast","Go for the Eyes"],"picked":"Ball Lightning","floor":13},{"not_picked":["Steam","Barrage","Static Discharge"],"picked":"SKIP","floor":14},{"not_picked":["Rainbow","Amplify"],"picked":"Electrodynamics","floor":16},{"not_picked":["Blizzard+1","Compile Driver"],"picked":"Streamline","floor":18},{"not_picked":["Sweeping Beam+1","Coolheaded+1"],"picked":"Hologram+1","floor":19},{"not_picked":["Steam","Redo"],"picked":"Seek","floor":21},{"not_picked":["Rip and Tear+1","Hologram"],"picked":"FTL+1","floor":22},{"not_picked":["Storm","Stack"],"picked":"Chaos","floor":24},{"not_picked":["Leap","Cold Snap+1"],"picked":"Capacitor+1","floor":27},{"not_picked":["Aggregate","Fusion"],"picked":"Defragment","floor":29},{"not_picked":["Leap","Steam"],"picked":"Heatsinks+1","floor":30},{"not_picked":["Defragment","Glacier+1"],"picked":"Streamline+1","floor":31},{"not_picked":["Reboot","Seek"],"picked":"All For One+1","floor":33},{"not_picked":["Stack+1"],"picked":"SKIP","floor":35},{"not_picked":["Stack"],"picked":"SKIP","floor":38},{"not_picked":["Leap"],"picked":"SKIP","floor":39},{"not_picked":["Stack+1"],"picked":"SKIP","floor":42},{"not_picked":[],"picked":"Glacier+1","floor":44},{"not_picked":["Aggregate+1"],"picked":"SKIP","floor":46},{"not_picked":["Beam Cell+1"],"picked":"SKIP","floor":47},{"not_picked":["Conserve Battery+1"],"picked":"SKIP","floor":48}],"player_experience":24296,"relics_obtained":[{"floor":4,"key":"Anchor"},{"floor":8,"key":"Ancient Tea Set"},{"floor":9,"key":"Matryoshka"},{"floor":11,"key":"FossilizedHelix"},{"floor":19,"key":"Red Mask"},{"floor":24,"key":"Girya"},{"floor":26,"key":"Centennial Puzzle"},{"floor":26,"key":"Molten Egg 2"},{"floor":31,"key":"Smiling Mask"},{"floor":42,"key":"Toxic Egg 2"},{"floor":43,"key":"Strawberry"},{"floor":43,"key":"War Paint"}],"event_choices":[{"damage_healed":0,"gold_gain":75,"player_choice":"Gather Gold","damage_taken":11,"max_hp_gain":0,"max_hp_loss":0,"event_name":"World of Goop","floor":5,"gold_loss":0},{"damage_healed":25,"gold_gain":0,"player_choice":"Banana","damage_taken":0,"max_hp_gain":0,"max_hp_loss":0,"event_name":"Big Fish","floor":7,"gold_loss":0},{"damage_healed":0,"gold_gain":0,"player_choice":"Fought Bandits","damage_taken":0,"max_hp_gain":0,"max_hp_loss":0,"event_name":"Masked Bandits","floor":19,"gold_loss":0},{"damage_healed":0,"gold_gain":0,"player_choice":"Max HP","damage_taken":0,"max_hp_gain":0,"max_hp_loss":4,"event_name":"Winding Halls","floor":36,"gold_loss":0},{"cards_removed":["Gash"],"damage_healed":0,"gold_gain":0,"player_choice":"Removed Attack","damage_taken":0,"max_hp_gain":0,"max_hp_loss":0,"event_name":"Falling","floor":41,"gold_loss":0},{"damage_healed":0,"gold_gain":0,"player_choice":"Copied","damage_taken":0,"max_hp_gain":0,"max_hp_loss":0,"event_name":"Duplicator","floor":45,"gold_loss":0,"cards_obtained":["Gash"]}],"is_beta":false,"boss_relics":[{"not_picked":["Runic Dome","Lizard Tail"],"picked":"Astrolabe"},{"not_picked":["Eternal Feather","Snecko Eye"],"picked":"Busted Crown"}],"items_purged_floors":[12,20,28,37],"is_endless":false,"potions_floor_spawned":[8,13,14,16,19,21,24,29,33,39,42,48],"ascension_level":0}