{"gold_per_floor":[117,129,144,32,42,42,75,75,75,150,75,75,86,121,121,121],"floor_reached":16,"playtime":932,"items_purged":["Strike_R"],"score":220,"play_id":"8e7dd947-8c41-416a-a0e1-c72757b7351a","local_time":"20190307001513","is_ascension_mode":true,"campfire_choices":[{"data":"True Grit","floor":6,"key":"SMITH"},{"floor":8,"key":"REST"},{"floor":12,"key":"REST"},{"floor":15,"key":"REST"}],"neow_cost":"NONE","seed_source_timestamp":2688182800474,"circlet_count":0,"master_deck":["AscendersBane","Strike_R","Strike_R","Strike_R","Defend_R","Defend_R","Defend_R+1","Defend_R+1","Bash","Wild Strike","True Grit+1","Flex","Inflame","Shockwave","Dropkick","Fiend Fire","Rupture"],"relics":["Burning Blood","War Paint","Smiling Mask","Art of War","Self Forming Clay"],"potions_floor_usage":[13,16],"damage_taken":[{"damage":7,"enemies":"Jaw Worm","floor":1,"turns":5},{"damage":7,"enemies":"2 Louse","floor":2,"turns":3},{"damage":7,"enemies":"Small Slimes","floor":3,"turns":4},{"damage":3,"enemies":"2 Fungi Beasts","floor":5,"turns":4},{"damage":51,"enemies":"3 Sentries","floor":7,"turns":12},{"damage":34,"enemies":"Lots of Slimes","floor":13,"turns":5},{"damage":17,"enemies":"Lagavulin","floor":14,"turns":5},{"damage":41,"enemies":"The Guardian","floor":16,"turns":12}],"seed_played":"-7858720080208051176","potions_obtained":[{"floor":7,"key":"Energy Potion"},{"floor":14,"key":"Poison Potion"}],"is_trial":false,"path_per_floor":["M","M","M","$","M","R","E","R","T","?","?","R","M","E","R","B"],"character_chosen":"IRONCLAD","items_purchased":["Inflame"],"campfire_rested":3,"item_purchase_floors":[4],"current_hp_per_floor":[67,66,65,65,68,68,23,45,45,34,34,56,28,17,39,0],"gold":121,"neow_bonus":"RANDOM_COMMON_RELIC","is_prod":false,"is_daily":false,"chose_seed":false,"campfire_upgraded":1,"win_rate":0,"timestamp":1551942913,"path_taken":["M","M","M","$","M","R","E","R","T","?","?","R","M","E","R","BOSS"],"build_version":"2019-01-23","purchased_purges":1,"victory":false,"max_hp_per_floor":[75,75,75,75,75,75,75,75,75,75,75,75,75,75,75,75],"card_choices":[{"not_picked":["Twin Strike","Pommel Strike"],"picked":"Wild Strike","floor":1},{"not_picked":["Armaments","Entrench"],"picked":"True Grit","floor":2},{"not_picked":["Heavy Blade","Metallicize"],"picked":"Flex","floor":3},{"not_picked":["Blood for Blood","Rampage"],"picked":"Shockwave","floor":5},{"not_picked":["Searing Blow","Anger"],"picked":"Dropkick","floor":7},{"not_picked":["Searing Blow","Sever Soul"],"picked":"Fiend Fire","floor":13},{"not_picked":["True Grit","Pommel Strike"],"picked":"Rupture","floor":14}],"player_experience":1366060,"relics_obtained":[{"floor":7,"key":"Smiling Mask"},{"floor":9,"key":"Art of War"},{"floor":14,"key":"Self Forming Clay"}],"event_choices":[{"damage_healed":0,"gold_gain":75,"player_choice":"Gather Gold","damage_taken":11,"max_hp_gain":0,"max_hp_loss":0,"event_name":"World of Goop","floor":10,"gold_loss":0},{"cards_removed":["Strike_R"],"damage_healed":0,"gold_gain":0,"player_choice":"Card Removal","damage_taken":0,"max_hp_gain":0,"max_hp_loss":0,"event_name":"The Cleric","floor":11,"gold_loss":75}],"is_beta":false,"boss_relics":[],"items_purged_floors":[4],"is_endless":false,"potions_floor_spawned":[7,14],"killed_by":"The Guardian","ascension_level":20}