{"gold_per_floor":[365,378,390,407,407,407,434,434,434,434],"floor_reached":10,"playtime":469,"items_purged":[],"score":75,"play_id":"e3ce1377-6f94-4c6b-9cc3-4063fc03971c","local_time":"20190306225842","is_ascension_mode":true,"campfire_choices":[{"data":"Defragment","floor":6,"key":"SMITH"}],"neow_cost":"TEN_PERCENT_HP_LOSS","seed_source_timestamp":503211408391455,"circlet_count":0,"master_deck":["Strike_B","Strike_B","Strike_B","Strike_B","Defend_B","Defend_B","Defend_B","Defend_B","Zap","Dualcast","Compile Driver","Sunder","Auto Shields","Defragment+1","Machine Learning"],"relics":["Cracked Core","Calipers","Darkstone Periapt","Bronze Scales","Matryoshka"],"potions_floor_usage":[10],"damage_taken":[{"damage":7,"enemies":"Small Slimes","floor":1,"turns":2},{"damage":12,"enemies":"Jaw Worm","floor":2,"turns":3},{"damage":0,"enemies":"2 Louse","floor":3,"turns":1},{"damage":13,"enemies":"Lots of Slimes","floor":4,"turns":4},{"damage":27,"enemies":"3 Sentries","floor":7,"turns":8},{"damage":9,"enemies":"Red Slaver","floor":10,"turns":2}],"seed_played":"4814931195864796490","potions_obtained":[{"floor":4,"key":"GamblersBrew"}],"is_trial":false,"path_per_floor":["M","M","M","M","?","R","E","?","T","M"],"character_chosen":"DEFECT","items_purchased":[],"campfire_rested":0,"item_purchase_floors":[],"current_hp_per_floor":[61,49,49,36,29,29,2,2,2,0],"gold":434,"neow_bonus":"TWO_FIFTY_GOLD","is_prod":false,"is_daily":false,"chose_seed":false,"campfire_upgraded":1,"win_rate":0,"timestamp":1551938322,"path_taken":["M","M","M","M","?","R","E","?","T","?"],"build_version":"2019-01-23","purchased_purges":0,"victory":false,"max_hp_per_floor":[68,68,68,68,68,68,68,68,68,68],"card_choices":[{"not_picked":["Turbo","Hologram"],"picked":"Compile Driver","floor":1},{"not_picked":["Ball Lightning","Hologram"],"picked":"Sunder","floor":2},{"not_picked":["Compile Driver","Beam Cell"],"picked":"Auto Shields","floor":3},{"not_picked":["Steam","Coolheaded"],"picked":"Defragment","floor":4},{"not_picked":["Turbo","Rebound"],"picked":"Machine Learning","floor":7}],"player_experience":57688,"relics_obtained":[{"floor":7,"key":"Darkstone Periapt"},{"floor":9,"key":"Matryoshka"}],"event_choices":[{"damage_healed":0,"gold_gain":0,"player_choice":"Success","damage_taken":7,"relics_obtained":["Calipers"],"max_hp_gain":0,"max_hp_loss":0,"event_name":"Scrap Ooze","floor":5,"gold_loss":0},{"damage_healed":0,"gold_gain":0,"player_choice":"Searched \u00271\u0027 times","damage_taken":0,"relics_obtained":["Bronze Scales"],"max_hp_gain":0,"max_hp_loss":0,"event_name":"Dead Adventurer","floor":8,"gold_loss":0}],"is_beta":false,"boss_relics":[],"items_purged_floors":[],"is_endless":false,"potions_floor_spawned":[4],"killed_by":"Red Slaver","ascension_level":2}