{"gold_per_floor":[113,126,136,156,168,168,168,188,188,188,202,202,227,247,247,350,350,364,463,473,489,489,489,489,263,287,287],"floor_reached":27,"playtime":1197,"items_purged":["Strike_G"],"score":347,"play_id":"630c84fc-3aac-42d4-bb8b-74c896577123","local_time":"20190316200802","is_ascension_mode":true,"campfire_choices":[{"data":"Glass Knife","floor":6,"key":"SMITH"},{"data":"Deadly Poison","floor":12,"key":"SMITH"},{"data":"Footwork","floor":15,"key":"SMITH"},{"floor":23,"key":"REST"}],"neow_cost":"TEN_PERCENT_HP_LOSS","seed_source_timestamp":248929356822535,"circlet_count":0,"master_deck":["AscendersBane","Defend_G","Defend_G","Defend_G","Defend_G","Defend_G","Strike_G","Strike_G","Strike_G","Survivor","Neutralize","Glass Knife+1","Deadly Poison+1","Deadly Poison+1","Dodge and Roll","Backflip","Dagger Spray+1","Grand Finale","Noxious Fumes","Footwork+1","Glass Knife"],"relics":["Ring of the Snake","Meat on the Bone","Unceasing Top","Fusion Hammer","Nilry\u0027s Codex","Ancient Tea Set","Art of War"],"potions_floor_usage":[14,21],"damage_taken":[{"damage":0,"enemies":"Cultist","floor":1,"turns":3},{"damage":0,"enemies":"Jaw Worm","floor":2,"turns":3},{"damage":6,"enemies":"2 Louse","floor":3,"turns":3},{"damage":7,"enemies":"Looter","floor":4,"turns":3},{"damage":1,"enemies":"2 Fungi Beasts","floor":5,"turns":4},{"damage":0,"enemies":"Large Slime","floor":8,"turns":3},{"damage":9,"enemies":"Looter","floor":11,"turns":3},{"damage":21,"enemies":"Lagavulin","floor":13,"turns":5},{"damage":0,"enemies":"Blue Slaver","floor":14,"turns":3},{"damage":1,"enemies":"The Guardian","floor":16,"turns":9},{"damage":25,"enemies":"Chosen","floor":18,"turns":5},{"damage":7,"enemies":"3 Byrds","floor":20,"turns":4},{"damage":10,"enemies":"Snake Plant","floor":21,"turns":4},{"damage":33,"enemies":"Book of Stabbing","floor":27,"turns":5}],"seed_played":"5681442622502278561","potions_obtained":[{"floor":1,"key":"Explosive Potion"},{"floor":4,"key":"Fire Potion"},{"floor":18,"key":"Ancient Potion"}],"is_trial":false,"path_per_floor":["M","M","M","M","M","R","?","M","T","?","M","R","E","M","R","B",null,"M","?","M","M","?","R","?","$","T","E"],"character_chosen":"THE_SILENT","items_purchased":["Ancient Tea Set"],"campfire_rested":1,"item_purchase_floors":[25],"current_hp_per_floor":[63,63,57,50,49,49,49,49,49,36,39,39,30,42,42,41,58,33,33,38,40,29,49,33,33,33,0],"gold":287,"neow_bonus":"THREE_RARE_CARDS","is_prod":false,"is_daily":false,"chose_seed":false,"campfire_upgraded":3,"win_rate":0,"timestamp":1552784882,"path_taken":["M","?","M","M","M","R","?","?","T","?","M","R","E","M","R","BOSS","M","?","M","M","?","R","?","?","T","E"],"build_version":"2019-01-23","purchased_purges":1,"victory":false,"max_hp_per_floor":[63,63,63,63,63,63,63,63,63,63,63,63,63,63,63,63,63,63,63,63,63,68,68,68,68,68,68],"card_choices":[{"not_picked":["Grand Finale","Phantasmal Killer"],"picked":"Glass Knife","floor":0},{"not_picked":["Concentrate","Deflect"],"picked":"Deadly Poison","floor":1},{"not_picked":["Riddle With Holes","Flying Knee"],"picked":"Deadly Poison","floor":2},{"not_picked":["Cloak And Dagger","Concentrate"],"picked":"Dodge and Roll","floor":3},{"not_picked":["Dodge and Roll","Prepared"],"picked":"Backflip","floor":4},{"not_picked":["Dagger Throw","PiercingWail"],"picked":"Dagger Spray","floor":5},{"not_picked":["Sucker Punch","Flechettes"],"picked":"Noxious Fumes","floor":8},{"not_picked":["Sucker Punch","Underhanded Strike","Infinite Blades"],"picked":"SKIP","floor":11},{"not_picked":["Reflex","Slice"],"picked":"Footwork","floor":13},{"not_picked":["Cloak And Dagger","Glass Knife","Underhanded Strike"],"picked":"SKIP","floor":14},{"not_picked":["A Thousand Cuts","Envenom"],"picked":"Glass Knife","floor":16},{"not_picked":["Deflect","Heel Hook","Bane+1"],"picked":"SKIP","floor":18},{"not_picked":["Bouncing Flask","Prepared","Masterful Stab"],"picked":"SKIP","floor":20},{"not_picked":["Cloak And Dagger","Outmaneuver+1","Quick Slash"],"picked":"SKIP","floor":21}],"player_experience":567719,"relics_obtained":[{"floor":9,"key":"Meat on the Bone"},{"floor":13,"key":"Unceasing Top"},{"floor":24,"key":"Nilry\u0027s Codex"},{"floor":26,"key":"Art of War"}],"event_choices":[{"damage_healed":0,"gold_gain":0,"cards_transformed":["Strike_G"],"player_choice":"Transformed","damage_taken":0,"max_hp_gain":0,"max_hp_loss":0,"event_name":"Transmorgrifier","floor":7,"gold_loss":0,"cards_obtained":["Grand Finale"]},{"damage_healed":0,"gold_gain":0,"player_choice":"Entered Light","damage_taken":13,"max_hp_gain":0,"max_hp_loss":0,"event_name":"Shining Light","floor":10,"gold_loss":0,"cards_upgraded":["Dagger Spray","Deadly Poison"]},{"damage_healed":0,"gold_gain":99,"player_choice":"Stole From Cult","damage_taken":0,"max_hp_gain":0,"max_hp_loss":0,"event_name":"Nest","floor":19,"gold_loss":0},{"damage_healed":0,"gold_gain":0,"player_choice":"Shed Blood","damage_taken":16,"max_hp_gain":5,"max_hp_loss":0,"event_name":"Forgotten Altar","floor":22,"gold_loss":0},{"damage_healed":0,"gold_gain":0,"player_choice":"Obtained Book","damage_taken":16,"max_hp_gain":0,"max_hp_loss":0,"event_name":"Cursed Tome","floor":24,"gold_loss":0}],"is_beta":false,"boss_relics":[{"not_picked":["Lizard Tail","Pandora\u0027s Box"],"picked":"Fusion Hammer"}],"items_purged_floors":[25],"is_endless":false,"potions_floor_spawned":[1,4,5,11,18],"killed_by":"Book of Stabbing","ascension_level":12}