{"gold_per_floor":[119,133,149,166,166,166,184,184,184,32,32,66,16,42,42,142,142,152,76,87,99,99,99,116,116,141,159,177,177],"floor_reached":29,"playtime":2207,"items_purged":["Strike_B"],"score":320,"play_id":"5aec493a-68dd-4141-b559-2ad8a541ad8b","local_time":"20180625002544","is_ascension_mode":true,"campfire_choices":[{"data":"Chaos","floor":6,"key":"SMITH"},{"floor":8,"key":"REST"},{"data":"Creative AI","floor":11,"key":"SMITH"},{"data":"Dualcast","floor":15,"key":"SMITH"},{"floor":23,"key":"REST"},{"data":"Reboot","floor":25,"key":"SMITH"}],"neow_cost":"NONE","seed_source_timestamp":969661442015849,"circlet_count":0,"master_deck":["Strike_B+1","Strike_B+1","Defend_B+1","Defend_B+1","Defend_B+1","Zap+1","Dualcast+1","Chaos+1","Doom and Gloom","Self Repair","Creative AI+1","Storm","White Noise","Sweeping Beam","Reboot+1","Fusion","Recycle","Self Repair","Go for the Eyes","Barrage","Sweeping Beam+1","Hyperbeam"],"relics":["Cracked Core","Thread and Needle","Toolbox","Dead Branch","Inserter","Oddly Smooth Stone"],"potions_floor_usage":[12,14,24,28,29,29],"damage_taken":[{"damage":0,"enemies":"2 Louse","floor":1,"turns":2},{"damage":14,"enemies":"Jaw Worm","floor":2,"turns":4},{"damage":0,"enemies":"Cultist","floor":3,"turns":3},{"damage":5,"enemies":"2 Fungi Beasts","floor":4,"turns":3},{"damage":0,"enemies":"Large Slime","floor":7,"turns":3},{"damage":11,"enemies":"Gremlin Nob","floor":12,"turns":3},{"damage":10,"enemies":"Lagavulin","floor":14,"turns":5},{"damage":29,"enemies":"Hexaghost","floor":16,"turns":7},{"damage":17,"enemies":"Shell Parasite","floor":18,"turns":4},{"damage":16,"enemies":"Chosen","floor":20,"turns":5},{"damage":37,"enemies":"Centurion and Healer","floor":21,"turns":6},{"damage":28,"enemies":"Snake Plant","floor":24,"turns":4},{"damage":25,"enemies":"Sentry and Sphere","floor":27,"turns":4},{"damage":11,"enemies":"3 Cultists","floor":28,"turns":5},{"damage":27,"enemies":"Gremlin Leader","floor":29,"turns":6}],"seed_played":"6791160372452713160","potions_obtained":[{"floor":2,"key":"PowerPotion"},{"floor":4,"key":"Explosive Potion"},{"floor":7,"key":"SpeedPotion"},{"floor":12,"key":"Regen Potion"},{"floor":20,"key":"FearPotion"},{"floor":27,"key":"Swift Potion"}],"is_trial":false,"path_per_floor":["M","M","M","M","?","R","M","R","T","$","R","E","?","E","R","B",null,"M","$","M","M","?","R","M","R","T","M","M"],"character_chosen":"DEFECT","items_purchased":["Storm","Recycle"],"campfire_rested":2,"item_purchase_floors":[10,19],"current_hp_per_floor":[68,54,54,49,34,34,34,56,56,56,56,45,45,63,63,41,67,57,57,48,25,25,47,40,40,40,22,25,0],"gold":177,"neow_bonus":"REMOVE_CARD","is_prod":false,"is_daily":false,"chose_seed":false,"campfire_upgraded":4,"win_rate":0,"timestamp":1529907944,"path_taken":["M","M","M","M","?","R","M","R","T","$","R","E","?","E","R","BOSS","M","$","M","M","?","R","M","R","T","?","M","E"],"build_version":"2018-06-21v2","purchased_purges":1,"victory":false,"max_hp_per_floor":[75,75,75,75,75,75,75,75,75,75,75,75,75,75,75,75,75,75,75,75,75,75,75,75,75,75,75,75,75],"card_choices":[{"not_picked":["Stack","Ball Lightning"],"picked":"Chaos","floor":1},{"not_picked":["Chill","Hologram"],"picked":"Doom and Gloom","floor":2},{"not_picked":["Darkness","Hologram","Gash"],"picked":"SKIP","floor":3},{"not_picked":["Coolheaded","Barrage"],"picked":"Self Repair","floor":4},{"not_picked":["Blizzard","Beam Cell"],"picked":"Creative AI","floor":7},{"not_picked":["Redo","Leap"],"picked":"White Noise","floor":12},{"not_picked":["Lockon","Streamline"],"picked":"Sweeping Beam","floor":14},{"not_picked":["Buffer","Echo Form"],"picked":"Reboot","floor":16},{"not_picked":["Hologram","Compile Driver"],"picked":"Fusion","floor":18},{"not_picked":["Beam Cell","Stack"],"picked":"Self Repair","floor":20},{"not_picked":["Gash","Turbo+1"],"picked":"Go for the Eyes","floor":21},{"not_picked":["Undo","Steam+1"],"picked":"Barrage","floor":24},{"not_picked":["Ball Lightning","Turbo"],"picked":"Sweeping Beam+1","floor":27},{"not_picked":["Beam Cell","Hologram+1"],"picked":"Hyperbeam","floor":28}],"player_experience":897498,"relics_obtained":[{"floor":9,"key":"Thread and Needle"},{"floor":12,"key":"Toolbox"},{"floor":14,"key":"Dead Branch"},{"floor":26,"key":"Oddly Smooth Stone"}],"event_choices":[{"event_name":"Shining Light","player_choice":"Entered Light","floor":5,"damage_taken":0},{"event_name":"The Cleric","player_choice":"Card Removal","floor":13,"damage_taken":0},{"event_name":"Back to Basics","player_choice":"Simplicity","floor":22,"damage_taken":0}],"boss_relics":[{"not_picked":["Astrolabe","Velvet Choker"],"picked":"Inserter"}],"items_purged_floors":[10],"is_endless":false,"potions_floor_spawned":[2,4,7,12,20,27],"killed_by":"Gremlin Leader","ascension_level":7}