{"gold_per_floor":[118,24,42,42,59,59,76,105,105,105,105,105,120,132,132,206,206,106,106,106,106,106,106,21,21],"floor_reached":25,"playtime":758,"items_purged":[],"score":477,"play_id":"5ee597b8-bb14-4eaf-8132-9573626a881a","local_time":"20190310175836","is_ascension_mode":true,"campfire_choices":[{"data":"Defragment","floor":6,"key":"SMITH"},{"floor":10,"key":"REST"},{"floor":15,"key":"REST"},{"floor":23,"key":"REST"}],"neow_cost":"NONE","seed_source_timestamp":315576533613221,"circlet_count":0,"master_deck":["AscendersBane","Strike_B","Strike_B","Defend_B","Defend_B","Defend_B","Defend_B","Zap","Dualcast","Gash","Self Repair","Ball Lightning","Defragment+1","Leap","Hologram+1","Glacier","Buffer","Capacitor","Machine Learning","Chill","Glacier"],"relics":["Cracked Core","Centennial Puzzle","Ectoplasm","Ornamental Fan","Singing Bowl"],"potions_floor_usage":[8,8,25,25],"damage_taken":[{"damage":0,"enemies":"Small Slimes","floor":1,"turns":2},{"damage":1,"enemies":"Cultist","floor":3,"turns":3},{"damage":7,"enemies":"Jaw Worm","floor":5,"turns":3},{"damage":9,"enemies":"Red Slaver","floor":7,"turns":3},{"damage":60,"enemies":"Gremlin Nob","floor":8,"turns":5},{"damage":2,"enemies":"Looter","floor":13,"turns":4},{"damage":8,"enemies":"Blue Slaver","floor":14,"turns":4},{"damage":0,"enemies":"The Guardian","floor":16,"turns":11},{"damage":19,"enemies":"2 Thieves","floor":18,"turns":5},{"damage":0,"enemies":"Chosen","floor":22,"turns":9},{"damage":79,"enemies":"Slavers","floor":25,"turns":5}],"seed_played":"6015142926444125096","potions_obtained":[{"floor":1,"key":"SpeedPotion"},{"floor":5,"key":"PowerPotion"},{"floor":8,"key":"Explosive Potion"},{"floor":14,"key":"SpeedPotion"}],"is_trial":false,"path_per_floor":["M","$","M","?","M","R","M","E","T","R","?","?","M","M","R","B",null,"M","?","?","T","M","R","?","E"],"character_chosen":"DEFECT","items_purchased":["Self Repair","Ball Lightning"],"campfire_rested":3,"item_purchase_floors":[2,2],"current_hp_per_floor":[71,71,77,77,77,77,68,15,15,38,31,31,36,35,58,65,75,63,41,41,41,48,72,72,0],"gold":21,"neow_bonus":"TEN_PERCENT_HP_BONUS","is_prod":false,"is_daily":false,"chose_seed":false,"campfire_upgraded":1,"win_rate":0,"timestamp":1552233516,"path_taken":["M","$","M","?","M","R","?","E","T","R","?","?","?","M","R","BOSS","M","?","?","?","?","R","?","E"],"build_version":"2019-01-23","purchased_purges":0,"victory":false,"max_hp_per_floor":[78,78,78,78,78,78,78,78,78,78,78,78,78,78,78,78,78,78,83,83,83,83,83,83,83],"card_choices":[{"not_picked":["Steam","Redo"],"picked":"Gash","floor":1},{"not_picked":["Self Repair","Compile Driver"],"picked":"Defragment","floor":3},{"not_picked":["Streamline","Genetic Algorithm"],"picked":"Leap","floor":5},{"not_picked":["Barrage","BootSequence"],"picked":"Hologram","floor":7},{"not_picked":["Beam Cell","Barrage"],"picked":"Glacier","floor":8},{"not_picked":["Turbo","Leap"],"picked":"Buffer","floor":13},{"not_picked":["Hologram","Turbo"],"picked":"Capacitor","floor":14},{"not_picked":["Rainbow","Meteor Strike"],"picked":"Machine Learning","floor":16},{"not_picked":["White Noise","Stack"],"picked":"Chill","floor":18},{"not_picked":["Go for the Eyes","Coolheaded"],"picked":"Glacier","floor":22}],"player_experience":771145,"relics_obtained":[{"floor":8,"key":"Centennial Puzzle"},{"floor":21,"key":"Ornamental Fan"}],"event_choices":[{"cards_removed":["Strike_B"],"damage_healed":0,"gold_gain":0,"player_choice":"Offered Basic","damage_taken":0,"max_hp_gain":0,"max_hp_loss":0,"event_name":"Bonfire Elementals","floor":4,"gold_loss":0},{"cards_removed":["Strike_B"],"damage_healed":0,"gold_gain":0,"player_choice":"Card Removal","damage_taken":7,"max_hp_gain":0,"max_hp_loss":0,"event_name":"Golden Wing","floor":11,"gold_loss":0},{"damage_healed":0,"gold_gain":0,"player_choice":"Upgraded","damage_taken":0,"max_hp_gain":0,"max_hp_loss":0,"event_name":"Upgrade Shrine","floor":12,"gold_loss":0,"cards_upgraded":["Hologram"]},{"damage_healed":0,"gold_gain":0,"player_choice":"Shed Blood","damage_taken":27,"max_hp_gain":5,"max_hp_loss":0,"event_name":"Forgotten Altar","floor":19,"gold_loss":0},{"damage_healed":0,"gold_gain":0,"player_choice":"Ignored","damage_taken":0,"max_hp_gain":0,"max_hp_loss":0,"event_name":"Ghosts","floor":20,"gold_loss":0},{"damage_healed":0,"gold_gain":0,"player_choice":"Obtained Relic","damage_taken":0,"relics_obtained":["Singing Bowl"],"max_hp_gain":0,"max_hp_loss":0,"event_name":"Addict","floor":24,"gold_loss":85}],"is_beta":false,"boss_relics":[{"not_picked":["Runic Pyramid","FrozenCore"],"picked":"Ectoplasm"}],"items_purged_floors":[],"is_endless":false,"potions_floor_spawned":[1,5,8,14,22],"killed_by":"Slavers","ascension_level":18}