{"gold_per_floor":[359,359,2,2,77,77,77,77,103,3,3,21,32,48,48,125,125,143,153,0,50,0,0,0],"floor_reached":24,"playtime":975,"items_purged":["Regret","Pain","Strike_R"],"score":355,"play_id":"5e49f4b9-b98d-4056-b5b5-b419bfa64e8a","local_time":"20190227200710","is_ascension_mode":true,"campfire_choices":[{"data":"Shrug It Off","floor":6,"key":"SMITH"},{"data":"Bash","floor":8,"key":"SMITH"},{"floor":11,"key":"REST"},{"data":"Searing Blow","floor":15,"key":"SMITH"},{"data":"Demon Form","floor":23,"key":"SMITH"}],"neow_cost":"TEN_PERCENT_HP_LOSS","seed_source_timestamp":437334311518895,"circlet_count":0,"master_deck":["AscendersBane","Strike_R","Strike_R+1","Strike_R+1","Defend_R","Defend_R","Defend_R","Defend_R","Bash+1","Shrug It Off+1","Infernal Blade","Seeing Red","Searing Blow+1","Demon Form+1","Flex","Feel No Pain","Body Slam","Heavy Blade"],"relics":["Burning Blood","Happy Flower","Darkstone Periapt","WarpedTongs","Whetstone","Coffee Dripper"],"potions_floor_usage":[16],"damage_taken":[{"damage":11,"enemies":"2 Louse","floor":1,"turns":3},{"damage":0,"enemies":"Cultist","floor":12,"turns":3},{"damage":0,"enemies":"Small Slimes","floor":13,"turns":2},{"damage":8,"enemies":"3 Louse","floor":14,"turns":4},{"damage":28,"enemies":"The Guardian","floor":16,"turns":13},{"damage":22,"enemies":"Spheric Guardian","floor":18,"turns":4},{"damage":38,"enemies":"Shell Parasite","floor":19,"turns":5},{"damage":25,"enemies":"3 Cultists","floor":24,"turns":3}],"seed_played":"-8546306163055958043","potions_obtained":[{"floor":13,"key":"SkillPotion"},{"floor":19,"key":"SpeedPotion"}],"is_trial":false,"path_per_floor":["M","?","$","?","?","R","?","R","T","$","R","M","M","M","R","B",null,"M","M","$","?","$","R","M"],"character_chosen":"IRONCLAD","items_purchased":["Darkstone Periapt","Body Slam","Heavy Blade"],"campfire_rested":1,"item_purchase_floors":[3,20,22],"current_hp_per_floor":[63,63,63,56,45,45,51,51,51,51,73,74,74,72,72,50,68,52,20,20,20,20,20,0],"gold":0,"neow_bonus":"TWO_FIFTY_GOLD","is_prod":false,"is_daily":false,"chose_seed":false,"campfire_upgraded":4,"win_rate":0,"timestamp":1551323230,"path_taken":["M","?","$","?","?","R","?","R","T","$","R","M","M","M","R","BOSS","M","M","?","?","$","R","M"],"build_version":"2019-01-23","purchased_purges":3,"victory":false,"max_hp_per_floor":[68,68,68,68,68,68,74,74,74,74,74,74,74,74,74,74,74,74,74,74,74,74,74,74],"card_choices":[{"not_picked":["Havoc","Warcry"],"picked":"Shrug It Off","floor":1},{"not_picked":["Shockwave","Twin Strike"],"picked":"Infernal Blade","floor":12},{"not_picked":["Twin Strike","Havoc"],"picked":"Seeing Red","floor":13},{"not_picked":["Dropkick","Metallicize"],"picked":"Searing Blow","floor":14},{"not_picked":["Berserk","Barricade"],"picked":"Demon Form","floor":16},{"not_picked":["Carnage+1","Spot Weakness"],"picked":"Flex","floor":18},{"not_picked":["Bloodletting","Rupture"],"picked":"Feel No Pain","floor":19}],"player_experience":1279979,"relics_obtained":[{"floor":9,"key":"Whetstone"}],"event_choices":[{"damage_healed":0,"gold_gain":0,"player_choice":"Box","damage_taken":0,"relics_obtained":["Happy Flower"],"max_hp_gain":0,"max_hp_loss":0,"event_name":"Big Fish","floor":2,"gold_loss":0,"cards_obtained":["Regret"]},{"cards_removed":["Strike_R"],"damage_healed":0,"gold_gain":0,"player_choice":"Card Removal","damage_taken":7,"max_hp_gain":0,"max_hp_loss":0,"event_name":"Golden Wing","floor":4,"gold_loss":0},{"damage_healed":0,"gold_gain":75,"player_choice":"Gather Gold","damage_taken":11,"max_hp_gain":0,"max_hp_loss":0,"event_name":"World of Goop","floor":5,"gold_loss":0},{"damage_healed":0,"gold_gain":0,"player_choice":"Rummage","damage_taken":0,"relics_obtained":["WarpedTongs"],"max_hp_gain":0,"max_hp_loss":0,"event_name":"Accursed Blacksmith","floor":7,"gold_loss":0,"cards_obtained":["Pain"]},{"damage_healed":0,"gold_gain":50,"player_choice":"Stole From Cult","damage_taken":0,"max_hp_gain":0,"max_hp_loss":0,"event_name":"Nest","floor":21,"gold_loss":0}],"is_beta":false,"boss_relics":[{"not_picked":["Black Blood","Runic Dome"],"picked":"Coffee Dripper"}],"items_purged_floors":[3,10,20],"is_endless":false,"potions_floor_spawned":[13,19],"killed_by":"3 Cultists","ascension_level":19}