{"gold_per_floor":[112,112,133,19,35,35,66,66,90,90,15,55,75,88,88,186,186,210,231,281,19,19],"floor_reached":22,"playtime":1101,"items_purged":["Strike_R","Strike_R"],"score":388,"play_id":"b47f22ce-5b92-4760-ba27-a44e620a0f51","local_time":"20190305001647","is_ascension_mode":true,"campfire_choices":[{"data":"True Grit","floor":6,"key":"SMITH"},{"floor":8,"key":"REST"},{"floor":10,"key":"REST"},{"floor":15,"key":"REST"}],"neow_cost":"PERCENT_DAMAGE","seed_source_timestamp":284523831699600,"circlet_count":0,"master_deck":["AscendersBane","Strike_R","Strike_R","Strike_R","Defend_R","Defend_R","Defend_R","Defend_R","Bash","Infernal Blade","Cleave","Spot Weakness","True Grit+1","Rage","Disarm","Inflame","Rupture","Headbutt","Immolate","Disarm","Iron Wave"],"relics":["Burning Blood","StoneCalendar","Golden Idol","Happy Flower","Vajra","Blue Candle","Cursed Key","PreservedInsect"],"potions_floor_usage":[12,14,16,18],"damage_taken":[{"damage":11,"enemies":"2 Louse","floor":1,"turns":4},{"damage":1,"enemies":"Cultist","floor":3,"turns":3},{"damage":4,"enemies":"Jaw Worm","floor":5,"turns":3},{"damage":44,"enemies":"Gremlin Nob","floor":7,"turns":4},{"damage":37,"enemies":"Lagavulin","floor":12,"turns":5},{"damage":21,"enemies":"Exordium Thugs","floor":13,"turns":6},{"damage":1,"enemies":"Looter","floor":14,"turns":4},{"damage":35,"enemies":"The Guardian","floor":16,"turns":8},{"damage":13,"enemies":"3 Byrds","floor":18,"turns":3},{"damage":18,"enemies":"Shell Parasite","floor":19,"turns":5},{"damage":31,"enemies":"Snake Plant","floor":22,"turns":5}],"seed_played":"-6258396591241490424","potions_obtained":[{"floor":7,"key":"Regen Potion"},{"floor":12,"key":"FearPotion"},{"floor":13,"key":"Swift Potion"},{"floor":16,"key":"Explosive Potion"}],"is_trial":false,"path_per_floor":["M","?","M","$","M","R","E","R","T","R","$","E","M","M","R","B",null,"M","M","?","$","M"],"character_chosen":"IRONCLAD","items_purchased":["Spot Weakness","Disarm","PreservedInsect"],"campfire_rested":3,"item_purchase_floors":[4,11,21],"current_hp_per_floor":[45,45,50,50,52,52,14,34,34,54,54,37,22,27,47,18,56,49,37,31,31,0],"gold":19,"neow_bonus":"ONE_RARE_RELIC","is_prod":false,"is_daily":false,"chose_seed":false,"campfire_upgraded":1,"win_rate":0,"timestamp":1551770207,"path_taken":["M","?","M","$","M","R","E","R","T","R","$","E","M","M","R","BOSS","M","M","?","$","M"],"build_version":"2019-01-23","purchased_purges":2,"victory":false,"max_hp_per_floor":[75,68,68,68,68,68,68,68,68,68,68,68,68,68,68,68,68,68,68,68,68,68],"card_choices":[{"not_picked":["Pommel Strike","Burning Pact"],"picked":"Infernal Blade","floor":1},{"not_picked":["Dropkick","Headbutt"],"picked":"Cleave","floor":3},{"not_picked":["Sentinel","Dual Wield"],"picked":"True Grit","floor":5},{"not_picked":["Spot Weakness","Infernal Blade"],"picked":"Rage","floor":7},{"not_picked":["Offering","Intimidate"],"picked":"Inflame","floor":12},{"not_picked":["Reckless Charge","Warcry"],"picked":"Rupture","floor":13},{"not_picked":["Sword Boomerang","Twin Strike"],"picked":"Headbutt","floor":14},{"not_picked":["Fiend Fire","Exhume"],"picked":"Immolate","floor":16},{"not_picked":["Rage","Twin Strike"],"picked":"Disarm","floor":18},{"not_picked":["Havoc","Flex"],"picked":"Iron Wave","floor":19}],"player_experience":1334981,"relics_obtained":[{"floor":7,"key":"Happy Flower"},{"floor":9,"key":"Vajra"},{"floor":12,"key":"Blue Candle"}],"event_choices":[{"damage_healed":0,"gold_gain":0,"player_choice":"Lose Max HP","damage_taken":0,"relics_obtained":["Golden Idol"],"max_hp_gain":0,"max_hp_loss":7,"event_name":"Golden Idol","floor":2,"gold_loss":0},{"damage_healed":0,"gold_gain":50,"player_choice":"Touch","damage_taken":6,"max_hp_gain":0,"max_hp_loss":0,"event_name":"FaceTrader","floor":20,"gold_loss":0}],"is_beta":false,"boss_relics":[{"not_picked":["Snecko Eye","Sozu"],"picked":"Cursed Key"}],"items_purged_floors":[4,21],"is_endless":false,"potions_floor_spawned":[7,12,13,16],"killed_by":"Snake Plant","ascension_level":20}