{"gold_per_floor":[115,115,131,149,74,100,100,126,126,136,149,180,192,214,226,337,349,377,42,42,42,42,42],"floor_reached":23,"playtime":1806,"items_purged":["Strike_R","Pummel"],"score":244,"play_id":"6f1de273-a4d3-46c8-afaa-3214384a767a","local_time":"20180920200107","is_ascension_mode":true,"campfire_choices":[{"data":"Seeing Red","floor":7,"key":"SMITH"},{"floor":13,"key":"REST"},{"data":"Berserk","floor":15,"key":"SMITH"}],"neow_cost":"TEN_PERCENT_HP_LOSS","seed_source_timestamp":596666078489950,"circlet_count":0,"master_deck":["Bash","Seeing Red+1","Warcry","Pommel Strike","Dropkick","Armaments+1","Blood for Blood","Warcry+1","Berserk+1","Flame Barrier+1","Impervious+1","Warcry+1","Sentinel+1","Pommel Strike","Havoc+1","Flame Barrier+1","Blood for Blood","Feel No Pain","True Grit+1","Bite","Bite","Bite","Bite","Bite","Pain"],"relics":["Burning Blood","Nunchaku","Gambling Chip","Toxic Egg 2","Bottled Lightning","MawBank","Pandora\u0027s Box","Strange Spoon","WarpedTongs","Paper Frog"],"potions_floor_usage":[8,8,14,16],"damage_taken":[{"damage":10,"enemies":"Small Slimes","floor":1,"turns":5},{"damage":0,"enemies":"2 Louse","floor":3,"turns":4},{"damage":7,"enemies":"Cultist","floor":4,"turns":5},{"damage":40,"enemies":"Lagavulin","floor":6,"turns":8},{"damage":2,"enemies":"Gremlin Nob","floor":8,"turns":3},{"damage":7,"enemies":"Exordium Thugs","floor":10,"turns":4},{"damage":1,"enemies":"Exordium Wildlife","floor":11,"turns":3},{"damage":33,"enemies":"3 Sentries","floor":12,"turns":8},{"damage":14,"enemies":"Large Slime","floor":14,"turns":3},{"damage":17,"enemies":"The Guardian","floor":16,"turns":7},{"damage":22,"enemies":"Chosen","floor":18,"turns":6},{"damage":54,"enemies":"Gremlin Leader","floor":23,"turns":3}],"seed_played":"6888032493529446931","potions_obtained":[{"floor":3,"key":"Poison Potion"},{"floor":4,"key":"EssenceOfSteel"},{"floor":12,"key":"Swift Potion"},{"floor":14,"key":"Swift Potion"},{"floor":16,"key":"EssenceOfSteel"}],"is_trial":false,"path_per_floor":["M","?","M","M","$","E","R","E","T","M","M","E","R","M","R","B",null,"M","$","?","?","T"],"character_chosen":"IRONCLAD","items_purchased":["Strange Spoon","True Grit+1"],"campfire_rested":1,"item_purchase_floors":[19,19],"current_hp_per_floor":[68,61,67,66,66,32,32,36,36,35,40,13,34,26,26,15,72,56,56,50,50,50,0],"gold":42,"neow_bonus":"ONE_RARE_RELIC","is_prod":false,"is_daily":false,"chose_seed":false,"campfire_upgraded":2,"win_rate":0,"timestamp":1537488067,"path_taken":["M","?","M","M","?","E","R","E","T","M","M","E","R","?","R","BOSS","M","$","?","?","?","E"],"build_version":"2018-09-20","purchased_purges":2,"victory":false,"max_hp_per_floor":[72,72,72,72,72,72,72,72,72,72,72,72,72,72,72,72,72,72,72,50,50,50,50],"card_choices":[{"not_picked":["Heavy Blade","Power Through"],"picked":"Seeing Red","floor":1},{"not_picked":["Clash","Havoc"],"picked":"Warcry","floor":3},{"not_picked":["Sword Boomerang","Clothesline"],"picked":"Pommel Strike","floor":4},{"not_picked":["Thunderclap","Seeing Red"],"picked":"Dropkick","floor":6},{"not_picked":["True Grit","Iron Wave"],"picked":"Armaments","floor":8},{"not_picked":["Body Slam","Havoc+1"],"picked":"Blood for Blood","floor":10},{"not_picked":["Sword Boomerang","Twin Strike"],"picked":"Warcry+1","floor":11},{"not_picked":["Perfected Strike","True Grit+1"],"picked":"Berserk","floor":12},{"not_picked":["Combust","Clothesline"],"picked":"Flame Barrier+1","floor":14},{"not_picked":["Fiend Fire","Dark Embrace"],"picked":"Impervious+1","floor":16},{"not_picked":["Armaments+1","Warcry+1"],"picked":"Feel No Pain","floor":18}],"player_experience":131228,"relics_obtained":[{"floor":6,"key":"Gambling Chip"},{"floor":8,"key":"Toxic Egg 2"},{"floor":9,"key":"Bottled Lightning"},{"floor":12,"key":"MawBank"},{"floor":22,"key":"Paper Frog"}],"event_choices":[{"event_name":"Golden Wing","player_choice":"Card Removal","floor":2,"damage_taken":0},{"event_name":"Vampires","player_choice":"Became a vampire","floor":20,"damage_taken":0},{"event_name":"Accursed Blacksmith","player_choice":"Rummage","floor":21,"damage_taken":0}],"is_beta":false,"boss_relics":[{"not_picked":["Fusion Hammer","Eternal Feather"],"picked":"Pandora\u0027s Box"}],"items_purged_floors":[5,19],"is_endless":false,"potions_floor_spawned":[3,4,12,14,16],"killed_by":"Gremlin Leader","ascension_level":1}