{"path_per_floor":["M","M","M","?","?","E","?","R","T","R","E","M","R","M","R","B",null,"M","M","$","?"],"character_chosen":"DEFECT","items_purchased":["Pen Nib","Chill","Doom and Gloom","Bottled Tornado"],"gold_per_floor":[110,121,133,233,408,468,468,468,494,494,527,542,542,552,552,655,655,671,682,91,91,91],"floor_reached":22,"campfire_rested":3,"playtime":1329,"item_purchase_floors":[20,20,20,20],"current_hp_per_floor":[69,69,68,68,68,31,31,53,53,53,16,16,53,33,70,15,75,66,10,10,10,0],"items_purged":["Doubt"],"gold":91,"score":248,"play_id":"a14ab4b9-72d3-4d78-abea-3fdbf3b10d21","local_time":"20180608233656","is_prod":false,"is_daily":false,"chose_seed":false,"is_ascension_mode":true,"campfire_upgraded":1,"win_rate":0,"timestamp":1528522616,"campfire_choices":[{"floor":8,"key":"REST"},{"data":"Glacier","floor":10,"key":"SMITH"},{"floor":13,"key":"REST"},{"floor":15,"key":"REST"}],"path_taken":["M","M","M","?","?","E","?","R","T","R","E","M","R","M","R","BOSS","M","M","$","?","M"],"build_version":"2018-06-07v3","seed_source_timestamp":798188822426065,"purchased_purges":1,"victory":false,"master_deck":["Defend_B","Defend_B","Defend_B","Defend_B","Zap","Dualcast","Compile Driver","Glacier+1","Beam Cell","Redo","Blizzard+1","Echo Form","Genetic Algorithm","Seek","Go for the Eyes+1","Cold Snap+1","Chill","Doom and Gloom","Bite","Bite","Bite","Bite","Bite"],"max_hp_per_floor":[75,75,75,75,75,75,75,75,75,75,75,75,75,75,75,75,75,75,75,75,52,52],"relics":["Cracked Core","Tiny Chest","Bag of Preparation","Regal Pillow","Sozu","Pen Nib","Bottled Tornado"],"card_choices":[{"not_picked":["Melter","Sweeping Beam"],"picked":"Glacier","floor":1},{"not_picked":["Compile Driver","Stack"],"picked":"Beam Cell","floor":2},{"not_picked":["Coolheaded","Darkness"],"picked":"Redo","floor":3},{"not_picked":["Double Energy","Coolheaded"],"picked":"Blizzard","floor":6},{"not_picked":["Barrage","Leap","Aggregate"],"picked":"SKIP","floor":11},{"not_picked":["Sweeping Beam","Undo"],"picked":"Echo Form","floor":12},{"not_picked":["Barrage","Coolheaded"],"picked":"Genetic Algorithm","floor":14},{"not_picked":["All For One","Multi-Cast"],"picked":"Seek","floor":16},{"not_picked":["Scrape","Steam Power"],"picked":"Go for the Eyes+1","floor":18},{"not_picked":["Barrage","Turbo"],"picked":"Cold Snap+1","floor":19}],"player_experience":873763,"potions_floor_usage":[6,6,11],"damage_taken":[{"damage":6,"enemies":"Cultist","floor":1,"turns":3},{"damage":0,"enemies":"Small Slimes","floor":2,"turns":3},{"damage":1,"enemies":"2 Louse","floor":3,"turns":2},{"damage":37,"enemies":"Lagavulin","floor":6,"turns":9},{"damage":37,"enemies":"Gremlin Nob","floor":11,"turns":6},{"damage":0,"enemies":"Exordium Wildlife","floor":12,"turns":5},{"damage":20,"enemies":"Gremlin Gang","floor":14,"turns":5},{"damage":55,"enemies":"Hexaghost","floor":16,"turns":10},{"damage":9,"enemies":"3 Byrds","floor":18,"turns":6},{"damage":56,"enemies":"2 Thieves","floor":19,"turns":4},{"damage":14,"enemies":"Snake Plant","floor":22,"turns":1}],"relics_obtained":[{"floor":6,"key":"Tiny Chest"},{"floor":9,"key":"Bag of Preparation"},{"floor":11,"key":"Regal Pillow"}],"event_choices":[{"event_name":"Golden Shrine","player_choice":"Pray","floor":4,"damage_taken":0},{"event_name":"Liars Game","player_choice":"agreed","floor":5,"damage_taken":0},{"event_name":"Upgrade Shrine","player_choice":"Upgraded","floor":7,"damage_taken":0},{"event_name":"Vampires","player_choice":"Became a vampire","floor":21,"damage_taken":0}],"boss_relics":[{"not_picked":["Runic Pyramid","Ectoplasm"],"picked":"Sozu"}],"items_purged_floors":[20],"potions_floor_spawned":[1,2,3,19],"seed_played":"-2624317016802229962","killed_by":"Snake Plant","ascension_level":3,"potions_obtained":[{"floor":1,"key":"PowerPotion"},{"floor":2,"key":"Weak Potion"},{"floor":3,"key":"Weak Potion"}],"is_trial":false}