{"path_per_floor":["M","?","$","M","$","E","?","T","T","$","E","?","R","M","R","B",null,"M","?","$","?","?"],"character_chosen":"DEFECT","items_purchased":["Rebound","Undo","Bandage Up","Skim"],"gold_per_floor":[119,119,21,38,38,66,66,66,144,10,37,37,37,60,60,186,186,200,200,77,77,77,77],"floor_reached":23,"campfire_rested":1,"playtime":1309,"item_purchase_floors":[3,10,20,20],"current_hp_per_floor":[68,68,68,68,68,68,68,68,68,68,38,38,58,58,58,27,59,37,21,21,21,21,0],"items_purged":["Regret","Defend_B"],"gold":77,"score":341,"play_id":"362f6824-3838-4163-bb03-ff066ed35f9d","local_time":"20180527222434","is_prod":false,"is_daily":false,"chose_seed":false,"is_ascension_mode":true,"campfire_upgraded":0,"win_rate":0,"timestamp":1527481474,"campfire_choices":[{"floor":13,"key":"REST"},{"data":"Strike_B","floor":15,"key":"PURGE"}],"path_taken":["M","?","?","?","$","E","?","?","T","$","E","?","R","M","R","BOSS","M","?","$","?","?","E"],"build_version":"2018-05-25","seed_source_timestamp":1560379145561546,"purchased_purges":2,"victory":false,"master_deck":["Strike_B","Strike_B","Strike_B","Defend_B+1","Defend_B+1","Zap","Dualcast","Leap","Rebound","Go for the Eyes","Undo","Sweeping Beam","Buffer","Ball Lightning+1","Bandage Up","Skim+1","Ghostly","Ghostly","Ghostly","Ghostly","Ghostly"],"max_hp_per_floor":[75,75,75,75,75,75,75,75,75,75,75,69,69,69,69,69,69,69,69,69,34,34,34],"relics":["Cracked Core","NeowsBlessing","Peace Pipe","War Paint","Sundial","Letter Opener","Juzu Bracelet","Golden Idol","Inserter","Nilry\u0027s Codex"],"card_choices":[{"not_picked":["Coolheaded","Compile Driver"],"picked":"Leap","floor":1},{"not_picked":["Heatsinks","Coolheaded"],"picked":"Go for the Eyes","floor":4},{"not_picked":["Stack","Compile Driver","Coolheaded"],"picked":"SKIP","floor":6},{"not_picked":["Hologram","Streamline"],"picked":"Sweeping Beam","floor":11},{"not_picked":["Coolheaded","Streamline","Rebound"],"picked":"SKIP","floor":14},{"not_picked":["Multi-Cast","Seek"],"picked":"Buffer","floor":16},{"not_picked":["Leap","Tempest"],"picked":"Ball Lightning+1","floor":18}],"player_experience":170172,"potions_floor_usage":[11,16],"damage_taken":[{"damage":0,"enemies":"Jaw Worm","floor":1,"turns":1},{"damage":0,"enemies":"2 Louse","floor":4,"turns":1},{"damage":0,"enemies":"3 Sentries","floor":6,"turns":1},{"damage":30,"enemies":"Lagavulin","floor":11,"turns":5},{"damage":0,"enemies":"Cultist","floor":14,"turns":2},{"damage":46,"enemies":"Hexaghost","floor":16,"turns":12},{"damage":22,"enemies":"3 Byrds","floor":18,"turns":6},{"damage":29,"enemies":"Gremlin Leader","floor":23,"turns":8}],"relics_obtained":[{"floor":6,"key":"War Paint"},{"floor":8,"key":"Sundial"},{"floor":9,"key":"Letter Opener"},{"floor":11,"key":"Juzu Bracelet"},{"floor":19,"key":"Nilry\u0027s Codex"}],"event_choices":[{"event_name":"Big Fish","player_choice":"Box","floor":2,"damage_taken":0},{"event_name":"Wheel of Change","player_choice":"Card Removal","floor":7,"damage_taken":0},{"event_name":"Golden Idol","player_choice":"Lose Max HP","floor":12,"damage_taken":0},{"event_name":"Cursed Tome","player_choice":"Obtained Book","floor":19,"damage_taken":0},{"event_name":"Ghosts","player_choice":"Became a Ghost","floor":21,"damage_taken":0},{"event_name":"Upgrade Shrine","player_choice":"Upgraded","floor":22,"damage_taken":0}],"boss_relics":[{"not_picked":["Tiny House","Sozu"],"picked":"Inserter"}],"items_purged_floors":[3,10],"potions_floor_spawned":[4,14],"seed_played":"-8996013512939932407","killed_by":"Gremlin Leader","ascension_level":9,"potions_obtained":[{"floor":4,"key":"Poison Potion"},{"floor":14,"key":"Regen Potion"}],"is_trial":false}