{"path_per_floor":["M","?","$","M","?","E","R","?","T","?","E","R","E","M","R","B",null,"M","M","M","$","M","R","M","R","T","E","R","?","?","M","R","B",null,"M","?","?","$","M","R","M","$","T","M","E","R","M","E","R"],"character_chosen":"DEFECT","items_purchased":["Dodecahedron","Orichalcum","Amplify"],"gold_per_floor":[112,362,26,42,42,68,68,68,68,68,100,100,130,141,141,238,238,258,269,282,38,49,49,65,65,91,120,120,120,120,133,133,229,229,248,248,302,99,112,112,127,127,127,142,174,174,193,218,218,218],"floor_reached":50,"campfire_rested":8,"playtime":3411,"current_hp_per_floor":[74,74,74,74,74,41,80,62,62,55,28,67,59,47,89,77,92,90,83,59,59,31,73,43,85,85,64,64,92,64,55,55,17,78,65,55,36,36,40,78,47,47,47,25,16,54,42,28,66,0],"items_purged":["Regret","Defend_B","Writhe"],"gold":218,"score":696,"play_id":"64ea1846-8690-4b45-93ea-35ab7f65b2cc","local_time":"20180511225815","is_prod":false,"is_daily":false,"chose_seed":false,"is_ascension_mode":true,"campfire_upgraded":2,"timestamp":1526101095,"path_taken":["M","?","$","M","?","E","R","?","T","?","E","R","E","M","R","BOSS","M","M","M","$","M","R","M","R","T","E","R","?","?","M","R","BOSS","M","?","?","$","M","R","M","$","T","M","E","R","M","E","R","BOSS"],"build_version":"2018-05-10","seed_source_timestamp":177858149022643,"purchased_purges":3,"victory":false,"master_deck":["Defend_B","Defend_B","Defend_B","Zap","Dualcast","Ball Lightning","FTL","Doom and Gloom","Cold Snap","Defragment","Rainbow+1","Defragment","Streamline+1","Rebound+1","Defragment","Glacier","Bite","Bite","Bite","Bite","Bite","Loop+1","Echo Form","Writhe","Injury","Tempest+1","Madness","Madness","Reinforced Body+1","Amplify","Blizzard+1","Force Field","BootSequence+1","Undo+1","Buffer"],"max_hp_per_floor":[75,75,75,75,75,82,82,82,82,82,82,82,92,92,92,92,92,92,92,92,92,92,92,92,92,92,92,92,92,64,64,64,64,78,78,78,78,78,78,78,78,78,78,78,78,78,78,78,78,78],"relics":["Cracked Core","Regal Pillow","Dodecahedron","Strawberry","Vajra","Cables","Question Card","Pear","Nuclear Battery","Orichalcum","Lantern","Bronze Scales","Calling Bell","Blood Vial","Darkstone Periapt","Mango","Peace Pipe","Mercury Hourglass","Ancient Tea Set","Oddly Smooth Stone"],"card_choices":[{"not_picked":["Go for the Eyes","Cold Snap"],"picked":"Ball Lightning","floor":1},{"not_picked":["Cold Snap","Capacitor"],"picked":"FTL","floor":4},{"not_picked":["Conserve Battery","Fission"],"picked":"Doom and Gloom","floor":6},{"not_picked":["Doom and Gloom","Barrage"],"picked":"Cold Snap","floor":11},{"not_picked":["Steam Power","Skim","Streamline"],"picked":"Defragment","floor":14},{"not_picked":["Nova","Fusion","Seek"],"picked":"Rainbow","floor":16},{"not_picked":["Beam Cell","Turbo","FTL"],"picked":"Defragment","floor":18},{"not_picked":["Melter","Axe Kick","Ball Lightning"],"picked":"Streamline","floor":19},{"not_picked":["Leap","Hologram","Steam"],"picked":"Rebound","floor":20},{"not_picked":["FTL","Turbo","Coolheaded"],"picked":"Defragment","floor":22},{"not_picked":["Rebound","Hello World","Axe Kick"],"picked":"Glacier","floor":27},{"not_picked":["Turbo","Amplify","Hologram"],"picked":"Loop","floor":31},{"not_picked":["Fusion","Meteor Strike","Multi-Cast"],"picked":"Echo Form","floor":33},{"not_picked":["Hello World","Loop","Coolheaded"],"picked":"Tempest","floor":35},{"not_picked":["Hologram","Capacitor","Recycle"],"picked":"Reinforced Body","floor":37},{"not_picked":["Steam Power","Sunder","Loop"],"picked":"Blizzard","floor":39},{"not_picked":["Undo","Lockon","Gash"],"picked":"Force Field","floor":41},{"not_picked":["Ball Lightning","Melter","Lockon"],"picked":"BootSequence","floor":45},{"not_picked":["Consume","Turbo","Steam"],"picked":"Undo","floor":47},{"not_picked":["Cold Snap","Barrage","Consume"],"picked":"Buffer","floor":48}],"player_experience":96214,"potions_floor_usage":[6,24,33,33,33,37,48],"damage_taken":[{"damage":1,"enemies":"Cultist","floor":1,"turns":3},{"damage":0,"enemies":"Small Slimes","floor":4,"turns":2},{"damage":40,"enemies":"Lagavulin","floor":6,"turns":4},{"damage":27,"enemies":"3 Sentries","floor":11,"turns":4},{"damage":18,"enemies":"Lagavulin","floor":13,"turns":3},{"damage":12,"enemies":"Jaw Worm","floor":14,"turns":2},{"damage":12,"enemies":"The Guardian","floor":16,"turns":8},{"damage":2,"enemies":"3 Byrds","floor":18,"turns":4},{"damage":7,"enemies":"Shell Parasite","floor":19,"turns":4},{"damage":24,"enemies":"Snake Plant","floor":20,"turns":4},{"damage":28,"enemies":"Centurion and Healer","floor":22,"turns":4},{"damage":30,"enemies":"Slaver and Parasite","floor":24,"turns":6},{"damage":21,"enemies":"Gremlin Leader","floor":27,"turns":6},{"damage":9,"enemies":"Snecko","floor":31,"turns":3},{"damage":46,"enemies":"Collector","floor":33,"turns":6},{"damage":15,"enemies":"3 Shapes","floor":35,"turns":6},{"damage":31,"enemies":"Mysterious Sphere","floor":37,"turns":6},{"damage":10,"enemies":"Orb Walker","floor":39,"turns":3},{"damage":31,"enemies":"4 Shapes","floor":41,"turns":6},{"damage":42,"enemies":"3 Darklings","floor":44,"turns":9},{"damage":21,"enemies":"Nemesis","floor":45,"turns":8},{"damage":22,"enemies":"Flame Bruiser 2 Orb","floor":47,"turns":5},{"damage":44,"enemies":"2 Orb Walkers","floor":48,"turns":3},{"damage":80,"enemies":"Time Eater","floor":50,"turns":7}],"event_choices":[{"event_name":"Golden Shrine","player_choice":"Desecrate","floor":2,"damage_taken":0},{"event_name":"The Cleric","player_choice":"Leave","floor":5,"damage_taken":0},{"event_name":"Scrap Ooze","player_choice":"success","floor":8,"damage_taken":18},{"event_name":"Golden Wing","player_choice":"Card Removal","floor":10,"damage_taken":0},{"event_name":"The Library","player_choice":"Heal","floor":29,"damage_taken":0},{"event_name":"Vampires","player_choice":"Became a vampire","floor":30,"damage_taken":0},{"event_name":"Winding Halls","player_choice":"Embrace Madness","floor":36,"damage_taken":0},{"event_name":"Mysterious Sphere","player_choice":"Fight","floor":37,"damage_taken":0}],"boss_relics":[{"not_picked":["Astrolabe","Sozu"],"picked":"Nuclear Battery"},{"not_picked":["Tiny House","Runic Pyramid"],"picked":"Calling Bell"}],"potions_floor_spawned":[1,4,16,19,22,35,37,44,48],"seed_played":"8786774350892351802","killed_by":"Time Eater","ascension_level":4,"is_trial":false}