{"gold_per_floor":[118,137,153,164,164,164,198,198,222,222,222,222,222,245,245,338,338,351,351,370,388,406,406,406],"floor_reached":24,"playtime":1366,"items_purged":[],"score":337,"play_id":"ad50e1be-cbe5-4b68-a90d-71e18d22e175","local_time":"20190205210807","is_ascension_mode":true,"campfire_choices":[{"data":"Defragment","floor":6,"key":"SMITH"},{"data":"Zap","floor":8,"key":"SMITH"},{"data":"Dualcast","floor":11,"key":"SMITH"},{"data":"Go for the Eyes","floor":13,"key":"SMITH"},{"data":"Redo","floor":15,"key":"SMITH"},{"floor":23,"key":"REST"}],"neow_cost":"NONE","seed_source_timestamp":1563339648620736,"circlet_count":0,"master_deck":["AscendersBane","Defend_B","Defend_B","Defend_B","Defend_B","Zap+1","Dualcast+1","BootSequence","Cold Snap","Cold Snap","Defragment+1","Go for the Eyes+1","Redo+1","Creative AI+1","White Noise","Conserve Battery","Compile Driver","Capacitor"],"relics":["Cracked Core","PreservedInsect","Orichalcum","Golden Idol","Empty Cage"],"potions_floor_usage":[7,16,16,21,24],"damage_taken":[{"damage":0,"enemies":"Small Slimes","floor":1,"turns":3},{"damage":0,"enemies":"Jaw Worm","floor":2,"turns":3},{"damage":4,"enemies":"2 Louse","floor":3,"turns":3},{"damage":0,"enemies":"Exordium Thugs","floor":4,"turns":5},{"damage":15,"enemies":"Gremlin Nob","floor":7,"turns":4},{"damage":0,"enemies":"Gremlin Gang","floor":14,"turns":5},{"damage":7,"enemies":"Hexaghost","floor":16,"turns":13},{"damage":27,"enemies":"3 Byrds","floor":18,"turns":5},{"damage":9,"enemies":"Spheric Guardian","floor":20,"turns":5},{"damage":11,"enemies":"Chosen and Byrds","floor":21,"turns":5},{"damage":12,"enemies":"Snake Plant","floor":22,"turns":6},{"damage":30,"enemies":"Masked Bandits","floor":24,"turns":3}],"seed_played":"-3275957521367483794","potions_obtained":[{"floor":2,"key":"PowerPotion"},{"floor":3,"key":"Poison Potion"},{"floor":14,"key":"Dexterity Potion"},{"floor":16,"key":"Poison Potion"},{"floor":18,"key":"SpeedPotion"},{"floor":22,"key":"EssenceOfSteel"}],"is_trial":false,"path_per_floor":["M","M","M","M","?","R","E","R","T","?","R","?","R","M","R","B",null,"M","?","M","M","M","R","?"],"character_chosen":"DEFECT","items_purchased":[],"campfire_rested":1,"item_purchase_floors":[],"current_hp_per_floor":[71,71,67,67,67,67,52,52,52,52,52,52,52,52,52,45,65,38,38,29,18,6,27,0],"gold":406,"neow_bonus":"TEN_PERCENT_HP_BONUS","is_prod":false,"is_daily":false,"chose_seed":false,"campfire_upgraded":5,"win_rate":0,"timestamp":1549426087,"path_taken":["M","M","M","M","?","R","E","R","T","?","R","?","R","M","R","BOSS","M","?","M","M","?","R","?"],"build_version":"2019-01-23","purchased_purges":0,"victory":false,"max_hp_per_floor":[78,78,78,78,78,78,78,78,78,72,72,72,72,72,72,72,72,72,72,72,72,72,72,72],"card_choices":[{"not_picked":["Redo","Steam"],"picked":"BootSequence","floor":1},{"not_picked":["Auto Shields","Scrape"],"picked":"Cold Snap","floor":2},{"not_picked":["Leap","Sweeping Beam"],"picked":"Cold Snap","floor":3},{"not_picked":["Redo","Double Energy"],"picked":"Defragment","floor":4},{"not_picked":["Redo","Conserve Battery"],"picked":"Go for the Eyes","floor":7},{"not_picked":["Glacier","Go for the Eyes"],"picked":"Redo","floor":14},{"not_picked":["Seek","Hyperbeam"],"picked":"Creative AI","floor":16},{"not_picked":["Ball Lightning","Streamline"],"picked":"White Noise","floor":18},{"not_picked":["Stack","Gash"],"picked":"Conserve Battery","floor":20},{"not_picked":["Chaos","Conserve Battery"],"picked":"Compile Driver","floor":21},{"not_picked":["Beam Cell","Auto Shields+1"],"picked":"Capacitor","floor":22}],"player_experience":978102,"relics_obtained":[{"floor":7,"key":"PreservedInsect"},{"floor":9,"key":"Orichalcum"}],"event_choices":[{"cards_removed":["Strike_B"],"damage_healed":0,"gold_gain":0,"player_choice":"Forget","damage_taken":0,"max_hp_gain":0,"max_hp_loss":0,"event_name":"Living Wall","floor":5,"gold_loss":0},{"damage_healed":0,"gold_gain":0,"player_choice":"Lose Max HP","damage_taken":0,"relics_obtained":["Golden Idol"],"max_hp_gain":0,"max_hp_loss":6,"event_name":"Golden Idol","floor":10,"gold_loss":0},{"cards_removed":["Strike_B"],"damage_healed":0,"gold_gain":0,"player_choice":"Purged","damage_taken":0,"max_hp_gain":0,"max_hp_loss":0,"event_name":"Purifier","floor":12,"gold_loss":0},{"damage_healed":0,"gold_gain":0,"player_choice":"Upgraded","damage_taken":0,"max_hp_gain":0,"max_hp_loss":0,"event_name":"Upgrade Shrine","floor":19,"gold_loss":0,"cards_upgraded":["Creative AI"]},{"damage_healed":0,"gold_gain":0,"player_choice":"Fought Bandits","damage_taken":0,"max_hp_gain":0,"max_hp_loss":0,"event_name":"Masked Bandits","floor":24,"gold_loss":0}],"is_beta":false,"boss_relics":[{"not_picked":["Coffee Dripper","Snecko Eye"],"picked":"Empty Cage"}],"items_purged_floors":[],"is_endless":false,"potions_floor_spawned":[2,3,14,16,18,22],"killed_by":"Masked Bandits","ascension_level":14}