{"gold_per_floor":[117,131,131,131,151,476,492,492,492,492,505,505,505,505,505,505],"floor_reached":16,"playtime":805,"items_purged":[],"score":195,"play_id":"9effb87b-e325-4770-9564-11ef0a8753da","local_time":"20190301003547","is_ascension_mode":true,"campfire_choices":[{"floor":8,"key":"REST"},{"data":"Double Tap","floor":10,"key":"SMITH"},{"data":"Thunderclap","floor":12,"key":"SMITH"},{"data":"True Grit","floor":13,"key":"SMITH"},{"floor":15,"key":"REST"}],"neow_cost":"NONE","seed_source_timestamp":540022980335425,"circlet_count":0,"master_deck":["AscendersBane","Strike_R","Strike_R","Strike_R","Strike_R","Defend_R","Defend_R","Defend_R","Defend_R","Bash","Offering","True Grit+1","Thunderclap+1","Clash","Double Tap+1","Pommel Strike","Dual Wield"],"relics":["Burning Blood","Champion Belt","Old Coin","WingedGreaves","Art of War"],"potions_floor_usage":[6,16],"damage_taken":[{"damage":1,"enemies":"2 Louse","floor":1,"turns":4},{"damage":17,"enemies":"Cultist","floor":2,"turns":4},{"damage":2,"enemies":"Small Slimes","floor":5,"turns":4},{"damage":33,"enemies":"Lagavulin","floor":6,"turns":5},{"damage":21,"enemies":"Exordium Wildlife","floor":7,"turns":7},{"damage":6,"enemies":"Looter","floor":11,"turns":3},{"damage":69,"enemies":"Hexaghost","floor":16,"turns":9}],"seed_played":"850649244996294123","potions_obtained":[{"floor":5,"key":"PowerPotion"},{"floor":7,"key":"FearPotion"},{"floor":11,"key":"Strength Potion"}],"is_trial":false,"path_per_floor":["M","M","?","?","M","E","M","R","T","R","M","R","R","?","R","B"],"character_chosen":"IRONCLAD","items_purchased":[],"campfire_rested":2,"item_purchase_floors":[],"current_hp_per_floor":[73,62,62,62,66,39,24,46,46,46,46,46,46,46,68,0],"gold":505,"neow_bonus":"TRANSFORM_CARD","is_prod":false,"is_daily":false,"chose_seed":false,"campfire_upgraded":3,"win_rate":0,"timestamp":1551425747,"path_taken":["M","M","?","?","M","E","M","R","T","R","?","R","R","?","R","BOSS"],"build_version":"2019-01-23","purchased_purges":0,"victory":false,"max_hp_per_floor":[75,75,75,75,75,75,75,75,75,75,75,75,75,75,75,75],"card_choices":[{"not_picked":["Clothesline","Warcry"],"picked":"True Grit","floor":1},{"not_picked":["Battle Trance","Sword Boomerang"],"picked":"Thunderclap","floor":2},{"not_picked":["Sentinel","Infernal Blade"],"picked":"Clash","floor":5},{"not_picked":["Power Through","Infernal Blade"],"picked":"Double Tap","floor":6},{"not_picked":["Wild Strike","Clash"],"picked":"Pommel Strike","floor":7},{"not_picked":["Wild Strike","Intimidate"],"picked":"Dual Wield","floor":11}],"player_experience":1296934,"relics_obtained":[{"floor":6,"key":"Old Coin"},{"floor":9,"key":"WingedGreaves"}],"event_choices":[{"damage_healed":0,"gold_gain":0,"player_choice":"Box","damage_taken":0,"relics_obtained":["Champion Belt"],"max_hp_gain":0,"max_hp_loss":0,"event_name":"Big Fish","floor":3,"gold_loss":0,"cards_obtained":["Regret"]},{"cards_removed":["Regret"],"damage_healed":0,"gold_gain":0,"player_choice":"Removed Curses","damage_taken":0,"max_hp_gain":0,"max_hp_loss":0,"event_name":"Fountain of Cleansing","floor":4,"gold_loss":0},{"damage_healed":0,"gold_gain":0,"player_choice":"Gave Potion","damage_taken":0,"relics_obtained":["Art of War"],"max_hp_gain":0,"max_hp_loss":0,"event_name":"WeMeetAgain","floor":14,"gold_loss":0}],"is_beta":false,"boss_relics":[],"items_purged_floors":[],"is_endless":false,"potions_floor_spawned":[5,7,11],"killed_by":"Hexaghost","ascension_level":19}