{"gold_per_floor":[418,418,432,707,723,723,740,740,792,819,819,832,892,892],"floor_reached":14,"playtime":789,"items_purged":[],"score":158,"play_id":"bfcfdb8d-c840-4139-8590-048831f10d60","local_time":"20190209093252","is_ascension_mode":true,"campfire_choices":[{"floor":6,"key":"REST"},{"floor":8,"key":"REST"},{"data":"Stack","floor":11,"key":"SMITH"}],"neow_cost":"TEN_PERCENT_HP_LOSS","seed_source_timestamp":1867811369943636,"circlet_count":0,"master_deck":["AscendersBane","Strike_B","Strike_B+1","Strike_B+1","Strike_B","Defend_B","Defend_B","Defend_B","Defend_B","Zap","Dualcast","Stack+1","Ball Lightning","Regret","Doom and Gloom","Cold Snap","Self Repair","Creative AI","Static Discharge"],"relics":["Cracked Core","Old Coin","Boot","Whetstone","Dodecahedron","Letter Opener"],"potions_floor_usage":[3,10,13],"damage_taken":[{"damage":8,"enemies":"Small Slimes","floor":1,"turns":3},{"damage":0,"enemies":"Cultist","floor":3,"turns":3},{"damage":4,"enemies":"Jaw Worm","floor":5,"turns":3},{"damage":12,"enemies":"2 Fungi Beasts","floor":7,"turns":3},{"damage":18,"enemies":"Gremlin Nob","floor":10,"turns":3},{"damage":2,"enemies":"Large Slime","floor":12,"turns":5},{"damage":41,"enemies":"3 Sentries","floor":13,"turns":7},{"damage":18,"enemies":"3 Sentries","floor":14,"turns":4}],"seed_played":"163968290131892959","potions_obtained":[{"floor":1,"key":"Regen Potion"},{"floor":3,"key":"FearPotion"},{"floor":12,"key":"GamblersBrew"}],"is_trial":false,"path_per_floor":["M","?","M","?","M","R","M","R","T","E","R","M","?","E"],"character_chosen":"DEFECT","items_purchased":[],"campfire_rested":2,"item_purchase_floors":[],"current_hp_per_floor":[56,30,39,39,35,54,42,61,61,43,43,48,14,0],"gold":892,"neow_bonus":"ONE_RARE_RELIC","is_prod":false,"is_daily":false,"chose_seed":false,"campfire_upgraded":1,"win_rate":0,"timestamp":1549729972,"path_taken":["M","?","M","?","?","R","M","R","T","E","R","M","?","E"],"build_version":"2019-01-23","purchased_purges":0,"victory":false,"max_hp_per_floor":[64,64,64,64,64,64,64,64,64,64,64,64,64,64],"card_choices":[{"not_picked":["Beam Cell","Hologram"],"picked":"Stack","floor":1},{"not_picked":["Aggregate","Sunder"],"picked":"Ball Lightning","floor":3},{"not_picked":["Steam","Turbo"],"picked":"Doom and Gloom","floor":5},{"not_picked":["Beam Cell","Barrage"],"picked":"Cold Snap","floor":7},{"not_picked":["Cold Snap","Blizzard"],"picked":"Self Repair","floor":10},{"not_picked":["Consume","Tempest"],"picked":"Creative AI","floor":12},{"not_picked":["Gash","Aggregate"],"picked":"Static Discharge","floor":13}],"player_experience":1019558,"relics_obtained":[{"floor":9,"key":"Whetstone"},{"floor":10,"key":"Dodecahedron"},{"floor":13,"key":"Letter Opener"}],"event_choices":[{"damage_healed":0,"gold_gain":0,"player_choice":"Success","damage_taken":26,"relics_obtained":["Boot"],"max_hp_gain":0,"max_hp_loss":0,"event_name":"Scrap Ooze","floor":2,"gold_loss":0},{"damage_healed":0,"gold_gain":275,"player_choice":"Desecrate","damage_taken":0,"max_hp_gain":0,"max_hp_loss":0,"event_name":"Golden Shrine","floor":4,"gold_loss":0,"cards_obtained":["Regret"]},{"damage_healed":0,"gold_gain":30,"player_choice":"Searched \u00272\u0027 times","damage_taken":0,"max_hp_gain":0,"max_hp_loss":0,"event_name":"Dead Adventurer","floor":13,"gold_loss":0}],"is_beta":false,"boss_relics":[],"items_purged_floors":[],"is_endless":false,"potions_floor_spawned":[1,3,12],"killed_by":"3 Sentries","ascension_level":15}