{"gold_per_floor":[360,97,107,119,119,119,131,164,164,174,207,207,222,237,237,336,336,336,336,336,60,60,60,60,60,60,60,60,60,25,25,25,25,25,25,25,25,25,25,25,25,25,25,25,25,25,25,25,25,25],"floor_reached":50,"playtime":3191,"items_purged":["Regret"],"score":632,"play_id":"29c58114-18aa-4727-ac2c-ea808c47be75","local_time":"20190307011331","is_ascension_mode":true,"campfire_choices":[{"data":"Noxious Fumes","floor":6,"key":"SMITH"},{"floor":15,"key":"REST"},{"data":"Footwork","floor":23,"key":"SMITH"},{"data":"Noxious Fumes","floor":27,"key":"SMITH"},{"data":"Well Laid Plans","floor":29,"key":"SMITH"},{"floor":32,"key":"REST"},{"floor":40,"key":"REST"},{"floor":42,"key":"REST"},{"floor":49,"key":"REST"}],"neow_cost":"CURSE","seed_source_timestamp":508575305430259,"circlet_count":0,"master_deck":["Defend_G+1","Defend_G+1","Defend_G+1","Defend_G+1","Defend_G+1","Strike_G+1","Strike_G+1","Strike_G+1","Strike_G+1","Strike_G+1","Survivor","Neutralize","Backflip","Noxious Fumes+1","Dagger Throw","Night Terror","Cloak And Dagger","Noxious Fumes+1","Corpse Explosion","Deflect","Footwork+1","Well Laid Plans+1","Envenom","Deadly Poison","Backflip","Dash","Blur+1","Escape Plan","Bane","Escape Plan","Deadly Poison","Die Die Die","Deadly Poison+1","Backflip+1","Footwork+1","PiercingWail+1","PiercingWail+1","Dodge and Roll","Madness","Crippling Poison+1"],"relics":["Ring of the Snake","Oddly Smooth Stone","Letter Opener","Ice Cream","Calipers","Pen Nib","NlothsMask","Ectoplasm","Membership Card","Bronze Scales","PreservedInsect","Omamori","Fusion Hammer","MawBank"],"potions_floor_usage":[16,48,50,50],"damage_taken":[{"damage":4,"enemies":"2 Louse","floor":1,"turns":4},{"damage":1,"enemies":"Cultist","floor":3,"turns":4},{"damage":12,"enemies":"Small Slimes","floor":4,"turns":3},{"damage":0,"enemies":"Red Slaver","floor":7,"turns":5},{"damage":27,"enemies":"Gremlin Nob","floor":8,"turns":5},{"damage":6,"enemies":"Blue Slaver","floor":10,"turns":5},{"damage":14,"enemies":"3 Sentries","floor":11,"turns":3},{"damage":3,"enemies":"3 Louse","floor":13,"turns":4},{"damage":1,"enemies":"Red Slaver","floor":14,"turns":4},{"damage":16,"enemies":"The Guardian","floor":16,"turns":10},{"damage":6,"enemies":"Shell Parasite","floor":18,"turns":6},{"damage":0,"enemies":"3 Byrds","floor":20,"turns":2},{"damage":16,"enemies":"Snecko","floor":22,"turns":7},{"damage":12,"enemies":"Book of Stabbing","floor":24,"turns":6},{"damage":0,"enemies":"Centurion and Healer","floor":25,"turns":5},{"damage":7,"enemies":"Gremlin Leader","floor":28,"turns":5},{"damage":22,"enemies":"Cultist and Chosen","floor":31,"turns":4},{"damage":6,"enemies":"Champ","floor":33,"turns":10},{"damage":1,"enemies":"Orb Walker","floor":35,"turns":3},{"damage":0,"enemies":"3 Shapes","floor":36,"turns":2},{"damage":22,"enemies":"Jaw Worm Horde","floor":38,"turns":4},{"damage":11,"enemies":"Maw","floor":39,"turns":7},{"damage":18,"enemies":"Transient","floor":44,"turns":5},{"damage":3,"enemies":"Writhing Mass","floor":45,"turns":5},{"damage":44,"enemies":"Reptomancer","floor":46,"turns":5},{"damage":0,"enemies":"Jaw Worm Horde","floor":48,"turns":2},{"damage":28,"enemies":"Awakened One","floor":50,"turns":4}],"seed_played":"939379798145377729","potions_obtained":[{"floor":1,"key":"LiquidBronze"},{"floor":3,"key":"Ancient Potion"},{"floor":4,"key":"Swift Potion"},{"floor":8,"key":"EntropicBrew"},{"floor":18,"key":"Dexterity Potion"},{"floor":35,"key":"GhostInAJar"}],"is_trial":false,"path_per_floor":["M","$","M","M","?","R","M","E","T","M","E","?","M","M","R","B",null,"M","?","M","$","M","R","E","M","T","R","E","R","$","M","R","B",null,"M","M","?","M","M","R","?","R","T","M","M","E","?","M","R","B"],"character_chosen":"THE_SILENT","items_purchased":["Oddly Smooth Stone","Noxious Fumes","Membership Card","Bronze Scales","Escape Plan"],"campfire_rested":5,"item_purchase_floors":[2,2,21,21,30],"current_hp_per_floor":[66,66,65,53,53,53,53,26,26,20,6,6,3,2,23,7,70,64,64,64,64,48,48,36,36,36,36,29,29,29,7,28,22,70,69,69,69,47,36,57,57,66,66,48,45,1,1,1,20,0],"gold":25,"neow_bonus":"TWO_FIFTY_GOLD","is_prod":false,"is_daily":false,"chose_seed":false,"campfire_upgraded":4,"win_rate":0,"timestamp":1551946411,"path_taken":["M","$","M","M","?","R","M","E","T","?","E","?","M","M","R","BOSS","M","?","M","$","M","R","E","M","T","R","E","R","$","M","R","BOSS","M","M","?","?","M","R","?","R","T","M","M","E","?","M","R","BOSS"],"build_version":"2019-01-23","purchased_purges":1,"victory":false,"max_hp_per_floor":[70,70,70,70,70,70,70,70,70,70,70,70,70,70,70,70,70,70,70,70,70,70,70,70,70,70,70,70,70,70,70,70,70,70,70,70,70,70,70,70,66,66,66,66,66,66,66,66,66,66],"card_choices":[{"not_picked":["Bane","Deadly Poison"],"picked":"Backflip","floor":1},{"not_picked":["Catalyst","Deadly Poison"],"picked":"Dagger Throw","floor":3},{"not_picked":["Outmaneuver","Dagger Spray"],"picked":"Night Terror","floor":4},{"not_picked":["Caltrops","PiercingWail"],"picked":"Cloak And Dagger","floor":7},{"not_picked":["Slice","Blade Dance"],"picked":"Noxious Fumes","floor":8},{"not_picked":["Poisoned Stab","Dodge and Roll"],"picked":"Corpse Explosion","floor":10},{"not_picked":["Choke","Dagger Spray"],"picked":"Deflect","floor":11},{"not_picked":["All Out Attack","Dash"],"picked":"Footwork","floor":13},{"not_picked":["Dash","Slice"],"picked":"Well Laid Plans","floor":14},{"not_picked":["Phantasmal Killer","Die Die Die"],"picked":"Envenom","floor":16},{"not_picked":["All Out Attack+1","Bane"],"picked":"Deadly Poison","floor":18},{"not_picked":["Acrobatics","Outmaneuver"],"picked":"Backflip","floor":20},{"not_picked":["Dodge and Roll","Finisher"],"picked":"Dash","floor":22},{"not_picked":["Underhanded Strike+1","Terror"],"picked":"Blur+1","floor":24},{"not_picked":["Dagger Spray+1","Flying Knee+1"],"picked":"Escape Plan","floor":25},{"not_picked":["Choke","Flying Knee"],"picked":"Bane","floor":28},{"not_picked":["Predator","Eviscerate"],"picked":"Deadly Poison","floor":31},{"not_picked":["Night Terror","Tools of the Trade"],"picked":"Die Die Die","floor":33},{"not_picked":["Endless Agony","Masterful Stab"],"picked":"Deadly Poison+1","floor":35},{"not_picked":["Flechettes+1","Sucker Punch"],"picked":"Backflip+1","floor":36},{"not_picked":["Dagger Throw","Cloak And Dagger"],"picked":"PiercingWail+1","floor":38},{"not_picked":["Cloak And Dagger+1","Tactician+1"],"picked":"PiercingWail+1","floor":39},{"not_picked":["Flechettes","Underhanded Strike+1","PiercingWail+1"],"picked":"SKIP","floor":44},{"not_picked":["Sucker Punch+1","Outmaneuver","Flechettes"],"picked":"SKIP","floor":45},{"not_picked":["Calculated Gamble","Envenom"],"picked":"Dodge and Roll","floor":46},{"not_picked":["Flying Knee+1","Quick Slash"],"picked":"Crippling Poison+1","floor":48}],"player_experience":62450,"relics_obtained":[{"floor":8,"key":"Ice Cream"},{"floor":9,"key":"Calipers"},{"floor":11,"key":"Pen Nib"},{"floor":24,"key":"PreservedInsect"},{"floor":28,"key":"Omamori"},{"floor":46,"key":"MawBank"}],"event_choices":[{"damage_healed":0,"gold_gain":0,"player_choice":"Gave Potion","damage_taken":0,"relics_obtained":["Letter Opener"],"max_hp_gain":0,"max_hp_loss":0,"event_name":"WeMeetAgain","floor":5,"gold_loss":0},{"damage_healed":0,"gold_gain":0,"player_choice":"Trade","damage_taken":0,"relics_obtained":["NlothsMask"],"max_hp_gain":0,"max_hp_loss":0,"event_name":"FaceTrader","floor":12,"gold_loss":0},{"damage_healed":0,"gold_gain":0,"player_choice":"Simplicity","damage_taken":0,"max_hp_gain":0,"max_hp_loss":0,"event_name":"Back to Basics","floor":19,"gold_loss":0,"cards_upgraded":["Defend_G","Defend_G","Defend_G","Defend_G","Defend_G","Strike_G","Strike_G","Strike_G","Strike_G","Strike_G"]},{"damage_healed":0,"gold_gain":0,"player_choice":"Copied","damage_taken":0,"max_hp_gain":0,"max_hp_loss":0,"event_name":"Duplicator","floor":37,"gold_loss":0,"cards_obtained":["Footwork"]},{"damage_healed":0,"gold_gain":0,"player_choice":"Max HP","damage_taken":0,"max_hp_gain":0,"max_hp_loss":4,"event_name":"Winding Halls","floor":41,"gold_loss":0},{"damage_healed":0,"gold_gain":0,"player_choice":"1 cards matched","damage_taken":0,"max_hp_gain":0,"max_hp_loss":0,"event_name":"Match and Keep!","floor":47,"gold_loss":0,"cards_obtained":["Madness"]}],"is_beta":false,"boss_relics":[{"not_picked":["Sozu","Lizard Tail"],"picked":"Ectoplasm"},{"not_picked":["HoveringKite","Runic Pyramid"],"picked":"Fusion Hammer"}],"items_purged_floors":[2],"is_endless":false,"potions_floor_spawned":[1,3,4,8,14,18,25,31,33,35,39,44,46],"killed_by":"Awakened One","ascension_level":3}