{"gold_per_floor":[113,128,29,43,56,89,108,108,108,134,134,144,144,158,158,262,262,275,200,200,125,125,125,125],"floor_reached":24,"playtime":2121,"items_purged":["Strike_B"],"score":206,"play_id":"37143c4a-177e-47bd-8b16-5007788d02dc","local_time":"20181124142316","is_ascension_mode":false,"campfire_choices":[{"floor":8.0,"key":"REST"},{"floor":11.0,"key":"REST"},{"floor":13.0,"key":"REST"},{"floor":15.0,"key":"REST"},{"data":"Buffer","floor":23,"key":"SMITH"}],"neow_cost":"NONE","seed_source_timestamp":0,"circlet_count":0,"master_deck":["Strike_B","Strike_B","Strike_B","Defend_B","Defend_B","Defend_B","Zap","Dualcast","Streamline","Cold Snap","Ball Lightning","Barrage","Cold Snap","Ball Lightning","Conserve Battery","Redo","Compile Driver","Multi-Cast","Capacitor","Cold Snap","Self Repair","Ball Lightning","Conserve Battery","Seek","Steam","Capacitor","Buffer+1","Heatsinks","Storm","Capacitor","Fusion"],"special_seed":0,"relics":["Cracked Core","NeowsBlessing","Dream Catcher","Sundial","Juzu Bracelet","Orrery","Unceasing Top"],"potions_floor_usage":[24,24,24],"damage_taken":[{"damage":0.0,"enemies":"Cultist","floor":1.0,"turns":1.0},{"damage":0.0,"enemies":"Small Slimes","floor":2.0,"turns":1.0},{"damage":0.0,"enemies":"2 Louse","floor":4.0,"turns":1.0},{"damage":10.0,"enemies":"Exordium Wildlife","floor":5.0,"turns":5.0},{"damage":17.0,"enemies":"Lagavulin","floor":6.0,"turns":5.0},{"damage":7.0,"enemies":"Blue Slaver","floor":7.0,"turns":2.0},{"damage":19.0,"enemies":"Gremlin Nob","floor":10.0,"turns":4.0},{"damage":32.0,"enemies":"Gremlin Gang","floor":12.0,"turns":4.0},{"damage":1.0,"enemies":"Looter","floor":14.0,"turns":2.0},{"damage":29.0,"enemies":"Slime Boss","floor":16.0,"turns":10.0},{"damage":25,"enemies":"2 Thieves","floor":18,"turns":4},{"damage":56,"enemies":"Gremlin Leader","floor":24,"turns":7}],"seed_played":"80049154526328092","potions_obtained":[{"floor":1.0,"key":"AttackPotion"},{"floor":4.0,"key":"SkillPotion"},{"floor":10.0,"key":"Energy Potion"},{"floor":16.0,"key":"Fire Potion"}],"is_trial":false,"path_per_floor":["M","M","$","M","M","E","M","R","T","E","R","M","R","M","R","B",null,"M","?","?","$","?","R","E"],"character_chosen":"DEFECT","items_purchased":["Ball Lightning","Barrage"],"campfire_rested":4,"item_purchase_floors":[3,3],"current_hp_per_floor":[75,75,75,75,65,48,41,63,63,44,66,34,56,55,75,53,75,50,50,50,50,50,50,0],"gold":125,"neow_bonus":"THREE_ENEMY_KILL","is_prod":false,"is_daily":false,"chose_seed":false,"campfire_upgraded":1,"win_rate":0.0,"timestamp":1543083796,"path_taken":["M","M","$","M","?","E","M","R","T","E","R","M","R","M","R","BOSS","M","?","?","$","?","R","E"],"build_version":"2018-11-15","purchased_purges":1,"victory":false,"max_hp_per_floor":[75,75,75,75,75,75,75,75,75,75,75,75,75,75,75,75,75,75,75,75,75,75,75,75],"card_choices":[{"not_picked":["Heatsinks","Rip and Tear"],"picked":"Streamline","floor":1.0},{"not_picked":["Hologram","Leap"],"picked":"Cold Snap","floor":2.0},{"not_picked":["Steam","Heatsinks"],"picked":"Cold Snap","floor":4.0},{"not_picked":["Genetic Algorithm","Leap"],"picked":"Ball Lightning","floor":5.0},{"not_picked":["Amplify","Beam Cell"],"picked":"Conserve Battery","floor":6.0},{"not_picked":["Go for the Eyes","Double Energy"],"picked":"Redo","floor":7.0},{"not_picked":["Coolheaded","Streamline"],"picked":"Compile Driver","floor":8.0},{"not_picked":["Sweeping Beam","Thunder Strike"],"picked":"Multi-Cast","floor":10.0},{"not_picked":["Barrage","Go for the Eyes"],"picked":"Capacitor","floor":11.0},{"not_picked":["Leap","Compile Driver"],"picked":"Cold Snap","floor":12.0},{"not_picked":["Stack","Auto Shields"],"picked":"Self Repair","floor":13.0},{"not_picked":["Gash","Chaos"],"picked":"Ball Lightning","floor":14.0},{"not_picked":["Beam Cell","Redo"],"picked":"Conserve Battery","floor":15.0},{"not_picked":["Amplify","Reboot"],"picked":"Seek","floor":16.0},{"not_picked":["Beam Cell","White Noise"],"picked":"Steam","floor":17},{"not_picked":["Leap","Scrape"],"picked":"Capacitor","floor":17},{"not_picked":["Lockon","Gash"],"picked":"Buffer","floor":17},{"not_picked":["Redo","Chaos"],"picked":"Heatsinks","floor":17},{"not_picked":["Gash","Chaos"],"picked":"Storm","floor":17},{"not_picked":["Streamline+1","Hologram"],"picked":"Capacitor","floor":18}],"player_experience":20421,"relics_obtained":[{"floor":6.0,"key":"Dream Catcher"},{"floor":9.0,"key":"Sundial"},{"floor":10.0,"key":"Juzu Bracelet"}],"event_choices":[{"cards_removed":["Defend_B"],"damage_healed":0,"gold_gain":0,"player_choice":"Gave Gold","damage_taken":0,"max_hp_gain":0,"max_hp_loss":0,"event_name":"Beggar","floor":19,"gold_loss":75},{"damage_healed":0,"gold_gain":0,"player_choice":"Opened","damage_taken":0,"relics_obtained":["Unceasing Top"],"max_hp_gain":0,"max_hp_loss":0,"event_name":"The Mausoleum","floor":20,"gold_loss":0},{"damage_healed":0,"gold_gain":0,"player_choice":"Read","damage_taken":0,"max_hp_gain":0,"max_hp_loss":0,"event_name":"The Library","floor":22,"gold_loss":0,"cards_obtained":["Fusion"]}],"is_beta":false,"boss_relics":[{"not_picked":["Tiny House","White Beast Statue"],"picked":"Orrery"}],"items_purged_floors":[21],"is_endless":false,"potions_floor_spawned":[1,4,10,12,16],"killed_by":"Gremlin Leader","ascension_level":0}