{"path_per_floor":["M","M","?","$","M","E","M","R","T","$","?","E","R","E","R","B",null,"M","M","M"],"character_chosen":"DEFECT","items_purchased":[],"gold_per_floor":[111,123,123,48,67,94,113,113,187,87,87,112,112,138,138,233,233,252,267,287,287],"floor_reached":21,"campfire_rested":3,"playtime":1692,"current_hp_per_floor":[69,68,61,61,52,42,24,46,46,46,39,14,36,10,32,11,75,51,51,10,0],"items_purged":["Strike_B","Strike_B"],"gold":287,"score":239,"play_id":"8425e9a9-1912-4410-86e6-da4c8f549679","local_time":"20180510235607","is_prod":false,"is_daily":false,"chose_seed":false,"is_ascension_mode":true,"campfire_upgraded":0,"timestamp":1526018167,"path_taken":["M","M","?","$","M","E","M","R","T","$","?","E","R","E","R","BOSS","M","M","M","M"],"build_version":"2018-05-10","seed_source_timestamp":96645949566296,"purchased_purges":2,"victory":false,"master_deck":["Defend_B","Defend_B","Zap","Dualcast","Consume","Defragment","Buffer","Gash","Aggregate","Loop","Chill","Cold Snap+1","Leap+1","Fission+1","Go for the Eyes","Blizzard"],"max_hp_per_floor":[75,75,75,75,75,75,75,75,75,75,75,75,75,75,75,75,75,75,75,75,75],"relics":["Cracked Core","Unceasing Top","Question Card","Bag of Marbles","DataDisk","Astrolabe"],"card_choices":[{"not_picked":["Streamline","Steam"],"picked":"Consume","floor":0},{"not_picked":["Force Field","Ball Lightning"],"picked":"Defragment","floor":2},{"not_picked":["Axe Kick","Hologram"],"picked":"Buffer","floor":5},{"not_picked":["Consume","Go for the Eyes"],"picked":"Gash","floor":6},{"not_picked":["Hello World","Axe Kick"],"picked":"Aggregate","floor":7},{"not_picked":["Leap","Axe Kick","Genetic Algorithm"],"picked":"Loop","floor":12},{"not_picked":["Turbo","Steam","Tempest"],"picked":"Chill","floor":14},{"not_picked":["Static Discharge","Cold Snap","Axe Kick"],"picked":"Go for the Eyes","floor":18},{"not_picked":["Capacitor","Ball Lightning","Chill"],"picked":"Blizzard","floor":20}],"player_experience":88076,"potions_floor_usage":[7,16,20,21],"damage_taken":[{"damage":6,"enemies":"2 Louse","floor":1,"turns":2},{"damage":1,"enemies":"Cultist","floor":2,"turns":3},{"damage":9,"enemies":"Jaw Worm","floor":5,"turns":3},{"damage":10,"enemies":"Lagavulin","floor":6,"turns":7},{"damage":18,"enemies":"Exordium Wildlife","floor":7,"turns":6},{"damage":25,"enemies":"3 Sentries","floor":12,"turns":8},{"damage":26,"enemies":"Gremlin Nob","floor":14,"turns":5},{"damage":21,"enemies":"Hexaghost","floor":16,"turns":9},{"damage":24,"enemies":"Chosen","floor":18,"turns":9},{"damage":0,"enemies":"Shell Parasite","floor":19,"turns":8},{"damage":41,"enemies":"Chosen and Byrds","floor":20,"turns":12},{"damage":15,"enemies":"Snake Plant","floor":21,"turns":2}],"event_choices":[{"event_name":"Golden Wing","player_choice":"Card Removal","floor":3,"damage_taken":0},{"event_name":"Wheel of Change","player_choice":"Damage","floor":11,"damage_taken":0}],"boss_relics":[{"not_picked":["Tiny House","Velvet Choker"],"picked":"Astrolabe"}],"potions_floor_spawned":[2,6,12,18,20],"seed_played":"5294303443185879347","killed_by":"Snake Plant","ascension_level":4,"is_trial":false}