{"gold_per_floor":[113,163,177,29,29,29,62,78,103,135,145,170,183,198,198,271,271,283,198,210,210,72,72,107,107,107,107,157,157,171,46,46,120,120,133,233,233,28,43,43,75,75,75,75,75,104,117,130,130,130],"floor_reached":50,"playtime":3601,"items_purged":["Strike_G","Strike_G","Strike_G"],"score":982,"play_id":"8bc33740-37b2-4577-ba2a-588009c82d67","local_time":"20190216115803","is_ascension_mode":true,"campfire_choices":[{"data":"Noxious Fumes","floor":6,"key":"SMITH"},{"data":"Noxious Fumes","floor":15,"key":"SMITH"},{"data":"Adrenaline","floor":23,"key":"SMITH"},{"floor":25,"key":"REST"},{"floor":27,"key":"REST"},{"data":"Burst","floor":29,"key":"SMITH"},{"floor":32,"key":"REST"},{"floor":40,"key":"REST"},{"floor":42,"key":"REST"},{"data":"Blur","floor":45,"key":"SMITH"},{"floor":49,"key":"REST"}],"neow_cost":"NONE","seed_source_timestamp":68103411250946,"circlet_count":0,"master_deck":["AscendersBane","Defend_G","Defend_G","Defend_G","Defend_G","Defend_G","Survivor","Neutralize","Noxious Fumes+1","Predator","Noxious Fumes+1","Adrenaline+1","Bane","Flying Knee","Bouncing Flask","Cloak And Dagger","Doppelganger","Dagger Spray","Burst+1","Terror+1","Noxious Fumes","Blur+1","Venomology","Shame","Poisoned Stab","Backflip+1","Distraction+1","Distraction+1"],"relics":["Ring of the Serpent","NeowsBlessing","Blood Vial","Omamori","Happy Flower","Bag of Marbles","Boot","WingedGreaves","Sundial","Calling Bell","Centennial Puzzle","Paper Crane","The Specimen","Turnip","Singing Bowl","Toy Ornithopter","Toxic Egg 2","Ancient Tea Set","Molten Egg 2"],"potions_floor_usage":[12,20,24,33,36,39,39,41,41,41,46,46,47,48,48,50],"damage_taken":[{"damage":0,"enemies":"Jaw Worm","floor":1,"turns":1},{"damage":0,"enemies":"Cultist","floor":3,"turns":1},{"damage":0,"enemies":"3 Sentries","floor":7,"turns":2},{"damage":0,"enemies":"Small Slimes","floor":8,"turns":3},{"damage":7,"enemies":"Lagavulin","floor":10,"turns":7},{"damage":3,"enemies":"Blue Slaver","floor":11,"turns":4},{"damage":10,"enemies":"3 Sentries","floor":12,"turns":5},{"damage":2,"enemies":"Looter","floor":13,"turns":2},{"damage":0,"enemies":"Exordium Thugs","floor":14,"turns":4},{"damage":17,"enemies":"Slime Boss","floor":16,"turns":7},{"damage":4,"enemies":"3 Byrds","floor":18,"turns":5},{"damage":21,"enemies":"2 Thieves","floor":20,"turns":4},{"damage":40,"enemies":"Slavers","floor":24,"turns":5},{"damage":16,"enemies":"Snecko","floor":30,"turns":5},{"damage":49,"enemies":"Champ","floor":33,"turns":11},{"damage":24,"enemies":"3 Darklings","floor":35,"turns":5},{"damage":1,"enemies":"Mind Bloom Boss Battle","floor":36,"turns":6},{"damage":20,"enemies":"3 Shapes","floor":39,"turns":5},{"damage":53,"enemies":"Reptomancer","floor":41,"turns":5},{"damage":46,"enemies":"Giant Head","floor":46,"turns":8},{"damage":5,"enemies":"Maw","floor":47,"turns":7},{"damage":4,"enemies":"4 Shapes","floor":48,"turns":5},{"damage":59,"enemies":"Donu and Deca","floor":50,"turns":4}],"seed_played":"-5713333583499273847","potions_obtained":[{"floor":1,"key":"EssenceOfSteel"},{"floor":10,"key":"SkillPotion"},{"floor":16,"key":"Regen Potion"},{"floor":30,"key":"PowerPotion"},{"floor":35,"key":"FearPotion"},{"floor":41,"key":"Energy Potion"},{"floor":46,"key":"Poison Potion"},{"floor":47,"key":"SkillPotion"}],"is_trial":false,"path_per_floor":["M","?","M","$","?","R","E","M","T","E","M","E","M","M","R","B",null,"M","?","M","?","$","R","E","R","T","R","?","R","M","$","R","B",null,"M","?","T","$","M","R","E","R","T","?","R","E","M","M","R","B"],"character_chosen":"THE_SILENT","items_purchased":["Noxious Fumes","Noxious Fumes","Toy Ornithopter"],"campfire_rested":6,"item_purchase_floors":[4,22,38],"current_hp_per_floor":[59,53,53,53,53,53,53,55,55,50,49,41,41,43,43,28,57,55,55,48,48,48,48,10,29,29,48,48,48,34,34,53,6,51,29,30,30,30,24,44,8,28,28,56,56,13,15,23,40,0],"gold":130,"neow_bonus":"THREE_ENEMY_KILL","is_prod":false,"is_daily":false,"chose_seed":false,"campfire_upgraded":5,"win_rate":0,"timestamp":1550343483,"path_taken":["M","?","?","$","?","R","E","M","T","E","M","E","M","M","R","BOSS","M","?","M","?","$","R","E","R","T","R","?","R","M","$","R","BOSS","M","?","?","$","M","R","E","R","T","?","R","E","M","M","R","BOSS"],"build_version":"2019-01-23","purchased_purges":3,"victory":false,"max_hp_per_floor":[66,66,66,66,66,66,66,66,66,66,66,66,66,66,66,66,66,66,66,66,66,66,66,66,66,66,66,66,66,66,66,66,66,66,66,66,66,66,68,68,68,68,68,56,56,58,58,58,58,58],"card_choices":[{"not_picked":["Well Laid Plans","Slice"],"picked":"Noxious Fumes","floor":1},{"not_picked":["Dagger Throw","Underhanded Strike"],"picked":"Predator","floor":3},{"not_picked":["A Thousand Cuts","Tools of the Trade"],"picked":"Adrenaline","floor":7},{"not_picked":["Prepared","Cloak And Dagger"],"picked":"Bane","floor":8},{"not_picked":["Underhanded Strike","Deflect"],"picked":"Flying Knee","floor":10},{"not_picked":["Deflect","Deadly Poison"],"picked":"Bouncing Flask","floor":11},{"not_picked":["Prepared","Expertise"],"picked":"Cloak And Dagger","floor":12},{"not_picked":["PiercingWail","Doppelganger","Blade Dance"],"picked":"SKIP","floor":13},{"not_picked":["PiercingWail","Doppelganger","Blade Dance"],"picked":"SKIP","floor":13},{"not_picked":["PiercingWail","Blade Dance"],"picked":"Doppelganger","floor":13},{"not_picked":["Deflect","Blade Dance"],"picked":"Dagger Spray","floor":14},{"not_picked":["Grand Finale","Storm of Steel"],"picked":"Burst","floor":16},{"not_picked":["Cloak And Dagger+1","PiercingWail"],"picked":"Terror+1","floor":18},{"not_picked":["Masterful Stab","Bane","Quick Slash"],"picked":"SKIP","floor":20},{"not_picked":["Calculated Gamble","Choke"],"picked":"Blur","floor":24},{"not_picked":["Outmaneuver","Bouncing Flask","Dagger Spray"],"picked":"SKIP","floor":30},{"not_picked":["Grand Finale","Wraith Form v2"],"picked":"Venomology","floor":33},{"not_picked":["Prepared+1","Underhanded Strike"],"picked":"Poisoned Stab","floor":35},{"not_picked":["Backflip","Deadly Poison+1","Blade Dance"],"picked":"Singing Bowl","floor":39},{"not_picked":["Blade Dance","Calculated Gamble"],"picked":"Backflip+1","floor":41},{"not_picked":["Heel Hook","Endless Agony","Phantasmal Killer+1"],"picked":"Singing Bowl","floor":46},{"not_picked":["Quick Slash+1","Cloak And Dagger+1"],"picked":"Distraction+1","floor":47},{"not_picked":["Heel Hook+1","Flying Knee+1"],"picked":"Distraction+1","floor":48}],"player_experience":1105325,"relics_obtained":[{"floor":7,"key":"Blood Vial"},{"floor":9,"key":"Omamori"},{"floor":10,"key":"Happy Flower"},{"floor":12,"key":"Bag of Marbles"},{"floor":24,"key":"WingedGreaves"},{"floor":26,"key":"Sundial"},{"floor":34,"key":"Centennial Puzzle"},{"floor":34,"key":"Paper Crane"},{"floor":34,"key":"The Specimen"},{"floor":36,"key":"Turnip"},{"floor":37,"key":"Singing Bowl"},{"floor":41,"key":"Toxic Egg 2"},{"floor":43,"key":"Ancient Tea Set"},{"floor":46,"key":"Molten Egg 2"}],"event_choices":[{"damage_healed":0,"gold_gain":50,"player_choice":"Touch","damage_taken":6,"max_hp_gain":0,"max_hp_loss":0,"event_name":"FaceTrader","floor":2,"gold_loss":0},{"cards_removed":["Strike_G"],"damage_healed":0,"gold_gain":0,"player_choice":"Forget","damage_taken":0,"max_hp_gain":0,"max_hp_loss":0,"event_name":"Living Wall","floor":5,"gold_loss":0},{"damage_healed":0,"gold_gain":0,"player_choice":"Obtained Relic","damage_taken":0,"relics_obtained":["Boot"],"max_hp_gain":0,"max_hp_loss":0,"event_name":"Addict","floor":19,"gold_loss":85},{"cards_removed":["Strike_G"],"damage_healed":0,"gold_gain":0,"player_choice":"Elegance","damage_taken":0,"max_hp_gain":0,"max_hp_loss":0,"event_name":"Back to Basics","floor":21,"gold_loss":0},{"damage_healed":0,"gold_gain":50,"player_choice":"Stole From Cult","damage_taken":0,"max_hp_gain":0,"max_hp_loss":0,"event_name":"Nest","floor":28,"gold_loss":0},{"damage_healed":0,"gold_gain":0,"player_choice":"Fight","damage_taken":0,"max_hp_gain":0,"max_hp_loss":0,"event_name":"MindBloom","floor":36,"gold_loss":0},{"damage_healed":56,"gold_gain":0,"player_choice":"Heal","damage_taken":0,"max_hp_gain":0,"max_hp_loss":12,"event_name":"The Moai Head","floor":44,"gold_loss":0}],"is_beta":false,"boss_relics":[{"not_picked":["Runic Pyramid","Runic Dome"],"picked":"Ring of the Serpent"},{"not_picked":["Sozu","Coffee Dripper"],"picked":"Calling Bell"}],"items_purged_floors":[4,22,31],"is_endless":false,"potions_floor_spawned":[1,10,16,30,35,41,46,47],"killed_by":"Donu and Deca","ascension_level":15}