{"gold_per_floor":[119,149,164,89,89,123,23,39,64,82,116,116,116,126,126,222,222,239,239,250,100,112,112,112],"floor_reached":24,"playtime":1289,"items_purged":["Defend_B","Defend_B","Zap"],"score":256,"play_id":"e66618d9-c392-4461-83e1-31c578c752cf","local_time":"20181218190737","is_ascension_mode":false,"campfire_choices":[{"floor":13,"key":"REST"},{"data":"Barrage","floor":15,"key":"SMITH"},{"floor":23,"key":"REST"}],"neow_cost":"NONE","seed_source_timestamp":523857861866263,"circlet_count":0,"master_deck":["Strike_B","Strike_B","Strike_B","Defend_B+1","Dualcast","Barrage+1","Cold Snap","Coolheaded+1","Barrage","White Noise","Consume","Seek","Barrage","Hologram","Barrage+1"],"relics":["Cracked Core","NeowsBlessing","Tiny Chest","Mercury Hourglass","Bag of Preparation","War Paint","Inserter","Shuriken"],"potions_floor_usage":[14,16,22],"damage_taken":[{"damage":0,"enemies":"Small Slimes","floor":1,"turns":1},{"damage":0,"enemies":"Cultist","floor":3,"turns":1},{"damage":0,"enemies":"Gremlin Nob","floor":6,"turns":1},{"damage":0,"enemies":"2 Louse","floor":8,"turns":2},{"damage":10,"enemies":"Blue Slaver","floor":10,"turns":2},{"damage":14,"enemies":"3 Sentries","floor":11,"turns":6},{"damage":3,"enemies":"Large Slime","floor":14,"turns":4},{"damage":5,"enemies":"Slime Boss","floor":16,"turns":11},{"damage":30,"enemies":"2 Thieves","floor":18,"turns":3},{"damage":21,"enemies":"3 Byrds","floor":20,"turns":4},{"damage":18,"enemies":"Sentry and Sphere","floor":22,"turns":4},{"damage":36,"enemies":"Gremlin Leader","floor":24,"turns":2}],"seed_played":"4691758480317427252","potions_obtained":[{"floor":1,"key":"Energy Potion"},{"floor":6,"key":"Ancient Potion"},{"floor":11,"key":"Poison Potion"},{"floor":18,"key":"Dexterity Potion"},{"floor":20,"key":"SteroidPotion"}],"is_trial":false,"path_per_floor":["M","?","M","$","?","E","$","M","T","M","E","?","R","M","R","B",null,"M","T","M","$","M","R","E"],"character_chosen":"DEFECT","items_purchased":["Hologram"],"campfire_rested":2,"item_purchase_floors":[21],"current_hp_per_floor":[75,72,72,72,72,72,72,72,72,62,48,48,70,67,67,62,75,45,45,24,24,6,28,0],"gold":112,"neow_bonus":"THREE_ENEMY_KILL","is_prod":false,"is_daily":false,"chose_seed":false,"campfire_upgraded":1,"win_rate":0,"timestamp":1545174457,"path_taken":["M","?","M","$","?","E","$","M","T","M","E","?","R","M","R","BOSS","M","?","M","$","M","R","E"],"build_version":"2018-12-13","purchased_purges":3,"victory":false,"max_hp_per_floor":[75,75,75,75,75,75,75,75,75,75,75,75,75,75,75,75,75,75,75,75,75,75,75,75],"card_choices":[{"not_picked":["Genetic Algorithm","Tempest","Recycle"],"picked":"SKIP","floor":1},{"not_picked":["Ball Lightning","Storm"],"picked":"Barrage","floor":3},{"not_picked":["Redo","Stack"],"picked":"Cold Snap","floor":6},{"not_picked":["Reboot","Gash"],"picked":"Coolheaded","floor":8},{"not_picked":["Ball Lightning","Sweeping Beam"],"picked":"Barrage","floor":10},{"not_picked":["Steam","FTL"],"picked":"White Noise","floor":11},{"not_picked":["Gash","Compile Driver"],"picked":"Consume","floor":14},{"not_picked":["Reboot","Electrodynamics"],"picked":"Seek","floor":16},{"not_picked":["Go for the Eyes+1","Steam Power","Beam Cell"],"picked":"SKIP","floor":18},{"not_picked":["Skim","Rebound"],"picked":"Barrage","floor":20},{"not_picked":["Hologram","Skim"],"picked":"Barrage+1","floor":22}],"player_experience":129399,"relics_obtained":[{"floor":6,"key":"Mercury Hourglass"},{"floor":9,"key":"Bag of Preparation"},{"floor":11,"key":"War Paint"},{"floor":19,"key":"Shuriken"}],"event_choices":[{"damage_healed":0,"gold_gain":0,"player_choice":"Success","damage_taken":3,"relics_obtained":["Tiny Chest"],"max_hp_gain":0,"max_hp_loss":0,"event_name":"Scrap Ooze","floor":2,"gold_loss":0},{"cards_removed":["Strike_B"],"damage_healed":0,"gold_gain":0,"player_choice":"Forget","damage_taken":0,"max_hp_gain":0,"max_hp_loss":0,"event_name":"Living Wall","floor":5,"gold_loss":0},{"cards_removed":["Defend_B"],"damage_healed":0,"gold_gain":0,"player_choice":"Purged","damage_taken":0,"max_hp_gain":0,"max_hp_loss":0,"event_name":"Purifier","floor":12,"gold_loss":0}],"is_beta":false,"boss_relics":[{"not_picked":["Lizard Tail","Orrery"],"picked":"Inserter"}],"items_purged_floors":[4,7,21],"is_endless":false,"potions_floor_spawned":[1,6,11,18,20],"killed_by":"Gremlin Leader","ascension_level":0}