{"gold_per_floor":[114,134,134,54,68,68,103,103,103,117,117,135,210,235,235,311,311,331,347,272,283,14,14,31,60,60,88,102,102,119,146,146,146],"floor_reached":33,"playtime":2502,"items_purged":["Strike_R"],"score":634,"play_id":"8974786d-3927-489b-93e5-ac39c5fac527","local_time":"20190312223212","is_ascension_mode":true,"campfire_choices":[{"data":"Hemokinesis","floor":6,"key":"SMITH"},{"data":"Flame Barrier","floor":8,"key":"SMITH"},{"data":"Body Slam","floor":11,"key":"SMITH"},{"data":"True Grit","floor":15,"key":"SMITH"},{"data":"Armaments","floor":23,"key":"SMITH"},{"floor":29,"key":"REST"},{"floor":32,"key":"REST"}],"neow_cost":"NONE","seed_source_timestamp":509763401860263,"circlet_count":0,"master_deck":["AscendersBane","Strike_R","Strike_R","Defend_R","Defend_R","Defend_R","Defend_R","Bash","Flex","Body Slam+1","Hemokinesis+1","Feel No Pain","Disarm","Flame Barrier+1","Evolve","True Grit+1","Uppercut","Immolate","Seeing Red","True Grit","Armaments+1","Thunderclap","Reaper","Parasite","Cleave","Power Through","Spot Weakness","Iron Wave+1"],"relics":["Burning Blood","Potion Belt","Mango","Meat on the Bone","Boot","Cursed Key","Bronze Scales","Red Skull","Juzu Bracelet","Pen Nib"],"potions_floor_usage":[14,16,25,25,27,28,33],"damage_taken":[{"damage":5,"enemies":"Small Slimes","floor":1,"turns":3},{"damage":1,"enemies":"Cultist","floor":2,"turns":3},{"damage":11,"enemies":"Jaw Worm","floor":5,"turns":4},{"damage":34,"enemies":"3 Sentries","floor":7,"turns":13},{"damage":15,"enemies":"Blue Slaver","floor":10,"turns":3},{"damage":13,"enemies":"3 Louse","floor":12,"turns":4},{"damage":40,"enemies":"Lagavulin","floor":14,"turns":7},{"damage":46,"enemies":"The Guardian","floor":16,"turns":10},{"damage":14,"enemies":"Chosen","floor":18,"turns":4},{"damage":14,"enemies":"2 Thieves","floor":19,"turns":3},{"damage":14,"enemies":"Snake Plant","floor":21,"turns":4},{"damage":19,"enemies":"Centurion and Healer","floor":24,"turns":8},{"damage":17,"enemies":"Book of Stabbing","floor":25,"turns":5},{"damage":64,"enemies":"Slavers","floor":27,"turns":5},{"damage":10,"enemies":"3 Cultists","floor":28,"turns":4},{"damage":28,"enemies":"Shelled Parasite and Fungi","floor":30,"turns":7},{"damage":53,"enemies":"Gremlin Leader","floor":31,"turns":7},{"damage":88,"enemies":"Collector","floor":33,"turns":6}],"seed_played":"-641015049950180854","potions_obtained":[{"floor":1,"key":"SpeedPotion"},{"floor":2,"key":"FairyPotion"},{"floor":12,"key":"Regen Potion"},{"floor":18,"key":"Fire Potion"},{"floor":24,"key":"Ancient Potion"},{"floor":25,"key":"PowerPotion"},{"floor":27,"key":"Energy Potion"},{"floor":31,"key":"Poison Potion"}],"is_trial":false,"path_per_floor":["M","M","?","$","M","R","E","R","T","M","R","M","?","E","R","B",null,"M","M","?","M","$","R","M","E","T","E","M","R","M","E","R","B"],"character_chosen":"IRONCLAD","items_purchased":["Feel No Pain","Bronze Scales","Armaments"],"campfire_rested":2,"item_purchase_floors":[4,22,22],"current_hp_per_floor":[69,74,74,74,69,69,55,55,55,58,58,51,40,33,33,20,72,64,56,56,60,60,60,59,60,60,29,51,77,61,26,52,0],"gold":146,"neow_bonus":"RANDOM_COMMON_RELIC","is_prod":false,"is_daily":false,"chose_seed":false,"campfire_upgraded":5,"win_rate":0,"timestamp":1552451532,"path_taken":["M","M","?","?","M","R","E","R","T","M","R","M","?","E","R","BOSS","M","M","?","M","$","R","M","E","T","E","M","R","M","E","R","BOSS"],"build_version":"2019-01-23","purchased_purges":1,"victory":false,"max_hp_per_floor":[75,75,75,75,75,75,89,89,89,89,89,89,89,89,89,89,89,89,89,89,89,89,89,89,89,89,89,89,89,89,89,89,89],"card_choices":[{"not_picked":["Wild Strike","Sever Soul"],"picked":"Flex","floor":1},{"not_picked":["Sentinel","Bloodletting"],"picked":"Body Slam","floor":2},{"not_picked":["Headbutt","Twin Strike"],"picked":"Disarm","floor":5},{"not_picked":["Dropkick","Pommel Strike"],"picked":"Flame Barrier","floor":7},{"not_picked":["Rupture","Shrug It Off"],"picked":"Evolve","floor":10},{"not_picked":["Perfected Strike","Headbutt"],"picked":"True Grit","floor":12},{"not_picked":["Thunderclap","Perfected Strike"],"picked":"Uppercut","floor":14},{"not_picked":["Brutality","Reaper"],"picked":"Immolate","floor":16},{"not_picked":["Clash","Sword Boomerang"],"picked":"Seeing Red","floor":18},{"not_picked":["Wild Strike","Combust"],"picked":"True Grit","floor":19},{"not_picked":["Fire Breathing","Warcry","Uppercut"],"picked":"SKIP","floor":21},{"not_picked":["True Grit","Berserk"],"picked":"Thunderclap","floor":24},{"not_picked":["Clash","Whirlwind"],"picked":"Reaper","floor":25},{"not_picked":["Corruption","Dual Wield"],"picked":"Cleave","floor":27},{"not_picked":["Flex+1","Sentinel"],"picked":"Power Through","floor":28},{"not_picked":["Anger","Pummel"],"picked":"Spot Weakness","floor":30},{"not_picked":["Seeing Red","Sword Boomerang"],"picked":"Iron Wave+1","floor":31}],"player_experience":1411585,"relics_obtained":[{"floor":7,"key":"Mango"},{"floor":9,"key":"Meat on the Bone"},{"floor":14,"key":"Boot"},{"floor":25,"key":"Red Skull"},{"floor":27,"key":"Juzu Bracelet"},{"floor":31,"key":"Pen Nib"}],"event_choices":[{"damage_healed":0,"gold_gain":0,"cards_transformed":["Strike_R"],"player_choice":"Transformed","damage_taken":0,"max_hp_gain":0,"max_hp_loss":0,"event_name":"Transmorgrifier","floor":3,"gold_loss":0,"cards_obtained":["Hemokinesis"]},{"damage_healed":0,"gold_gain":75,"player_choice":"Gather Gold","damage_taken":11,"max_hp_gain":0,"max_hp_loss":0,"event_name":"World of Goop","floor":13,"gold_loss":0},{"cards_removed":["Strike_R"],"damage_healed":0,"gold_gain":0,"player_choice":"Gave Gold","damage_taken":0,"max_hp_gain":0,"max_hp_loss":0,"event_name":"Beggar","floor":20,"gold_loss":75}],"is_beta":false,"boss_relics":[{"not_picked":["Velvet Choker","Black Blood"],"picked":"Cursed Key"}],"items_purged_floors":[22],"is_endless":false,"potions_floor_spawned":[1,2,12,18,24,25,27,31],"killed_by":"Collector","ascension_level":20}