{"gold_per_floor":[118,131,56,71,71,71,86,105,105,105,5,30,30,45,45,135,135,159,174,174],"floor_reached":20,"playtime":884,"items_purged":["Strike_R","Injury"],"score":328,"play_id":"65c3c262-f2b9-47e9-b963-0180980d9f70","local_time":"20190222201417","is_ascension_mode":true,"campfire_choices":[{"data":"Wild Strike","floor":6,"key":"SMITH"},{"data":"Shrug It Off","floor":10,"key":"SMITH"},{"data":"Iron Wave","floor":13,"key":"SMITH"},{"data":"Cleave","floor":15,"key":"SMITH"}],"neow_cost":"NONE","seed_source_timestamp":5836190922219,"circlet_count":0,"master_deck":["AscendersBane","Strike_R","Strike_R","Strike_R","Defend_R","Defend_R","Defend_R","Defend_R","Bash","Iron Wave+1","Wild Strike+1","Anger","Shrug It Off+1","Iron Wave","Reaper","Cleave+1","Fiend Fire","Parasite","Shame","Normality","Metallicize","Shrug It Off"],"relics":["Burning Blood","Golden Idol","Bag of Preparation","Calling Bell","Blood Vial","Blue Candle","Shovel"],"potions_floor_usage":[16,16,20],"damage_taken":[{"damage":16,"enemies":"Small Slimes","floor":1,"turns":5},{"damage":0,"enemies":"2 Louse","floor":2,"turns":3},{"damage":0,"enemies":"Cultist","floor":4,"turns":2},{"damage":6,"enemies":"2 Fungi Beasts","floor":7,"turns":4},{"damage":9,"enemies":"Looter","floor":8,"turns":3},{"damage":16,"enemies":"Blue Slaver","floor":12,"turns":3},{"damage":1,"enemies":"Exordium Wildlife","floor":14,"turns":3},{"damage":31,"enemies":"Slime Boss","floor":16,"turns":9},{"damage":43,"enemies":"Chosen","floor":18,"turns":8},{"damage":34,"enemies":"Shell Parasite","floor":19,"turns":7},{"damage":20,"enemies":"Shelled Parasite and Fungi","floor":20,"turns":2}],"seed_played":"3898977123266615757","potions_obtained":[{"floor":2,"key":"Strength Potion"},{"floor":4,"key":"Strength Potion"},{"floor":19,"key":"SpeedPotion"}],"is_trial":false,"path_per_floor":["M","M","$","M","?","R","M","M","T","R","$","M","R","M","R","B",null,"M","M","M"],"character_chosen":"IRONCLAD","items_purchased":[],"campfire_rested":0,"item_purchase_floors":[],"current_hp_per_floor":[58,64,64,70,70,70,70,67,67,67,67,57,57,66,66,59,71,38,16,0],"gold":174,"neow_bonus":"REMOVE_CARD","is_prod":false,"is_daily":false,"chose_seed":false,"campfire_upgraded":4,"win_rate":0,"timestamp":1550891657,"path_taken":["M","M","$","M","?","R","M","M","T","R","$","M","R","M","R","BOSS","M","M","M"],"build_version":"2019-01-23","purchased_purges":2,"victory":false,"max_hp_per_floor":[75,75,75,75,75,75,75,75,75,75,75,75,75,75,75,75,75,75,75,75],"card_choices":[{"not_picked":["Whirlwind","Cleave"],"picked":"Iron Wave","floor":1},{"not_picked":["Hemokinesis","Twin Strike"],"picked":"Wild Strike","floor":2},{"not_picked":["Cleave","Warcry"],"picked":"Anger","floor":4},{"not_picked":["Flex","Cleave"],"picked":"Shrug It Off","floor":7},{"not_picked":["Sword Boomerang","Heavy Blade"],"picked":"Iron Wave","floor":8},{"not_picked":["True Grit","Seeing Red"],"picked":"Reaper","floor":12},{"not_picked":["True Grit","Wild Strike"],"picked":"Cleave","floor":14},{"not_picked":["Brutality","Exhume"],"picked":"Fiend Fire","floor":16},{"not_picked":["Warcry","Armaments"],"picked":"Metallicize","floor":18},{"not_picked":["Headbutt","Fire Breathing+1"],"picked":"Shrug It Off","floor":19}],"player_experience":1213019,"relics_obtained":[{"floor":9,"key":"Bag of Preparation"},{"floor":17,"key":"Blood Vial"},{"floor":17,"key":"Blue Candle"},{"floor":17,"key":"Shovel"}],"event_choices":[{"damage_healed":0,"gold_gain":0,"player_choice":"Take Wound","damage_taken":0,"relics_obtained":["Golden Idol"],"max_hp_gain":0,"max_hp_loss":0,"event_name":"Golden Idol","floor":5,"gold_loss":0,"cards_obtained":["Injury"]}],"is_beta":false,"boss_relics":[{"not_picked":["Pandora\u0027s Box","Astrolabe"],"picked":"Calling Bell"}],"items_purged_floors":[3,11],"is_endless":false,"potions_floor_spawned":[2,4,19],"killed_by":"Shelled Parasite and Fungi","ascension_level":19}