{"gold_per_floor":[111,111,111,128,142,142,59,59,141,153,78,90,104,133,133,210,210,227,238,249,7,7],"floor_reached":22,"playtime":1384,"items_purged":["Strike_G"],"score":338,"play_id":"fc17cf50-0d01-4e10-94b7-7e22e89485a5","local_time":"20190216220655","is_ascension_mode":true,"campfire_choices":[{"floor":6,"key":"RECALL"},{"floor":8,"key":"REST"},{"floor":15,"key":"REST"}],"neow_cost":"NONE","seed_source_timestamp":106855978859574,"circlet_count":0,"master_deck":["AscendersBane","Survivor","Neutralize","Blur","Backstab","Poisoned Stab","Noxious Fumes","Quick Slash","All Out Attack","Slice","Tools of the Trade","Envenom","Footwork","Deflect","Acrobatics","Doppelganger","Poisoned Stab","Outmaneuver","Phantasmal Killer","Calculated Gamble","Dodge and Roll+1","Dagger Spray"],"relics":["Lizard Tail","Bag of Preparation","The Courier","Pandora\u0027s Box","Membership Card","PreservedInsect"],"potions_floor_usage":[10,16,19,19],"damage_taken":[{"damage":0,"enemies":"2 Louse","floor":1,"turns":4},{"damage":2,"enemies":"Jaw Worm","floor":4,"turns":6},{"damage":0,"enemies":"Cultist","floor":5,"turns":4},{"damage":0,"enemies":"Large Slime","floor":10,"turns":5},{"damage":1,"enemies":"Looter","floor":12,"turns":4},{"damage":9,"enemies":"2 Fungi Beasts","floor":13,"turns":2},{"damage":15,"enemies":"3 Sentries","floor":14,"turns":6},{"damage":33,"enemies":"Hexaghost","floor":16,"turns":12},{"damage":24,"enemies":"Shell Parasite","floor":18,"turns":6},{"damage":23,"enemies":"2 Thieves","floor":19,"turns":4},{"damage":38,"enemies":"Snake Plant","floor":20,"turns":5},{"damage":17,"enemies":"Cultist and Chosen","floor":22,"turns":3}],"seed_played":"7193131018409492477","potions_obtained":[{"floor":1,"key":"SkillPotion"},{"floor":5,"key":"AttackPotion"},{"floor":10,"key":"Ancient Potion"},{"floor":12,"key":"GamblersBrew"},{"floor":18,"key":"Strength Potion"},{"floor":19,"key":"FearPotion"}],"is_trial":false,"path_per_floor":["M","?","?","M","M","R","$","R","T","M","$","M","M","E","R","B",null,"M","M","M","$","M"],"character_chosen":"THE_SILENT","items_purchased":["Noxious Fumes","Membership Card","PreservedInsect"],"campfire_rested":2,"item_purchase_floors":[7,21,21],"current_hp_per_floor":[59,33,33,31,31,31,31,50,50,50,50,49,40,25,44,11,52,28,5,7,7,0],"gold":7,"neow_bonus":"BOSS_RELIC","is_prod":false,"is_daily":false,"chose_seed":false,"campfire_upgraded":0,"win_rate":0,"timestamp":1550380015,"path_taken":["M","?","?","M","M","R","$","R","T","?","$","M","M","E","R","BOSS","M","M","M","$","M"],"build_version":"2019-01-23","purchased_purges":1,"victory":false,"max_hp_per_floor":[66,66,66,66,66,66,66,66,66,66,66,66,66,66,66,66,66,66,66,66,66,66],"card_choices":[{"not_picked":["Slice","Eviscerate"],"picked":"Blur","floor":1},{"not_picked":["Underhanded Strike","Poisoned Stab"],"picked":"Backstab","floor":4},{"not_picked":["Backstab","Eviscerate"],"picked":"Poisoned Stab","floor":5},{"not_picked":["Bane","Backflip"],"picked":"Quick Slash","floor":10},{"not_picked":["Dagger Throw","Dodge and Roll"],"picked":"All Out Attack","floor":12},{"not_picked":["Eviscerate","Deadly Poison"],"picked":"Slice","floor":13},{"not_picked":["Backflip","Cloak And Dagger"],"picked":"Tools of the Trade","floor":14},{"not_picked":["Wraith Form v2","Bullet Time"],"picked":"Envenom","floor":16},{"not_picked":["Acrobatics","Choke"],"picked":"Dodge and Roll+1","floor":18},{"not_picked":["Dodge and Roll","Poisoned Stab"],"picked":"Dagger Spray","floor":19},{"not_picked":["Flying Knee","Dagger Spray","Dodge and Roll"],"picked":"SKIP","floor":20}],"player_experience":1116432,"relics_obtained":[{"floor":14,"key":"The Courier"}],"event_choices":[{"damage_healed":0,"gold_gain":0,"player_choice":"Success","damage_taken":26,"relics_obtained":["Bag of Preparation"],"max_hp_gain":0,"max_hp_loss":0,"event_name":"Scrap Ooze","floor":2,"gold_loss":0},{"cards_removed":["Strike_G"],"damage_healed":0,"gold_gain":0,"player_choice":"Purged","damage_taken":0,"max_hp_gain":0,"max_hp_loss":0,"event_name":"Purifier","floor":3,"gold_loss":0}],"is_beta":false,"boss_relics":[{"not_picked":["Astrolabe","Runic Pyramid"],"picked":"Pandora\u0027s Box"}],"items_purged_floors":[11],"is_endless":false,"potions_floor_spawned":[1,5,10,12,18,19],"killed_by":"Cultist and Chosen","ascension_level":16}