{"gold_per_floor":[114,114,39,55,55,83,95,138,199,237,249,278,133,33,33,108,108,122,141,66,41,41,41,72,72,72,87,87,99,99,99,99,99],"floor_reached":33,"playtime":1614,"items_purged":["Strike_R","Strike_R"],"score":593,"play_id":"e732b047-c8aa-41d5-b55a-015a27693334","local_time":"20190301182246","is_ascension_mode":true,"campfire_choices":[{"data":"Flex","floor":7,"key":"SMITH"},{"floor":11,"key":"REST"},{"floor":15,"key":"REST"},{"floor":23,"key":"REST"},{"floor":25,"key":"REST"},{"floor":30,"key":"REST"},{"data":"Armaments","floor":32,"key":"SMITH"}],"neow_cost":"NONE","seed_source_timestamp":3566857581870,"circlet_count":0,"master_deck":["AscendersBane","Strike_R","Strike_R","Defend_R","Defend_R","Defend_R","Defend_R","Bash","Flex+1","Body Slam","Pommel Strike","Anger","Disarm","Spot Weakness","Uppercut","Double Tap","Feel No Pain","Shockwave","Shrug It Off","Armaments+1","Pain","Feel No Pain","Decay"],"relics":["Burning Blood","NeowsBlessing","MawBank","Gambling Chip","Happy Flower","Singing Bowl","Bronze Scales","Cursed Key","Enchiridion","Dead Branch","Turnip"],"potions_floor_usage":[8,16,19,33],"damage_taken":[{"damage":0,"enemies":"Small Slimes","floor":1,"turns":2},{"damage":0,"enemies":"Cultist","floor":4,"turns":1},{"damage":0,"enemies":"3 Sentries","floor":6,"turns":1},{"damage":31,"enemies":"Gremlin Nob","floor":8,"turns":4},{"damage":45,"enemies":"3 Sentries","floor":10,"turns":9},{"damage":7,"enemies":"Jaw Worm","floor":12,"turns":3},{"damage":39,"enemies":"The Guardian","floor":16,"turns":11},{"damage":12,"enemies":"3 Byrds","floor":18,"turns":3},{"damage":5,"enemies":"Shell Parasite","floor":19,"turns":4},{"damage":55,"enemies":"Gremlin Leader","floor":24,"turns":5},{"damage":15,"enemies":"3 Cultists","floor":27,"turns":5},{"damage":0,"enemies":"Chosen and Byrds","floor":29,"turns":4},{"damage":95,"enemies":"Collector","floor":33,"turns":8}],"seed_played":"873542203048862581","potions_obtained":[{"floor":4,"key":"Poison Potion"},{"floor":12,"key":"AttackPotion"},{"floor":18,"key":"Block Potion"},{"floor":27,"key":"LiquidBronze"},{"floor":29,"key":"Strength Potion"}],"is_trial":false,"path_per_floor":["M","?","$","M","?","E","R","E","T","E","R","M","$","$","R","B",null,"M","M","?","$","?","R","E","R","T","M","$","M","R","?","R","B"],"character_chosen":"IRONCLAD","items_purchased":["Bronze Scales","Shrug It Off"],"campfire_rested":5,"item_purchase_floors":[13,21],"current_hp_per_floor":[74,74,74,75,71,75,75,50,50,11,33,32,32,32,54,21,62,56,57,57,57,36,58,9,31,31,24,24,30,53,53,53,0],"gold":99,"neow_bonus":"THREE_ENEMY_KILL","is_prod":false,"is_daily":false,"chose_seed":false,"campfire_upgraded":2,"win_rate":0,"timestamp":1551489766,"path_taken":["M","?","$","?","?","E","R","E","T","E","R","?","?","$","R","BOSS","M","M","?","$","?","R","E","R","T","M","$","M","R","?","R","BOSS"],"build_version":"2019-01-23","purchased_purges":2,"victory":false,"max_hp_per_floor":[75,75,75,75,75,75,75,75,75,75,75,75,75,75,75,75,75,75,75,75,75,75,75,75,75,75,77,77,77,77,77,77,77],"card_choices":[{"not_picked":["Anger","True Grit"],"picked":"Flex","floor":1},{"not_picked":["Carnage","Wild Strike"],"picked":"Pommel Strike","floor":4},{"not_picked":["Combust","Rupture"],"picked":"Anger","floor":6},{"not_picked":["True Grit","Clash"],"picked":"Disarm","floor":8},{"not_picked":["Rampage","Clothesline"],"picked":"Spot Weakness","floor":10},{"not_picked":["Perfected Strike","Armaments"],"picked":"Uppercut","floor":12},{"not_picked":["Feed","Bludgeon"],"picked":"Double Tap","floor":16},{"not_picked":["Clothesline","Shockwave"],"picked":"Feel No Pain","floor":18},{"not_picked":["Armaments","Pommel Strike"],"picked":"Shockwave","floor":19},{"not_picked":["True Grit","Iron Wave"],"picked":"Armaments","floor":24},{"not_picked":["Pummel","Battle Trance","Sword Boomerang"],"picked":"Singing Bowl","floor":27},{"not_picked":["Flex","Blood for Blood"],"picked":"Feel No Pain","floor":29}],"player_experience":1302054,"relics_obtained":[{"floor":6,"key":"MawBank"},{"floor":8,"key":"Gambling Chip"},{"floor":9,"key":"Happy Flower"},{"floor":10,"key":"Singing Bowl"},{"floor":22,"key":"Enchiridion"},{"floor":24,"key":"Dead Branch"},{"floor":26,"key":"Turnip"}],"event_choices":[{"damage_healed":0,"gold_gain":0,"player_choice":"1 cards matched","damage_taken":0,"max_hp_gain":0,"max_hp_loss":0,"event_name":"Match and Keep!","floor":2,"gold_loss":0,"cards_obtained":["Body Slam"]},{"damage_healed":0,"gold_gain":0,"player_choice":"Bought 0 Potions","damage_taken":0,"max_hp_gain":0,"max_hp_loss":0,"event_name":"The Woman in Blue","floor":5,"gold_loss":0},{"cards_removed":["Strike_R"],"damage_healed":0,"gold_gain":0,"player_choice":"Gave Gold","damage_taken":0,"max_hp_gain":0,"max_hp_loss":0,"event_name":"Beggar","floor":20,"gold_loss":75},{"damage_healed":0,"gold_gain":0,"player_choice":"Obtained Book","damage_taken":21,"max_hp_gain":0,"max_hp_loss":0,"event_name":"Cursed Tome","floor":22,"gold_loss":0},{"damage_healed":0,"gold_gain":0,"player_choice":"Smashed Altar","damage_taken":0,"max_hp_gain":0,"max_hp_loss":0,"event_name":"Forgotten Altar","floor":31,"gold_loss":0,"cards_obtained":["Decay"]}],"is_beta":false,"boss_relics":[{"not_picked":["Lizard Tail","Coffee Dripper"],"picked":"Cursed Key"}],"items_purged_floors":[3,14],"is_endless":false,"potions_floor_spawned":[4,12,18,27,29],"killed_by":"Collector","ascension_level":19}