{"gold_per_floor":[111,125,50,60,60,60,87,87,111,140,140,151,151,165,165,236,236,256,272,322,61,75,75],"floor_reached":23,"playtime":1553,"items_purged":["Shame"],"score":352,"play_id":"540e19b3-f6d3-4751-8e29-1b5ec585dad2","local_time":"20190212005831","is_ascension_mode":true,"campfire_choices":[{"floor":6,"key":"REST"},{"floor":8,"key":"REST"},{"data":"Footwork","floor":11,"key":"SMITH"},{"floor":15,"key":"REST"}],"neow_cost":"NONE","seed_source_timestamp":2095396694990642,"circlet_count":0,"master_deck":["AscendersBane","Defend_G","Defend_G","Defend_G","Defend_G","Defend_G","Strike_G","Strike_G","Strike_G","Strike_G","Survivor","Neutralize","Parasite","Parasite","Noxious Fumes","Poisoned Stab+1","Footwork+1","Riddle With Holes+1","Caltrops","Well Laid Plans","Sucker Punch+1","Storm of Steel","Expertise+1","Calculated Gamble","Dagger Throw+1"],"relics":["Calling Bell","Potion Belt","Molten Egg 2","Tough Bandages","Regal Pillow","Thread and Needle","Pen Nib","Sundial","WristBlade","Kunai"],"potions_floor_usage":[7,16,16,19,23,23],"damage_taken":[{"damage":13,"enemies":"Jaw Worm","floor":1,"turns":7},{"damage":4,"enemies":"2 Louse","floor":2,"turns":3},{"damage":0,"enemies":"Cultist","floor":4,"turns":4},{"damage":14,"enemies":"Lagavulin","floor":7,"turns":8},{"damage":20,"enemies":"3 Sentries","floor":10,"turns":7},{"damage":6,"enemies":"Exordium Thugs","floor":12,"turns":5},{"damage":10,"enemies":"Exordium Wildlife","floor":14,"turns":4},{"damage":25,"enemies":"Slime Boss","floor":16,"turns":11},{"damage":2,"enemies":"Chosen","floor":18,"turns":6},{"damage":28,"enemies":"2 Thieves","floor":19,"turns":5},{"damage":25,"enemies":"Chosen and Byrds","floor":22,"turns":6},{"damage":10,"enemies":"Slavers","floor":23,"turns":1}],"seed_played":"-3330906288835444704","potions_obtained":[{"floor":2,"key":"Dexterity Potion"},{"floor":7,"key":"Weak Potion"},{"floor":12,"key":"LiquidBronze"},{"floor":14,"key":"SkillPotion"},{"floor":16,"key":"Fruit Juice"},{"floor":18,"key":"SkillPotion"}],"is_trial":false,"path_per_floor":["M","M","$","M","?","R","E","R","T","E","R","M","?","M","R","B",null,"M","M","?","$","M","E"],"character_chosen":"THE_SILENT","items_purchased":["Kunai"],"campfire_rested":3,"item_purchase_floors":[21],"current_hp_per_floor":[46,42,42,42,7,41,27,61,61,41,41,35,28,18,52,32,61,59,31,31,31,6,0],"gold":75,"neow_bonus":"BOSS_RELIC","is_prod":false,"is_daily":false,"chose_seed":false,"campfire_upgraded":1,"win_rate":0,"timestamp":1549958311,"path_taken":["M","M","$","M","?","R","E","R","T","E","R","M","?","M","R","BOSS","M","M","?","$","M","E"],"build_version":"2019-01-23","purchased_purges":1,"victory":false,"max_hp_per_floor":[66,66,66,66,66,66,66,66,66,66,66,66,66,66,66,71,71,71,71,71,71,71,71],"card_choices":[{"not_picked":["Deflect","Poisoned Stab+1"],"picked":"Noxious Fumes","floor":1},{"not_picked":["Bane+1","Escape Plan"],"picked":"Poisoned Stab+1","floor":2},{"not_picked":["Leg Sweep","Quick Slash+1"],"picked":"Footwork","floor":4},{"not_picked":["Grand Finale+1","Dodge and Roll"],"picked":"Riddle With Holes+1","floor":7},{"not_picked":["Blade Dance","Dodge and Roll"],"picked":"Caltrops","floor":10},{"not_picked":["Outmaneuver","Backflip"],"picked":"Well Laid Plans","floor":12},{"not_picked":["Heel Hook+1","Catalyst"],"picked":"Sucker Punch+1","floor":14},{"not_picked":["Glass Knife+1","Die Die Die+1"],"picked":"Storm of Steel","floor":16},{"not_picked":["Tactician","Flying Knee+1"],"picked":"Expertise+1","floor":18},{"not_picked":["Quick Slash+1","Blur"],"picked":"Calculated Gamble","floor":19},{"not_picked":["Distraction","Quick Slash+1"],"picked":"Dagger Throw+1","floor":22}],"player_experience":1086207,"relics_obtained":[{"floor":0,"key":"Potion Belt"},{"floor":0,"key":"Molten Egg 2"},{"floor":0,"key":"Tough Bandages"},{"floor":7,"key":"Thread and Needle"},{"floor":9,"key":"Pen Nib"},{"floor":10,"key":"Sundial"}],"event_choices":[{"damage_healed":0,"gold_gain":0,"player_choice":"Success","damage_taken":35,"relics_obtained":["Regal Pillow"],"max_hp_gain":0,"max_hp_loss":0,"event_name":"Scrap Ooze","floor":5,"gold_loss":0},{"cards_removed":["Strike_G"],"damage_healed":0,"gold_gain":0,"player_choice":"Card Removal","damage_taken":7,"max_hp_gain":0,"max_hp_loss":0,"event_name":"Golden Wing","floor":13,"gold_loss":0},{"damage_healed":0,"gold_gain":50,"player_choice":"Stole From Cult","damage_taken":0,"max_hp_gain":0,"max_hp_loss":0,"event_name":"Nest","floor":20,"gold_loss":0}],"is_beta":false,"boss_relics":[{"not_picked":["Runic Pyramid","Snecko Eye"],"picked":"WristBlade"}],"items_purged_floors":[3],"is_endless":false,"potions_floor_spawned":[2,7,12,14,16,18],"killed_by":"Slavers","ascension_level":15}