{"gold_per_floor":[12,27,37,55,130,130,143,143,195,228,228,228,241,272,272,272],"floor_reached":16,"playtime":888,"items_purged":[],"score":213,"play_id":"98a3f6d1-ac1b-46d1-a536-827a4eccee55","local_time":"20190218010355","is_ascension_mode":true,"campfire_choices":[{"floor":6,"key":"REST"},{"data":"Cleave","floor":8,"key":"SMITH"},{"floor":11,"key":"REST"},{"data":"Armaments","floor":15,"key":"SMITH"}],"neow_cost":"NO_GOLD","seed_source_timestamp":204360318349186,"circlet_count":0,"master_deck":["AscendersBane","Strike_R","Strike_R","Strike_R","Defend_R","Defend_R","Defend_R","Defend_R","Bash","Pommel Strike","Power Through","Reaper","Cleave+1","Spot Weakness","Regret","Thunderclap","Armaments+1"],"relics":["Burning Blood","Oddly Smooth Stone","Paper Frog","Bronze Scales","Kunai"],"potions_floor_usage":[10,14,16],"damage_taken":[{"damage":11,"enemies":"2 Louse","floor":1,"turns":3},{"damage":7,"enemies":"Small Slimes","floor":2,"turns":6},{"damage":11,"enemies":"Jaw Worm","floor":3,"turns":5},{"damage":26,"enemies":"Looter","floor":4,"turns":4},{"damage":20,"enemies":"3 Louse","floor":7,"turns":5},{"damage":22,"enemies":"3 Sentries","floor":10,"turns":7},{"damage":24,"enemies":"Large Slime","floor":13,"turns":6},{"damage":5,"enemies":"Gremlin Nob","floor":14,"turns":3},{"damage":69,"enemies":"Slime Boss","floor":16,"turns":10}],"seed_played":"3434381973936676400","potions_obtained":[{"floor":2,"key":"Explosive Potion"},{"floor":7,"key":"Fire Potion"},{"floor":13,"key":"FearPotion"}],"is_trial":false,"path_per_floor":["M","M","M","M","?","R","M","R","T","E","R","?","M","E","R","B"],"character_chosen":"IRONCLAD","items_purchased":[],"campfire_rested":2,"item_purchase_floors":[],"current_hp_per_floor":[63,62,57,43,32,54,52,52,52,48,70,70,56,64,64,0],"gold":272,"neow_bonus":"REMOVE_TWO","is_prod":false,"is_daily":false,"chose_seed":false,"campfire_upgraded":2,"win_rate":0,"timestamp":1550477035,"path_taken":["M","M","M","M","?","R","M","R","T","E","R","?","M","E","R","BOSS"],"build_version":"2019-01-23","purchased_purges":0,"victory":false,"max_hp_per_floor":[75,75,75,75,75,75,75,75,75,75,75,75,75,75,75,75],"card_choices":[{"not_picked":["Shrug It Off","Hemokinesis"],"picked":"Pommel Strike","floor":1},{"not_picked":["Iron Wave","Pommel Strike"],"picked":"Power Through","floor":2},{"not_picked":["Power Through","Entrench"],"picked":"Reaper","floor":3},{"not_picked":["Heavy Blade","Shrug It Off"],"picked":"Cleave","floor":4},{"not_picked":["Twin Strike","Perfected Strike","Dropkick"],"picked":"SKIP","floor":7},{"not_picked":["Battle Trance","Heavy Blade"],"picked":"Spot Weakness","floor":10},{"not_picked":["Fire Breathing","Heavy Blade"],"picked":"Thunderclap","floor":13},{"not_picked":["Bloodletting","Searing Blow"],"picked":"Armaments","floor":14}],"player_experience":1155821,"relics_obtained":[{"floor":9,"key":"Oddly Smooth Stone"},{"floor":10,"key":"Paper Frog"},{"floor":14,"key":"Kunai"}],"event_choices":[{"damage_healed":0,"gold_gain":75,"player_choice":"Gather Gold","damage_taken":11,"max_hp_gain":0,"max_hp_loss":0,"event_name":"World of Goop","floor":5,"gold_loss":0},{"damage_healed":0,"gold_gain":0,"player_choice":"Box","damage_taken":0,"relics_obtained":["Bronze Scales"],"max_hp_gain":0,"max_hp_loss":0,"event_name":"Big Fish","floor":12,"gold_loss":0,"cards_obtained":["Regret"]}],"is_beta":false,"boss_relics":[],"items_purged_floors":[],"is_endless":false,"potions_floor_spawned":[2,7,13],"killed_by":"Slime Boss","ascension_level":18}