{"gold_per_floor":[112,122,47,66,66,66,83,111,111,11,38,38,97,37],"floor_reached":14,"playtime":549,"items_purged":["Strike_R","Strike_R"],"score":191,"play_id":"d96c0e6e-c17f-4744-9a8e-8a8561f616c7","local_time":"20190226210703","is_ascension_mode":true,"campfire_choices":[{"data":"Thunderclap","floor":6,"key":"SMITH"},{"floor":12,"key":"REST"}],"neow_cost":"NONE","seed_source_timestamp":354950544214295,"circlet_count":0,"master_deck":["AscendersBane","Strike_R","Strike_R","Strike_R","Defend_R","Defend_R","Defend_R","Defend_R","Bash","Cleave","Thunderclap+1","Evolve","Regret","Metallicize","Rupture","Barricade","Warcry"],"relics":["Burning Blood","NeowsBlessing","Orichalcum","Pocketwatch","Blue Candle","Art of War","Kunai"],"potions_floor_usage":[8],"damage_taken":[{"damage":0,"enemies":"2 Louse","floor":1,"turns":2},{"damage":0,"enemies":"Small Slimes","floor":2,"turns":1},{"damage":0,"enemies":"Jaw Worm","floor":4,"turns":1},{"damage":21,"enemies":"Exordium Wildlife","floor":7,"turns":3},{"damage":31,"enemies":"3 Sentries","floor":8,"turns":6},{"damage":24,"enemies":"Lagavulin","floor":11,"turns":6},{"damage":16,"enemies":"3 Sentries","floor":13,"turns":6},{"damage":41,"enemies":"Exordium Thugs","floor":14,"turns":3}],"seed_played":"-7661655693817267142","potions_obtained":[{"floor":7,"key":"Energy Potion"}],"is_trial":false,"path_per_floor":["M","M","$","M","?","R","M","E","T","$","E","R","?","M"],"character_chosen":"IRONCLAD","items_purchased":[],"campfire_rested":1,"item_purchase_floors":[],"current_hp_per_floor":[74,75,75,75,75,75,60,35,35,35,17,39,29,0],"gold":37,"neow_bonus":"THREE_ENEMY_KILL","is_prod":false,"is_daily":false,"chose_seed":false,"campfire_upgraded":1,"win_rate":0,"timestamp":1551240423,"path_taken":["M","M","$","M","?","R","M","E","T","$","E","R","?","M"],"build_version":"2019-01-23","purchased_purges":2,"victory":false,"max_hp_per_floor":[75,75,75,75,75,75,75,75,75,75,75,75,75,75],"card_choices":[{"not_picked":["Headbutt","Flex"],"picked":"Cleave","floor":1},{"not_picked":["Warcry","Sentinel"],"picked":"Thunderclap","floor":2},{"not_picked":["Warcry","Armaments"],"picked":"Evolve","floor":4},{"not_picked":["Battle Trance","Twin Strike"],"picked":"Metallicize","floor":7},{"not_picked":["Clash","Evolve"],"picked":"Rupture","floor":8},{"not_picked":["Rampage","Thunderclap"],"picked":"Barricade","floor":11},{"not_picked":["Thunderclap","Pommel Strike"],"picked":"Warcry","floor":13}],"player_experience":1273112,"relics_obtained":[{"floor":8,"key":"Pocketwatch"},{"floor":9,"key":"Blue Candle"},{"floor":11,"key":"Art of War"},{"floor":13,"key":"Kunai"}],"event_choices":[{"damage_healed":0,"gold_gain":0,"player_choice":"Box","damage_taken":0,"relics_obtained":["Orichalcum"],"max_hp_gain":0,"max_hp_loss":0,"event_name":"Big Fish","floor":5,"gold_loss":0,"cards_obtained":["Regret"]},{"damage_healed":0,"gold_gain":0,"player_choice":"Searched \u00271\u0027 times","damage_taken":0,"max_hp_gain":0,"max_hp_loss":0,"event_name":"Dead Adventurer","floor":13,"gold_loss":0}],"is_beta":false,"boss_relics":[],"items_purged_floors":[3,10],"is_endless":false,"potions_floor_spawned":[7],"killed_by":"Exordium Thugs","ascension_level":19}