{"gold_per_floor":[111,60,79,91,108,134,134,150,150,176,24,54,73,84,84,189,189,206,206,221,233,253,253,59,59,128,43,133,133,164,164],"floor_reached":31,"playtime":2120,"items_purged":["Defend_B"],"score":277,"play_id":"243ac8fb-2644-497a-af6e-e97d4d57d70f","local_time":"20181222100948","is_ascension_mode":false,"campfire_choices":[{"floor":7.0,"key":"REST"},{"floor":15,"key":"REST"},{"floor":23,"key":"REST"},{"data":"Metamorphosis","floor":25,"key":"SMITH"},{"floor":29,"key":"REST"}],"neow_cost":"TEN_PERCENT_HP_LOSS","seed_source_timestamp":0,"circlet_count":0,"master_deck":["Strike_B","Strike_B","Strike_B","Defend_B","Defend_B","Zap","Dualcast","Barrage","Coolheaded","Streamline","Streamline","Cold Snap","White Noise","Capacitor","Barrage","Chaos","Conserve Battery","Reboot","Cold Snap","Coolheaded","Rainbow","Compile Driver","Conserve Battery+1","Cold Snap","Self Repair+1","Doom and Gloom+1","Metamorphosis+1","Stack+1"],"special_seed":0,"relics":["Cracked Core","Cables","Smiling Mask","Blood Vial","Happy Flower","The Courier","Orrery","Toxic Egg 2","Ancient Tea Set","Gremlin Horn"],"potions_floor_usage":[20,30,30,30],"damage_taken":[{"damage":1.0,"enemies":"Cultist","floor":1.0,"turns":3.0},{"damage":5.0,"enemies":"Small Slimes","floor":3.0,"turns":3.0},{"damage":1.0,"enemies":"2 Louse","floor":4.0,"turns":2.0},{"damage":7.0,"enemies":"Red Slaver","floor":5.0,"turns":3.0},{"damage":8.0,"enemies":"Gremlin Nob","floor":6.0,"turns":4.0},{"damage":0.0,"enemies":"Lots of Slimes","floor":8.0,"turns":1.0},{"damage":28.0,"enemies":"Lagavulin","floor":10.0,"turns":5.0},{"damage":22.0,"enemies":"3 Sentries","floor":12.0,"turns":7.0},{"damage":6,"enemies":"3 Louse","floor":13,"turns":3},{"damage":0,"enemies":"Blue Slaver","floor":14,"turns":3},{"damage":16,"enemies":"Hexaghost","floor":16,"turns":9},{"damage":21,"enemies":"Chosen","floor":18,"turns":5},{"damage":6,"enemies":"Shell Parasite","floor":20,"turns":5},{"damage":9,"enemies":"Snake Plant","floor":21,"turns":3},{"damage":6,"enemies":"Snecko","floor":22,"turns":6},{"damage":50,"enemies":"Slavers","floor":30,"turns":4},{"damage":29,"enemies":"Sentry and Sphere","floor":31,"turns":5}],"seed_played":"-7642471554965252577","potions_obtained":[{"floor":1.0,"key":"Explosive Potion"},{"floor":3.0,"key":"EssenceOfSteel"},{"floor":4.0,"key":"Swift Potion"},{"floor":10.0,"key":"Block Potion"},{"floor":13,"key":"Swift Potion"},{"floor":18,"key":"Block Potion"},{"floor":22,"key":"Poison Potion"}],"is_trial":false,"path_per_floor":["M","$","M","M","M","E","R","M","T","E","$","E","E","M","M","R","B",null,"M","?","M","M","M","R","$","R","T","?","?","R","E","M"],"character_chosen":"DEFECT","items_purchased":["Coolheaded","Happy Flower","Metamorphosis"],"campfire_rested":4,"item_purchase_floors":[2,11,24],"current_hp_per_floor":[67,67,62,61,54,46,66,66,66,38,38,18,14,16,36,22,68,47,47,43,36,32,52,52,52,52,52,40,60,22,0],"gold":164,"neow_bonus":"REMOVE_TWO","is_prod":false,"is_daily":false,"chose_seed":false,"campfire_upgraded":1,"win_rate":0,"timestamp":1545487788,"path_taken":["M","$","M","M","M","E","R","M","T","E","$","E","M","M","R","BOSS","M","?","M","M","?","R","$","R","T","?","?","R","E","?"],"build_version":"2018-12-20","purchased_purges":1,"victory":false,"max_hp_per_floor":[68,68,68,68,68,68,68,68,68,68,68,68,68,68,68,68,68,68,68,68,68,68,68,68,68,68,68,68,68,68,68],"card_choices":[{"not_picked":["Go for the Eyes","Steam"],"picked":"Barrage","floor":1.0},{"not_picked":["Hologram","Go for the Eyes"],"picked":"Streamline","floor":3.0},{"not_picked":["Beam Cell","Rebound"],"picked":"Streamline","floor":4.0},{"not_picked":["Gash","Machine Learning"],"picked":"Cold Snap","floor":5.0},{"not_picked":["Turbo","Lockon"],"picked":"White Noise","floor":6.0},{"not_picked":["Auto Shields","Static Discharge"],"picked":"Capacitor","floor":8.0},{"not_picked":["Lockon","Leap"],"picked":"Barrage","floor":10.0},{"not_picked":["Stack","Go for the Eyes"],"picked":"Chaos","floor":12},{"not_picked":["Streamline","Beam Cell"],"picked":"Conserve Battery","floor":13},{"not_picked":["Hello World","Stack","Genetic Algorithm"],"picked":"SKIP","floor":14},{"not_picked":["Meteor Strike","Hyperbeam"],"picked":"Reboot","floor":16},{"not_picked":["Barrage","Steam"],"picked":"Cold Snap","floor":17},{"not_picked":["Undo","Ball Lightning"],"picked":"Coolheaded","floor":17},{"not_picked":["Barrage","Compile Driver"],"picked":"Rainbow","floor":17},{"not_picked":["Auto Shields","Leap"],"picked":"Compile Driver","floor":17},{"not_picked":["Steam+1","Gash"],"picked":"Conserve Battery+1","floor":18},{"not_picked":["Chill","Leap"],"picked":"Cold Snap","floor":20},{"not_picked":["Hologram","Reinforced Body"],"picked":"Self Repair+1","floor":21},{"not_picked":["Ball Lightning","Gash"],"picked":"Doom and Gloom+1","floor":22},{"not_picked":["Storm+1","Compile Driver"],"picked":"Stack+1","floor":30}],"player_experience":134355,"relics_obtained":[{"floor":6.0,"key":"Cables"},{"floor":9.0,"key":"Smiling Mask"},{"floor":10.0,"key":"Blood Vial"},{"floor":12,"key":"The Courier"},{"floor":26,"key":"Toxic Egg 2"},{"floor":30,"key":"Gremlin Horn"}],"event_choices":[{"damage_healed":0,"gold_gain":0,"player_choice":"Bought 0 Potions","damage_taken":0,"max_hp_gain":0,"max_hp_loss":0,"event_name":"The Woman in Blue","floor":19,"gold_loss":0},{"damage_healed":0,"gold_gain":0,"player_choice":"Obtained Relic","damage_taken":0,"relics_obtained":["Ancient Tea Set"],"max_hp_gain":0,"max_hp_loss":0,"event_name":"Addict","floor":27,"gold_loss":85},{"damage_healed":0,"gold_gain":90,"player_choice":"GOLD ","damage_taken":12,"max_hp_gain":0,"max_hp_loss":0,"event_name":"Knowing Skull","floor":28,"potions_obtained":[],"gold_loss":0,"cards_obtained":[]}],"is_beta":false,"boss_relics":[{"not_picked":["Busted Crown","Runic Dome"],"picked":"Orrery"}],"items_purged_floors":[24],"is_endless":false,"potions_floor_spawned":[1,3,4,10,13,18,22],"killed_by":"Sentry and Sphere","ascension_level":0}