{"gold_per_floor":[118,293,293,313,326,358,358,384,409,374,407,407,424,437,437,542,542,558,558],"floor_reached":19,"playtime":1429,"items_purged":[],"score":187,"play_id":"062af12a-560b-4cca-abc8-015297cda7ab","local_time":"20180913230236","is_ascension_mode":false,"campfire_choices":[{"data":"Barricade","floor":7,"key":"SMITH"},{"data":"Armaments","floor":12,"key":"SMITH"},{"data":"Metallicize","floor":15,"key":"SMITH"}],"neow_cost":"NONE","seed_source_timestamp":3108550894536,"circlet_count":0,"master_deck":["Strike_R","Strike_R","Strike_R","Strike_R","Defend_R","Defend_R","Defend_R","Defend_R","Bash","Headbutt","Rampage","Thunderclap","Barricade+1","Shockwave","Armaments+1","Warcry","Metallicize+1","Berserk","Entrench"],"relics":["Burning Blood","Vajra","Boot","Happy Flower","Oddly Smooth Stone","White Beast Statue"],"potions_floor_usage":[6,11,18,19,19],"damage_taken":[{"damage":6,"enemies":"Cultist","floor":1,"turns":5},{"damage":5,"enemies":"Jaw Worm","floor":4,"turns":5},{"damage":9,"enemies":"2 Louse","floor":5,"turns":3},{"damage":42,"enemies":"Lagavulin","floor":6,"turns":7},{"damage":25,"enemies":"Gremlin Nob","floor":8,"turns":4},{"damage":21,"enemies":"3 Sentries","floor":11,"turns":7},{"damage":0,"enemies":"2 Fungi Beasts","floor":13,"turns":3},{"damage":6,"enemies":"Large Slime","floor":14,"turns":5},{"damage":4,"enemies":"Slime Boss","floor":16,"turns":11},{"damage":37,"enemies":"Spheric Guardian","floor":18,"turns":6},{"damage":55,"enemies":"Masked Bandits","floor":19,"turns":3}],"seed_played":"2978829244148404529","potions_obtained":[{"floor":1,"key":"Ancient Potion"},{"floor":4,"key":"SteroidPotion"},{"floor":8,"key":"BloodPotion"},{"floor":14,"key":"Explosive Potion"},{"floor":18,"key":"Weak Potion"}],"is_trial":false,"path_per_floor":["M","?","?","M","M","E","R","E","T","?","E","R","M","M","R","B",null,"M"],"character_chosen":"IRONCLAD","items_purchased":[],"campfire_rested":0,"item_purchase_floors":[],"current_hp_per_floor":[80,80,73,74,71,35,35,16,16,36,29,29,35,35,35,37,80,49,0],"gold":558,"neow_bonus":"REMOVE_CARD","is_prod":false,"is_daily":false,"chose_seed":false,"campfire_upgraded":3,"win_rate":0,"timestamp":1536894156,"path_taken":["M","?","?","M","M","E","R","E","T","?","E","R","M","?","R","BOSS","M","?"],"build_version":"2018-09-06","purchased_purges":0,"victory":false,"max_hp_per_floor":[80,80,80,80,80,80,80,80,80,80,80,80,80,80,80,80,80,80,80],"card_choices":[{"not_picked":["Entrench","Heavy Blade"],"picked":"Headbutt","floor":1},{"not_picked":["Corruption","Heavy Blade"],"picked":"Rampage","floor":4},{"not_picked":["Sword Boomerang","Perfected Strike"],"picked":"Thunderclap","floor":5},{"not_picked":["Body Slam","True Grit"],"picked":"Barricade","floor":6},{"not_picked":["Combust","Sword Boomerang"],"picked":"Shockwave","floor":8},{"not_picked":["Iron Wave","Wild Strike"],"picked":"Armaments","floor":11},{"not_picked":["Wild Strike","Rupture"],"picked":"Warcry","floor":13},{"not_picked":["Sever Soul","Clothesline"],"picked":"Metallicize","floor":14},{"not_picked":["Bludgeon","Double Tap"],"picked":"Berserk","floor":16},{"not_picked":["Sever Soul","Heavy Blade"],"picked":"Entrench","floor":18}],"player_experience":90580,"relics_obtained":[{"floor":6,"key":"Vajra"},{"floor":8,"key":"Boot"},{"floor":9,"key":"Happy Flower"},{"floor":11,"key":"Oddly Smooth Stone"}],"event_choices":[{"event_name":"Liars Game","player_choice":"agreed","floor":2,"damage_taken":0},{"event_name":"Golden Wing","player_choice":"Card Removal","floor":3,"damage_taken":0},{"event_name":"The Cleric","player_choice":"Healed","floor":10,"damage_taken":0},{"event_name":"Masked Bandits","player_choice":"Fought Bandits","floor":19,"damage_taken":0}],"is_beta":false,"boss_relics":[{"not_picked":["Snecko Eye","Runic Cube"],"picked":"White Beast Statue"}],"items_purged_floors":[],"is_endless":false,"potions_floor_spawned":[1,4,8,14,18],"killed_by":"Masked Bandits","ascension_level":0}