{"gold_per_floor":[118,118,133,149,163,163,178,178,178,178,196,196,196,196,196,196],"floor_reached":16,"playtime":680,"items_purged":[],"score":179,"play_id":"373a88c0-6cf7-447f-9567-2d2891090880","local_time":"20190223092159","is_ascension_mode":true,"campfire_choices":[{"data":"Body Slam","floor":6,"key":"SMITH"},{"data":"Flex","floor":8,"key":"SMITH"},{"floor":10,"key":"REST"},{"data":"Thunderclap","floor":13,"key":"SMITH"},{"floor":15,"key":"REST"}],"neow_cost":"NONE","seed_source_timestamp":53303853327449,"circlet_count":0,"master_deck":["AscendersBane","Strike_R","Strike_R","Strike_R","Defend_R","Defend_R","Defend_R","Defend_R","Bash","Deep Breath","Infernal Blade","Body Slam+1","Thunderclap+1","Fiend Fire","Flex+1","Anger"],"relics":["Burning Blood","Juzu Bracelet"],"potions_floor_usage":[16,16],"damage_taken":[{"damage":5,"enemies":"Small Slimes","floor":1,"turns":4},{"damage":1,"enemies":"Cultist","floor":3,"turns":3},{"damage":14,"enemies":"Jaw Worm","floor":4,"turns":4},{"damage":6,"enemies":"Exordium Wildlife","floor":5,"turns":4},{"damage":36,"enemies":"Exordium Thugs","floor":7,"turns":6},{"damage":13,"enemies":"2 Fungi Beasts","floor":11,"turns":4},{"damage":69,"enemies":"Slime Boss","floor":16,"turns":9}],"seed_played":"2706645324528019745","potions_obtained":[{"floor":4,"key":"FearPotion"},{"floor":5,"key":"Block Potion"}],"is_trial":false,"path_per_floor":["M","?","M","M","M","R","M","R","T","R","M","?","R","?","R","B"],"character_chosen":"IRONCLAD","items_purchased":[],"campfire_rested":2,"item_purchase_floors":[],"current_hp_per_floor":[69,65,70,62,62,62,32,32,32,54,47,40,40,40,62,0],"gold":196,"neow_bonus":"RANDOM_COLORLESS","is_prod":false,"is_daily":false,"chose_seed":false,"campfire_upgraded":3,"win_rate":0,"timestamp":1550938919,"path_taken":["M","?","M","M","M","R","M","R","T","R","M","?","R","?","R","BOSS"],"build_version":"2019-01-23","purchased_purges":0,"victory":false,"max_hp_per_floor":[75,75,75,75,75,75,75,75,75,75,75,75,75,75,75,75],"card_choices":[{"not_picked":["Sword Boomerang","Warcry"],"picked":"Infernal Blade","floor":1},{"not_picked":["Armaments","Wild Strike"],"picked":"Body Slam","floor":3},{"not_picked":["Iron Wave","Body Slam"],"picked":"Thunderclap","floor":4},{"not_picked":["Thunderclap","Clothesline"],"picked":"Fiend Fire","floor":5},{"not_picked":["True Grit","Bloodletting"],"picked":"Flex","floor":7},{"not_picked":["Twin Strike","True Grit"],"picked":"Anger","floor":11}],"player_experience":1221325,"relics_obtained":[{"floor":9,"key":"Juzu Bracelet"}],"event_choices":[{"damage_healed":0,"gold_gain":0,"player_choice":"Bought 0 Potions","damage_taken":0,"max_hp_gain":0,"max_hp_loss":0,"event_name":"The Woman in Blue","floor":2,"gold_loss":0},{"cards_removed":["Strike_R"],"damage_healed":0,"gold_gain":0,"player_choice":"Card Removal","damage_taken":7,"max_hp_gain":0,"max_hp_loss":0,"event_name":"Golden Wing","floor":12,"gold_loss":0},{"cards_removed":["Strike_R"],"damage_healed":0,"gold_gain":0,"player_choice":"Forget","damage_taken":0,"max_hp_gain":0,"max_hp_loss":0,"event_name":"Living Wall","floor":14,"gold_loss":0}],"is_beta":false,"boss_relics":[],"items_purged_floors":[],"is_endless":false,"potions_floor_spawned":[4,5,11],"killed_by":"Slime Boss","ascension_level":19}