{"gold_per_floor":[114,164,184,196,215,215,232,232,259,290,290,355,355,368,368,442,442,419,434,434,349,399,399,399],"floor_reached":24,"playtime":1364,"items_purged":[],"score":492,"play_id":"59888737-f923-4481-898c-0ef8b67cd0fd","local_time":"20190304235814","is_ascension_mode":true,"campfire_choices":[{"data":"Armaments","floor":6,"key":"SMITH"},{"floor":11,"key":"REST"},{"floor":15,"key":"REST"},{"floor":23,"key":"REST"}],"neow_cost":"TEN_PERCENT_HP_LOSS","seed_source_timestamp":283148637735733,"circlet_count":0,"master_deck":["AscendersBane","Strike_R","Defend_R","Defend_R","Defend_R","Defend_R","Bash","Berserk","Carnage","Armaments+1","Inflame","Spot Weakness","Shrug It Off","Second Wind","Wild Strike","Rampage","Pain","Dark Embrace","Reaper","Shame","Doubt","Writhe","True Grit","Body Slam"],"relics":["Burning Blood","Potion Belt","Vajra","Centennial Puzzle","WarpedTongs","Calling Bell","Art of War","The Courier","Turnip","Gambling Chip"],"potions_floor_usage":[5,5,16],"damage_taken":[{"damage":0,"enemies":"Cultist","floor":1,"turns":3},{"damage":6,"enemies":"2 Louse","floor":3,"turns":3},{"damage":9,"enemies":"Jaw Worm","floor":4,"turns":3},{"damage":22,"enemies":"Large Slime","floor":5,"turns":6},{"damage":3,"enemies":"Red Slaver","floor":7,"turns":3},{"damage":22,"enemies":"Lagavulin","floor":10,"turns":6},{"damage":29,"enemies":"3 Sentries","floor":12,"turns":8},{"damage":14,"enemies":"Blue Slaver","floor":14,"turns":3},{"damage":30,"enemies":"Hexaghost","floor":16,"turns":9},{"damage":52,"enemies":"2 Thieves","floor":18,"turns":4},{"damage":22,"enemies":"Shell Parasite","floor":19,"turns":8},{"damage":47,"enemies":"Centurion and Healer","floor":24,"turns":5}],"seed_played":"-7570669763572555271","potions_obtained":[{"floor":1,"key":"SteroidPotion"},{"floor":4,"key":"GamblersBrew"},{"floor":12,"key":"PowerPotion"},{"floor":18,"key":"SpeedPotion"}],"is_trial":false,"path_per_floor":["M","?","M","M","M","R","M","?","T","E","R","?","?","M","R","B",null,"M","M","?","?","?","R","M"],"character_chosen":"IRONCLAD","items_purchased":[],"campfire_rested":3,"item_purchase_floors":[],"current_hp_per_floor":[68,62,62,59,43,43,46,46,46,30,50,27,27,19,39,15,55,22,16,16,16,16,36,0],"gold":399,"neow_bonus":"TRANSFORM_TWO_CARDS","is_prod":false,"is_daily":false,"chose_seed":false,"campfire_upgraded":1,"win_rate":0,"timestamp":1551769094,"path_taken":["M","?","?","M","M","R","M","?","T","E","R","?","?","?","R","BOSS","M","M","?","?","?","R","M"],"build_version":"2019-01-23","purchased_purges":0,"victory":false,"max_hp_per_floor":[68,68,68,68,68,68,68,68,68,68,68,68,68,68,68,68,68,68,68,68,68,68,68,68],"card_choices":[{"not_picked":["Hemokinesis","Rupture"],"picked":"Armaments","floor":1},{"not_picked":["Armaments","Pommel Strike"],"picked":"Inflame","floor":3},{"not_picked":["Flex","Perfected Strike"],"picked":"Spot Weakness","floor":4},{"not_picked":["Fire Breathing","Iron Wave"],"picked":"Shrug It Off","floor":5},{"not_picked":["Seeing Red","Ghostly Armor"],"picked":"Second Wind","floor":7},{"not_picked":["Perfected Strike","Warcry"],"picked":"Wild Strike","floor":10},{"not_picked":["Clothesline","Fire Breathing"],"picked":"Rampage","floor":12},{"not_picked":["Shrug It Off","Anger"],"picked":"Dark Embrace","floor":14},{"not_picked":["Dark Embrace","Fiend Fire"],"picked":"Reaper","floor":16},{"not_picked":["Pommel Strike","Inflame"],"picked":"True Grit","floor":18},{"not_picked":["Headbutt","Cleave"],"picked":"Body Slam","floor":19}],"player_experience":1333617,"relics_obtained":[{"floor":9,"key":"Potion Belt"},{"floor":10,"key":"Vajra"},{"floor":17,"key":"Art of War"},{"floor":17,"key":"The Courier"},{"floor":17,"key":"Turnip"}],"event_choices":[{"damage_healed":0,"gold_gain":50,"player_choice":"Touch","damage_taken":6,"max_hp_gain":0,"max_hp_loss":0,"event_name":"FaceTrader","floor":2,"gold_loss":0},{"cards_removed":["Strike_R"],"damage_healed":0,"gold_gain":0,"player_choice":"Forget","damage_taken":0,"max_hp_gain":0,"max_hp_loss":0,"event_name":"Living Wall","floor":8,"gold_loss":0},{"damage_healed":0,"gold_gain":0,"player_choice":"Searched \u00272\u0027 times","damage_taken":0,"relics_obtained":["Centennial Puzzle"],"max_hp_gain":0,"max_hp_loss":0,"event_name":"Dead Adventurer","floor":12,"gold_loss":0},{"damage_healed":0,"gold_gain":0,"player_choice":"Rummage","damage_taken":0,"relics_obtained":["WarpedTongs"],"max_hp_gain":0,"max_hp_loss":0,"event_name":"Accursed Blacksmith","floor":13,"gold_loss":0,"cards_obtained":["Pain"]},{"cards_removed":["Strike_R"],"damage_healed":0,"gold_gain":0,"player_choice":"Elegance","damage_taken":0,"max_hp_gain":0,"max_hp_loss":0,"event_name":"Back to Basics","floor":20,"gold_loss":0},{"damage_healed":0,"gold_gain":0,"player_choice":"Obtained Relic","damage_taken":0,"relics_obtained":["Gambling Chip"],"max_hp_gain":0,"max_hp_loss":0,"event_name":"Addict","floor":21,"gold_loss":85},{"damage_healed":0,"gold_gain":50,"player_choice":"Stole From Cult","damage_taken":0,"max_hp_gain":0,"max_hp_loss":0,"event_name":"Nest","floor":22,"gold_loss":0}],"is_beta":false,"boss_relics":[{"not_picked":["Black Star","Runic Cube"],"picked":"Calling Bell"}],"items_purged_floors":[],"is_endless":false,"potions_floor_spawned":[1,4,12,18],"killed_by":"Centurion and Healer","ascension_level":20}