{"path_per_floor":["M","M","M","?","M","R","E","R","T","R","?","$","E","M","R","B",null,"M","M","M","?","?","R","$","R","T","M"],"character_chosen":"DEFECT","items_purchased":["Toolbox","Defragment+1","Force Field"],"gold_per_floor":[110,130,146,146,158,158,183,183,183,183,258,18,43,56,56,159,159,169,179,190,190,190,190,0,0,0,14,14],"floor_reached":28,"campfire_rested":2,"playtime":1357,"item_purchase_floors":[12,24,24],"current_hp_per_floor":[63,51,51,36,36,58,44,44,44,44,33,33,28,22,44,44,67,48,42,41,41,41,41,41,41,41,26,0],"items_purged":["Defend_B"],"gold":14,"score":348,"play_id":"5296268c-d175-4f54-b06b-aa3bb56f6395","local_time":"20180615232127","is_prod":false,"is_daily":false,"chose_seed":false,"is_ascension_mode":true,"campfire_upgraded":4,"win_rate":0,"timestamp":1529126487,"campfire_choices":[{"floor":6,"key":"REST"},{"data":"Genetic Algorithm","floor":8,"key":"SMITH"},{"data":"Redo","floor":10,"key":"SMITH"},{"floor":15,"key":"REST"},{"data":"Zap","floor":23,"key":"SMITH"},{"data":"Force Field","floor":25,"key":"SMITH"}],"path_taken":["M","M","M","?","M","R","E","R","T","R","?","$","E","?","R","BOSS","M","M","M","?","?","R","?","R","T","M","E"],"build_version":"2018-06-14v2","seed_source_timestamp":189051857365776,"purchased_purges":1,"victory":false,"master_deck":["Strike_B","Strike_B","Strike_B+1","Defend_B","Defend_B","Zap+1","Dualcast+1","Ball Lightning","Cold Snap","Genetic Algorithm+1","Redo+1","Ball Lightning","White Noise","Echo Form+1","Self Repair+1","Chaos+1","Rainbow","Defragment+1","Force Field+1","Sweeping Beam"],"max_hp_per_floor":[75,75,75,75,75,75,75,75,75,75,75,75,75,75,75,75,75,75,75,75,75,75,75,75,75,75,75,75],"relics":["Cracked Core","DataDisk","Vajra","Toolbox","Frozen Egg 2","Nuclear Battery","Ornamental Fan"],"card_choices":[{"not_picked":["Gash","Doom and Gloom"],"picked":"Ball Lightning","floor":1},{"not_picked":["Gash","Ball Lightning"],"picked":"Cold Snap","floor":2},{"not_picked":["Static Discharge","Meteor Strike"],"picked":"Genetic Algorithm","floor":3},{"not_picked":["Auto Shields","Streamline","Coolheaded"],"picked":"SKIP","floor":5},{"not_picked":["Undo","Hello World"],"picked":"Redo","floor":7},{"not_picked":["Hologram","Sunder"],"picked":"Ball Lightning","floor":13},{"not_picked":["Undo","Steam"],"picked":"White Noise","floor":14},{"not_picked":["Electrodynamics+1","Fission"],"picked":"Echo Form+1","floor":16},{"not_picked":["Rebound+1","Chaos+1"],"picked":"Self Repair+1","floor":18},{"not_picked":["Compile Driver","Coolheaded","Genetic Algorithm"],"picked":"SKIP","floor":19},{"not_picked":["Sweeping Beam","Ball Lightning"],"picked":"Chaos","floor":20},{"not_picked":["Fusion","Steam"],"picked":"Sweeping Beam","floor":27}],"player_experience":884704,"potions_floor_usage":[13,13,16,19,28],"damage_taken":[{"damage":12,"enemies":"Small Slimes","floor":1,"turns":3},{"damage":12,"enemies":"Jaw Worm","floor":2,"turns":2},{"damage":0,"enemies":"Cultist","floor":3,"turns":3},{"damage":0,"enemies":"Large Slime","floor":5,"turns":3},{"damage":14,"enemies":"3 Sentries","floor":7,"turns":5},{"damage":5,"enemies":"Lagavulin","floor":13,"turns":3},{"damage":6,"enemies":"Looter","floor":14,"turns":2},{"damage":0,"enemies":"Slime Boss","floor":16,"turns":6},{"damage":19,"enemies":"2 Thieves","floor":18,"turns":2},{"damage":16,"enemies":"Shell Parasite","floor":19,"turns":4},{"damage":11,"enemies":"Centurion and Healer","floor":20,"turns":5},{"damage":15,"enemies":"Snake Plant","floor":27,"turns":3},{"damage":32,"enemies":"Book of Stabbing","floor":28,"turns":4}],"relics_obtained":[{"floor":7,"key":"DataDisk"},{"floor":9,"key":"Vajra"},{"floor":13,"key":"Frozen Egg 2"},{"floor":26,"key":"Ornamental Fan"}],"event_choices":[{"event_name":"Shining Light","player_choice":"Entered Light","floor":4,"damage_taken":0},{"event_name":"World of Goop","player_choice":"Gather Gold","floor":11,"damage_taken":0},{"event_name":"Upgrade Shrine","player_choice":"Upgraded","floor":21,"damage_taken":0},{"event_name":"Transmorgrifier","player_choice":"Transform","floor":22,"damage_taken":0}],"boss_relics":[{"not_picked":["Runic Pyramid","Sozu"],"picked":"Nuclear Battery"}],"items_purged_floors":[24],"is_endless":false,"potions_floor_spawned":[2,3,7,13,16],"seed_played":"9211790403072005787","killed_by":"Book of Stabbing","ascension_level":5,"potions_obtained":[{"floor":2,"key":"GamblersBrew"},{"floor":3,"key":"Fire Potion"},{"floor":7,"key":"Block Potion"},{"floor":13,"key":"Strength Potion"},{"floor":16,"key":"Energy Potion"}],"is_trial":false}