{"gold_per_floor":[110,161,42,56,56,90,5,5,29,29,29,55,55,71,71,71],"floor_reached":16,"playtime":567,"items_purged":["Strike_R"],"score":211,"play_id":"318db906-6f79-4450-8c20-40f6812543bb","local_time":"20190223220110","is_ascension_mode":true,"campfire_choices":[{"floor":11,"key":"REST"},{"floor":13,"key":"REST"},{"floor":15,"key":"REST"}],"neow_cost":"NONE","seed_source_timestamp":98970668106878,"circlet_count":0,"master_deck":["AscendersBane","Strike_R","Strike_R","Strike_R","Strike_R","Defend_R","Defend_R","Defend_R","Defend_R","Bash","Blood for Blood","Combust","Shrug It Off","Regret","Inflame","Combust","Seeing Red"],"relics":["Burning Blood","Bronze Scales","Potion Belt","Boot","NlothsMask","Frozen Egg 2"],"potions_floor_usage":[10,16],"damage_taken":[{"damage":26,"enemies":"Jaw Worm","floor":1,"turns":4},{"damage":0,"enemies":"2 Louse","floor":4,"turns":2},{"damage":35,"enemies":"3 Sentries","floor":6,"turns":7},{"damage":0,"enemies":"Small Slimes","floor":10,"turns":1},{"damage":38,"enemies":"Gremlin Nob","floor":12,"turns":4},{"damage":18,"enemies":"Red Slaver","floor":14,"turns":2},{"damage":59,"enemies":"Hexaghost","floor":16,"turns":7}],"seed_played":"966162600195701434","potions_obtained":[{"floor":4,"key":"SmokeBomb"},{"floor":6,"key":"SpeedPotion"}],"is_trial":false,"path_per_floor":["M","?","$","M","?","E","$","?","T","M","R","E","R","M","R","B"],"character_chosen":"IRONCLAD","items_purchased":["Combust","Combust"],"campfire_rested":3,"item_purchase_floors":[3,7],"current_hp_per_floor":[48,48,48,54,54,25,25,25,25,31,53,21,43,31,53,0],"gold":71,"neow_bonus":"RANDOM_COMMON_RELIC","is_prod":false,"is_daily":false,"chose_seed":false,"campfire_upgraded":0,"win_rate":0,"timestamp":1550984470,"path_taken":["M","?","$","M","?","E","$","?","T","M","R","E","R","?","R","BOSS"],"build_version":"2019-01-23","purchased_purges":1,"victory":false,"max_hp_per_floor":[75,75,75,75,75,75,75,75,75,75,75,75,75,75,75,75],"card_choices":[{"not_picked":["Twin Strike","Wild Strike"],"picked":"Blood for Blood","floor":1},{"not_picked":["Clothesline","Entrench"],"picked":"Shrug It Off","floor":4},{"not_picked":["Dropkick","Battle Trance"],"picked":"Inflame","floor":6},{"not_picked":["Warcry","Sword Boomerang"],"picked":"Seeing Red","floor":12},{"not_picked":["Wild Strike","Havoc","Twin Strike"],"picked":"SKIP","floor":14}],"player_experience":1235001,"relics_obtained":[{"floor":6,"key":"Boot"},{"floor":12,"key":"Frozen Egg 2"}],"event_choices":[{"damage_healed":0,"gold_gain":51,"player_choice":"Gained Gold","damage_taken":0,"max_hp_gain":0,"max_hp_loss":0,"event_name":"Golden Wing","floor":2,"gold_loss":0},{"damage_healed":0,"gold_gain":0,"player_choice":"Box","damage_taken":0,"relics_obtained":["Potion Belt"],"max_hp_gain":0,"max_hp_loss":0,"event_name":"Big Fish","floor":5,"gold_loss":0,"cards_obtained":["Regret"]},{"damage_healed":0,"gold_gain":0,"player_choice":"Trade","damage_taken":0,"relics_obtained":["NlothsMask"],"max_hp_gain":0,"max_hp_loss":0,"event_name":"FaceTrader","floor":8,"gold_loss":0}],"is_beta":false,"boss_relics":[],"items_purged_floors":[3],"is_endless":false,"potions_floor_spawned":[4,6,10],"killed_by":"Hexaghost","ascension_level":19}