{"path_per_floor":["M","M","M","?","$","R","E","R","T","M","E","?","R","E","R","B",null,"M","$","M","?","?","R","E","M","T"],"character_chosen":"DEFECT","items_purchased":["Scrape","Go for the Eyes","Lantern"],"gold_per_floor":[113,126,138,138,16,16,49,49,49,65,99,99,99,125,125,228,228,239,15,35,35,35,35,62,82,159,159],"floor_reached":27,"campfire_rested":0,"playtime":1301,"item_purchase_floors":[5,5,19],"current_hp_per_floor":[61,60,60,60,60,60,42,42,42,44,29,29,29,36,36,50,69,75,75,60,60,60,60,12,8,8,0],"items_purged":["Defend_B"],"gold":159,"score":397,"play_id":"9b34a304-bdfd-404d-926c-63edd9f77ced","local_time":"20180529230448","is_prod":false,"is_daily":false,"chose_seed":false,"is_ascension_mode":true,"campfire_upgraded":5,"win_rate":0,"timestamp":1527656688,"campfire_choices":[{"data":"Dualcast","floor":6,"key":"SMITH"},{"data":"Scrape","floor":8,"key":"SMITH"},{"data":"Buffer","floor":13,"key":"SMITH"},{"data":"Go for the Eyes","floor":15,"key":"SMITH"},{"data":"Loop","floor":23,"key":"SMITH"}],"path_taken":["M","M","M","?","?","R","E","R","T","M","E","?","R","E","R","BOSS","M","$","M","?","?","R","E","M","T","M"],"build_version":"2018-05-28","seed_source_timestamp":1735604834373133,"purchased_purges":1,"victory":false,"master_deck":["Strike_B","Strike_B","Strike_B","Strike_B","Defend_B","Zap+1","Dualcast+1","Beam Cell","Chill","Loop+1","Seek","Scrape+1","Go for the Eyes+1","Self Repair","Thunder Strike","Buffer+1","Ball Lightning","Electrodynamics","Streamline+1","Ball Lightning","Melter"],"max_hp_per_floor":[75,75,75,75,75,75,75,75,75,75,75,75,75,75,75,75,75,75,75,75,75,75,75,75,75,75,75],"relics":["Cracked Core","Bottled Tornado","Ornamental Fan","Pantograph","Orichalcum","Inserter","Lantern","DataDisk","Toxic Egg 2"],"card_choices":[{"not_picked":["Redo","Go for the Eyes"],"picked":"Beam Cell","floor":1},{"not_picked":["Rebound","Redo"],"picked":"Chill","floor":2},{"not_picked":["Undo","Skim"],"picked":"Loop","floor":3},{"not_picked":["Hologram","Stack"],"picked":"Self Repair","floor":7},{"not_picked":["Stack","Rip and Tear"],"picked":"Thunder Strike","floor":10},{"not_picked":["Rebound","Coolheaded"],"picked":"Buffer","floor":11},{"not_picked":["Steam","Stack"],"picked":"Ball Lightning","floor":14},{"not_picked":["Meteor Strike","Reboot"],"picked":"Electrodynamics","floor":16},{"not_picked":["Coolheaded","Stack"],"picked":"Streamline+1","floor":18},{"not_picked":["Steam Power","Stack"],"picked":"Ball Lightning","floor":20},{"not_picked":["Rebound","Turbo+1","Steam"],"picked":"SKIP","floor":24},{"not_picked":["Steam+1","Rebound"],"picked":"Melter","floor":25}],"player_experience":175671,"potions_floor_usage":[18,18,25,25],"damage_taken":[{"damage":7,"enemies":"Small Slimes","floor":1,"turns":3},{"damage":1,"enemies":"Cultist","floor":2,"turns":3},{"damage":0,"enemies":"2 Louse","floor":3,"turns":2},{"damage":18,"enemies":"Gremlin Nob","floor":7,"turns":4},{"damage":5,"enemies":"Looter","floor":10,"turns":3},{"damage":22,"enemies":"Lagavulin","floor":11,"turns":5},{"damage":0,"enemies":"Gremlin Nob","floor":14,"turns":4},{"damage":18,"enemies":"Hexaghost","floor":16,"turns":8},{"damage":0,"enemies":"3 Byrds","floor":18,"turns":3},{"damage":15,"enemies":"2 Thieves","floor":20,"turns":4},{"damage":55,"enemies":"Book of Stabbing","floor":24,"turns":5},{"damage":11,"enemies":"Centurion and Healer","floor":25,"turns":4},{"damage":12,"enemies":"Snake Plant","floor":27,"turns":1}],"relics_obtained":[{"floor":7,"key":"Bottled Tornado"},{"floor":9,"key":"Ornamental Fan"},{"floor":11,"key":"Pantograph"},{"floor":14,"key":"Orichalcum"},{"floor":24,"key":"DataDisk"},{"floor":26,"key":"Toxic Egg 2"}],"event_choices":[{"event_name":"Match and Keep!","player_choice":"1 cards matched","floor":4,"damage_taken":0},{"event_name":"Bonfire Elementals","player_choice":"BASIC","floor":12,"damage_taken":0},{"event_name":"Back to Basics","player_choice":"Elegance","floor":21,"damage_taken":0},{"event_name":"Beggar","player_choice":"Ignored","floor":22,"damage_taken":0}],"boss_relics":[{"not_picked":["Philosopher\u0027s Stone","Calling Bell"],"picked":"Inserter"}],"items_purged_floors":[19],"potions_floor_spawned":[7,10,11,14,18],"seed_played":"373869589003256983","killed_by":"Snake Plant","ascension_level":9,"potions_obtained":[{"floor":7,"key":"Energy Potion"},{"floor":10,"key":"Explosive Potion"},{"floor":11,"key":"Explosive Potion"},{"floor":18,"key":"EssenceOfSteel"}],"is_trial":false}