{"gold_per_floor":[12,23,39,39,51,51,68,82,108,108,128,154,79,89,89,188,188,201,216,216],"floor_reached":20,"playtime":1047,"items_purged":["Strike_B"],"score":243,"play_id":"3c6e736e-6e76-42f9-841c-6ce948f0c58f","local_time":"20180703235339","is_ascension_mode":true,"campfire_choices":[{"data":"Creative AI","floor":6.0,"key":"SMITH"},{"floor":10,"key":"REST"},{"floor":15,"key":"REST"}],"neow_cost":"","seed_source_timestamp":0,"circlet_count":0,"master_deck":["Strike_B","Defend_B","Defend_B","Defend_B","Defend_B","Zap","Dualcast+1","Rebound","Creative AI+1","Storm","Heatsinks","Go for the Eyes","Normality","Reinforced Body+1","Force Field","Capacitor","Static Discharge","Thunder Strike","Pain","Pain","Writhe","Sweeping Beam","Beam Cell"],"special_seed":0,"relics":["Cracked Core","Art of War","War Paint","Regal Pillow","Calling Bell","Orichalcum","Mummified Hand","Mango"],"potions_floor_usage":[8,12,16],"damage_taken":[{"damage":1.0,"enemies":"Cultist","floor":1.0,"turns":4.0},{"damage":16.0,"enemies":"Small Slimes","floor":2.0,"turns":4.0},{"damage":0.0,"enemies":"2 Louse","floor":3.0,"turns":2.0},{"damage":13.0,"enemies":"Exordium Wildlife","floor":5.0,"turns":4.0},{"damage":13.0,"enemies":"Large Slime","floor":7.0,"turns":3.0},{"damage":11,"enemies":"2 Fungi Beasts","floor":8,"turns":3},{"damage":8,"enemies":"Blue Slaver","floor":11,"turns":3},{"damage":12,"enemies":"Gremlin Nob","floor":12,"turns":4},{"damage":7,"enemies":"Looter","floor":14,"turns":4},{"damage":18,"enemies":"Hexaghost","floor":16,"turns":6},{"damage":28,"enemies":"Spheric Guardian","floor":18,"turns":4},{"damage":20,"enemies":"Chosen","floor":19,"turns":5},{"damage":29,"enemies":"Slaver and Parasite","floor":20,"turns":3}],"seed_played":"-2134595071850838705","potions_obtained":[{"floor":2.0,"key":"Explosive Potion"},{"floor":5.0,"key":"PowerPotion"},{"floor":7.0,"key":"Weak Potion"},{"floor":11,"key":"Weak Potion"}],"is_trial":false,"path_per_floor":["M","M","M","?","M","R","M","M","T","R","M","E","$","M","R","B",null,"M","M"],"character_chosen":"DEFECT","items_purchased":[],"campfire_rested":2,"item_purchase_floors":[],"current_hp_per_floor":[67,51,51,51,38,38,25,14,14,36,28,16,16,9,46,28,77,49,29,0],"gold":216,"neow_bonus":"","is_prod":false,"is_daily":false,"chose_seed":false,"campfire_upgraded":1,"win_rate":0,"timestamp":1530683619,"path_taken":["M","M","M","?","M","R","?","M","T","R","M","E","$","M","R","BOSS","M","?","M"],"build_version":"2018-06-28","purchased_purges":1,"victory":false,"max_hp_per_floor":[75,75,75,75,75,75,75,75,75,75,75,75,75,75,75,75,89,89,89,89],"card_choices":[{"not_picked":["Sweeping Beam","Turbo"],"picked":"Storm","floor":1.0},{"not_picked":["Go for the Eyes","Turbo"],"picked":"Heatsinks","floor":2.0},{"not_picked":["Tempest","Compile Driver"],"picked":"Go for the Eyes","floor":3.0},{"not_picked":["Go for the Eyes","Stack"],"picked":"Reinforced Body","floor":5.0},{"not_picked":["Reinforced Body","White Noise"],"picked":"Force Field","floor":7.0},{"not_picked":["Redo","Steam","Hologram"],"picked":"SKIP","floor":8},{"not_picked":["Steam","Go for the Eyes"],"picked":"Capacitor","floor":11},{"not_picked":["Gash","Genetic Algorithm","Meteor Strike"],"picked":"SKIP","floor":12},{"not_picked":["Self Repair","Cold Snap"],"picked":"Static Discharge","floor":14},{"not_picked":["Echo Form","Hyperbeam"],"picked":"Thunder Strike","floor":16},{"not_picked":["Leap+1","Compile Driver+1"],"picked":"Sweeping Beam","floor":18},{"not_picked":["Cold Snap","Stack+1"],"picked":"Beam Cell","floor":19}],"player_experience":905593,"relics_obtained":[{"floor":9,"key":"War Paint"},{"floor":12,"key":"Regal Pillow"},{"floor":17,"key":"Orichalcum"},{"floor":17,"key":"Mummified Hand"},{"floor":17,"key":"Mango"}],"event_choices":[{"event_name":"Accursed Blacksmith","player_choice":"Rummage","floor":4.0,"damage_taken":0.0}],"boss_relics":[{"not_picked":["Snecko Eye","Pandora\u0027s Box"],"picked":"Calling Bell"}],"items_purged_floors":[13],"is_endless":false,"potions_floor_spawned":[2,5,7,11],"killed_by":"Slaver and Parasite","ascension_level":7}