{"gold_per_floor":[111,36,36,54,72,102,114,139,151,173,257,280,292,329,341,432,444,467,479,508,533,470,482,494,525,611,638,35,69,69,0,0,73,73,89,101,155,0,16,16,42,42,68,84,13,24,24],"floor_reached":47,"playtime":4110,"items_purged":["Pain"],"score":1023,"play_id":"b6dee8cb-a3ac-4e25-b805-c164c51affc8","local_time":"20190224101025","is_ascension_mode":true,"campfire_choices":[{"floor":7,"key":"REST"},{"floor":13,"key":"REST"},{"data":"Armaments","floor":15,"key":"SMITH"},{"floor":23,"key":"REST"},{"data":"Barricade","floor":30,"key":"SMITH"},{"floor":32,"key":"REST"},{"floor":40,"key":"REST"},{"floor":42,"key":"REST"}],"neow_cost":"NONE","seed_source_timestamp":139182013552306,"circlet_count":0,"master_deck":["AscendersBane","Defend_R","Defend_R","Bash","Thunderclap","Blood for Blood","Shrug It Off","Infernal Blade","Dropkick","Headbutt","Armaments+1","Barricade+1","Pommel Strike+1","Power Through+1","Thunderclap+1","Clash","Disarm","Feel No Pain","Second Wind","Metallicize","Evolve","Impervious","Seeing Red+1","Body Slam","Offering","Metallicize","Feel No Pain"],"relics":["Burning Blood","MawBank","Pen Nib","Mummified Hand","Darkstone Periapt","Astrolabe","WarpedTongs","The Courier","Lee\u0027s Waffle","Orichalcum","Anchor","Art of War","Pocketwatch","Fusion Hammer","Ginger","Red Mask","Prayer Wheel","Bag of Marbles"],"potions_floor_usage":[6,6,14,16,33,33,41],"damage_taken":[{"damage":2,"enemies":"2 Louse","floor":1,"turns":2},{"damage":11,"enemies":"Jaw Worm","floor":4,"turns":6},{"damage":8,"enemies":"Cultist","floor":5,"turns":5},{"damage":50,"enemies":"Lagavulin","floor":6,"turns":8},{"damage":16,"enemies":"3 Louse","floor":8,"turns":3},{"damage":20,"enemies":"Red Slaver","floor":10,"turns":5},{"damage":3,"enemies":"Blue Slaver","floor":12,"turns":4},{"damage":6,"enemies":"Gremlin Nob","floor":14,"turns":3},{"damage":22,"enemies":"Slime Boss","floor":16,"turns":8},{"damage":29,"enemies":"Spheric Guardian","floor":18,"turns":5},{"damage":0,"enemies":"Chosen","floor":20,"turns":5},{"damage":30,"enemies":"Snake Plant","floor":21,"turns":5},{"damage":38,"enemies":"Cultist and Chosen","floor":25,"turns":8},{"damage":6,"enemies":"Centurion and Healer","floor":27,"turns":5},{"damage":28,"enemies":"Gremlin Leader","floor":29,"turns":6},{"damage":29,"enemies":"Collector","floor":33,"turns":9},{"damage":23,"enemies":"3 Darklings","floor":35,"turns":6},{"damage":0,"enemies":"Orb Walker","floor":36,"turns":2},{"damage":56,"enemies":"2 Orb Walkers","floor":37,"turns":6},{"damage":20,"enemies":"Sphere and 2 Shapes","floor":39,"turns":7},{"damage":39,"enemies":"Giant Head","floor":41,"turns":9},{"damage":3,"enemies":"3 Darklings","floor":44,"turns":6},{"damage":24,"enemies":"Writhing Mass","floor":46,"turns":6},{"damage":48,"enemies":"Transient","floor":47,"turns":4}],"seed_played":"-673973521872024955","potions_obtained":[{"floor":1,"key":"Regen Potion"},{"floor":5,"key":"EssenceOfSteel"},{"floor":6,"key":"Strength Potion"},{"floor":14,"key":"Strength Potion"},{"floor":18,"key":"LiquidBronze"},{"floor":29,"key":"Ancient Potion"},{"floor":37,"key":"Block Potion"},{"floor":46,"key":"Strength Potion"}],"is_trial":false,"path_per_floor":["M","?","?","M","M","E","R","M","T","M","T","M","R","E","R","B",null,"M","?","M","M","?","R","?","M","T","M","$","E","R","$","R","B",null,"M","M","?","?","M","R","E","R","T","M","$","M","M"],"character_chosen":"IRONCLAD","items_purchased":["Lee\u0027s Waffle","Orichalcum","Anchor","Art of War","Evolve","Feel No Pain"],"campfire_rested":6,"item_purchase_floors":[28,28,28,28,31,45],"current_hp_per_floor":[79,79,72,67,65,36,60,50,50,36,36,39,63,63,63,47,73,50,50,56,32,32,56,62,30,30,30,95,73,73,73,95,72,89,72,78,28,28,14,42,9,37,37,40,40,22,0],"gold":24,"neow_bonus":"TEN_PERCENT_HP_BONUS","is_prod":false,"is_daily":false,"chose_seed":false,"campfire_upgraded":2,"win_rate":0,"timestamp":1551028225,"path_taken":["M","?","?","M","M","E","R","M","T","?","?","M","R","E","R","BOSS","M","?","M","?","?","R","?","M","T","M","$","E","R","$","R","BOSS","M","M","?","?","M","R","E","R","T","M","$","M","M"],"build_version":"2019-01-23","purchased_purges":1,"victory":false,"max_hp_per_floor":[82,82,82,82,82,82,82,82,82,82,82,82,82,82,82,82,82,82,82,82,82,82,82,88,88,88,88,95,95,95,95,95,95,95,95,95,95,95,95,95,95,95,95,95,95,95,95],"card_choices":[{"not_picked":["Anger","Rampage"],"picked":"Thunderclap","floor":1},{"not_picked":["Carnage","Wild Strike"],"picked":"Blood for Blood","floor":4},{"not_picked":["Burning Pact","Intimidate"],"picked":"Shrug It Off","floor":5},{"not_picked":["Combust","Perfected Strike"],"picked":"Infernal Blade","floor":6},{"not_picked":["Clash","Perfected Strike"],"picked":"Dropkick","floor":8},{"not_picked":["Warcry","Perfected Strike"],"picked":"Headbutt","floor":10},{"not_picked":["Iron Wave","Sword Boomerang"],"picked":"Armaments","floor":12},{"not_picked":["Sword Boomerang","Warcry","Combust"],"picked":"SKIP","floor":14},{"not_picked":["Offering","Immolate"],"picked":"Barricade","floor":16},{"not_picked":["Carnage","Cleave"],"picked":"Clash","floor":18},{"not_picked":["Intimidate","Armaments"],"picked":"Feel No Pain","floor":20},{"not_picked":["Pummel","Heavy Blade","Pommel Strike"],"picked":"SKIP","floor":21},{"not_picked":["Pommel Strike","Cleave"],"picked":"Second Wind","floor":25},{"not_picked":["Corruption","Shrug It Off"],"picked":"Metallicize","floor":27},{"not_picked":["Combust","Pommel Strike","Heavy Blade"],"picked":"SKIP","floor":29},{"not_picked":["Double Tap","Offering"],"picked":"Impervious","floor":33},{"not_picked":["Carnage","Cleave+1"],"picked":"Seeing Red+1","floor":35},{"not_picked":["Rupture","Cleave+1","Clothesline"],"picked":"SKIP","floor":36},{"not_picked":["Havoc","Anger+1"],"picked":"Body Slam","floor":39},{"not_picked":["Warcry","Sword Boomerang+1"],"picked":"Offering","floor":41},{"not_picked":["Spot Weakness","True Grit+1"],"picked":"Metallicize","floor":44},{"not_picked":["Sword Boomerang","Evolve+1","Heavy Blade"],"picked":"SKIP","floor":44},{"not_picked":["Thunderclap","Clash","Warcry"],"picked":"SKIP","floor":46},{"not_picked":["Twin Strike+1","Heavy Blade","Disarm"],"picked":"SKIP","floor":46}],"player_experience":1239510,"relics_obtained":[{"floor":6,"key":"MawBank"},{"floor":9,"key":"Pen Nib"},{"floor":11,"key":"Mummified Hand"},{"floor":14,"key":"Darkstone Periapt"},{"floor":26,"key":"The Courier"},{"floor":29,"key":"Pocketwatch"},{"floor":37,"key":"Ginger"},{"floor":41,"key":"Prayer Wheel"},{"floor":43,"key":"Bag of Marbles"}],"event_choices":[{"cards_removed":["Strike_R"],"damage_healed":0,"gold_gain":0,"player_choice":"Card Removal","damage_taken":0,"max_hp_gain":0,"max_hp_loss":0,"event_name":"The Cleric","floor":2,"gold_loss":75},{"cards_removed":["Strike_R"],"damage_healed":0,"gold_gain":0,"player_choice":"Card Removal","damage_taken":7,"max_hp_gain":0,"max_hp_loss":0,"event_name":"Golden Wing","floor":3,"gold_loss":0},{"damage_healed":0,"gold_gain":0,"cards_transformed":["Defend_R"],"player_choice":"Transformed","damage_taken":0,"max_hp_gain":0,"max_hp_loss":0,"event_name":"Transmorgrifier","floor":19,"gold_loss":0,"cards_obtained":["Disarm"]},{"cards_removed":["Defend_R"],"damage_healed":0,"gold_gain":0,"player_choice":"Gave Gold","damage_taken":0,"max_hp_gain":0,"max_hp_loss":0,"event_name":"Beggar","floor":22,"gold_loss":75},{"damage_healed":0,"gold_gain":0,"player_choice":"Rummage","damage_taken":0,"relics_obtained":["WarpedTongs"],"max_hp_gain":0,"max_hp_loss":0,"event_name":"Accursed Blacksmith","floor":24,"gold_loss":0,"cards_obtained":["Pain"]},{"damage_healed":0,"gold_gain":0,"player_choice":"Fight","damage_taken":0,"max_hp_gain":0,"max_hp_loss":0,"event_name":"Mysterious Sphere","floor":37,"gold_loss":0},{"damage_healed":0,"gold_gain":0,"player_choice":"Paid","damage_taken":0,"relics_obtained":["Red Mask"],"max_hp_gain":0,"max_hp_loss":0,"event_name":"Tomb of Lord Red Mask","floor":38,"gold_loss":155}],"is_beta":false,"boss_relics":[{"not_picked":["Runic Pyramid","Runic Dome"],"picked":"Astrolabe"},{"not_picked":["Coffee Dripper","Tiny House"],"picked":"Fusion Hammer"}],"items_purged_floors":[28],"is_endless":false,"potions_floor_spawned":[1,5,6,14,18,29,37,46],"killed_by":"Transient","ascension_level":19}