{"gold_per_floor":[118,118,137,287,287,316,316,330,330,349,383,117,117,149,149,225,225,236,252,252,352,352],"floor_reached":22,"playtime":1388,"items_purged":["Doubt"],"score":354,"play_id":"8737affb-f08f-4631-be88-e8d699aa5f81","local_time":"20190209132652","is_ascension_mode":true,"campfire_choices":[{"floor":7,"key":"REST"},{"data":"Mayhem","floor":13,"key":"SMITH"},{"floor":15,"key":"REST"}],"neow_cost":"NONE","seed_source_timestamp":1881252346373771,"circlet_count":0,"master_deck":["AscendersBane","Strike_B","Strike_B","Strike_B+1","Strike_B","Defend_B","Defend_B","Defend_B","Defend_B+1","Zap","Dualcast","FTL","Cold Snap","Scrape","Compile Driver","Sweeping Beam","Mayhem+1","BootSequence","Seek","Ball Lightning","Tempest+1"],"relics":["Cracked Core","Bag of Preparation","Nunchaku","Cables","Calipers","Omamori","Busted Crown","StoneCalendar","Bottled Tornado"],"potions_floor_usage":[6,11,11,16,21],"damage_taken":[{"damage":2,"enemies":"2 Louse","floor":1,"turns":4},{"damage":0,"enemies":"Small Slimes","floor":3,"turns":3},{"damage":31,"enemies":"Gremlin Nob","floor":6,"turns":4},{"damage":0,"enemies":"Cultist","floor":8,"turns":3},{"damage":11,"enemies":"Looter","floor":10,"turns":2},{"damage":3,"enemies":"Lagavulin","floor":11,"turns":5},{"damage":8,"enemies":"3 Sentries","floor":14,"turns":5},{"damage":47,"enemies":"Hexaghost","floor":16,"turns":10},{"damage":5,"enemies":"Shell Parasite","floor":18,"turns":4},{"damage":9,"enemies":"Spheric Guardian","floor":19,"turns":4},{"damage":16,"enemies":"Colosseum Slavers","floor":21,"turns":3},{"damage":21,"enemies":"Colosseum Nobs","floor":21,"turns":5},{"damage":24,"enemies":"Snake Plant","floor":22,"turns":2}],"seed_played":"2893722739497246647","potions_obtained":[{"floor":1,"key":"Fire Potion"},{"floor":8,"key":"Swift Potion"},{"floor":10,"key":"FocusPotion"},{"floor":11,"key":"Dexterity Potion"},{"floor":16,"key":"SkillPotion"}],"is_trial":false,"path_per_floor":["M","?","M","?","?","E","R","M","T","M","E","$","R","E","R","B",null,"M","M","?","?","M"],"character_chosen":"DEFECT","items_purchased":["Mayhem"],"campfire_rested":2,"item_purchase_floors":[12],"current_hp_per_floor":[62,41,41,41,71,40,61,61,61,50,47,47,47,39,60,13,57,52,43,57,20,0],"gold":352,"neow_bonus":"RANDOM_COMMON_RELIC","is_prod":false,"is_daily":false,"chose_seed":false,"campfire_upgraded":1,"win_rate":0,"timestamp":1549744012,"path_taken":["M","?","M","?","?","E","R","M","T","?","E","$","R","E","R","BOSS","M","M","?","?","M"],"build_version":"2019-01-23","purchased_purges":1,"victory":false,"max_hp_per_floor":[71,71,71,71,71,71,71,71,71,71,71,71,71,71,71,71,71,71,71,71,71,71],"card_choices":[{"not_picked":["Scrape","Aggregate"],"picked":"FTL","floor":1},{"not_picked":["Leap","Recycle"],"picked":"Cold Snap","floor":3},{"not_picked":["Double Energy","Turbo","Coolheaded"],"picked":"SKIP","floor":6},{"not_picked":["Conserve Battery","Compile Driver"],"picked":"Scrape","floor":8},{"not_picked":["Stack","Hologram"],"picked":"Compile Driver","floor":10},{"not_picked":["Turbo","Stack"],"picked":"Sweeping Beam","floor":11},{"not_picked":["Streamline","Tempest"],"picked":"BootSequence","floor":14},{"not_picked":["Core Surge","Fission"],"picked":"Seek","floor":16},{"not_picked":["Darkness"],"picked":"SKIP","floor":18},{"not_picked":[],"picked":"Ball Lightning","floor":19},{"not_picked":[],"picked":"Tempest+1","floor":21}],"player_experience":1032856,"relics_obtained":[{"floor":6,"key":"Nunchaku"},{"floor":9,"key":"Cables"},{"floor":11,"key":"Calipers"},{"floor":14,"key":"Omamori"},{"floor":21,"key":"StoneCalendar"},{"floor":21,"key":"Bottled Tornado"}],"event_choices":[{"damage_healed":0,"gold_gain":0,"player_choice":"Entered Light","damage_taken":21,"max_hp_gain":0,"max_hp_loss":0,"event_name":"Shining Light","floor":2,"gold_loss":0,"cards_upgraded":["Defend_B","Strike_B"]},{"damage_healed":0,"gold_gain":150,"player_choice":"AGREE","damage_taken":0,"max_hp_gain":0,"max_hp_loss":0,"event_name":"Liars Game","floor":4,"gold_loss":0,"cards_obtained":["Doubt"]},{"damage_healed":30,"gold_gain":0,"player_choice":"Full Heal","damage_taken":0,"max_hp_gain":0,"max_hp_loss":0,"event_name":"Wheel of Change","floor":5,"gold_loss":0},{"damage_healed":14,"gold_gain":0,"player_choice":"Heal","damage_taken":0,"max_hp_gain":0,"max_hp_loss":0,"event_name":"The Library","floor":20,"gold_loss":0},{"damage_healed":0,"gold_gain":0,"player_choice":"Fight","damage_taken":0,"max_hp_gain":0,"max_hp_loss":0,"event_name":"Colosseum","floor":21,"gold_loss":0},{"damage_healed":0,"gold_gain":0,"player_choice":"Fought Nobs","damage_taken":0,"max_hp_gain":0,"max_hp_loss":0,"event_name":"Colosseum","floor":21,"gold_loss":0}],"is_beta":false,"boss_relics":[{"not_picked":["Cursed Key","Lizard Tail"],"picked":"Busted Crown"}],"items_purged_floors":[12],"is_endless":false,"potions_floor_spawned":[1,8,10,11,16,21],"killed_by":"Snake Plant","ascension_level":15}