{"gold_per_floor":[111,111,58,69,69,69,46,76,76,87,87,149,162,176,176,271,271,288,288,213,227,317,317,335,335,415,426,426,437,437,462,462,567,567,585,595,236,249,260,260,280,291,315,315,327,346,346,7,7,7],"floor_reached":51,"playtime":3892,"items_purged":["Strike_B","Strike_B","Strike_B"],"score":681,"play_id":"a67147e1-f248-4f98-b317-7c2c6a52fc85","local_time":"20181216131914","is_ascension_mode":false,"campfire_choices":[{"data":"Coolheaded","floor":6.0,"key":"SMITH"},{"data":"Zap","floor":11.0,"key":"SMITH"},{"floor":15.0,"key":"REST"},{"floor":23.0,"key":"REST"},{"floor":25.0,"key":"REST"},{"data":"Buffer","floor":28.0,"key":"SMITH"},{"data":"Dualcast","floor":30.0,"key":"SMITH"},{"floor":32.0,"key":"REST"},{"floor":40.0,"key":"REST"},{"floor":44.0,"key":"REST"},{"floor":49,"key":"REST"}],"neow_cost":"NONE","seed_source_timestamp":0,"circlet_count":0,"master_deck":["Strike_B","Defend_B","Defend_B","Defend_B","Zap+1","Dualcast+1","Doom and Gloom+1","Coolheaded+1","Compile Driver","Ball Lightning","Redo","Auto Shields","Leap","White Noise","Buffer+1","Consume+1","Static Discharge","PanicButton","Ball Lightning","Compile Driver","Tempest+1","Fission","Glacier","Chaos+1","Static Discharge","Redo+1","Chaos+1","Tempest","Coolheaded","Compile Driver","Cold Snap+1","Ball Lightning+1","Thunder Strike+1","White Noise","Blizzard"],"special_seed":0,"relics":["Cracked Core","NeowsBlessing","Darkstone Periapt","Bag of Preparation","Tiny Chest","Nuclear Battery","Nilry\u0027s Codex","Gremlin Horn","Omamori","Orrery","Orichalcum","Regal Pillow"],"potions_floor_usage":[50,50,50],"damage_taken":[{"damage":0.0,"enemies":"Small Slimes","floor":1.0,"turns":1.0},{"damage":0.0,"enemies":"Jaw Worm","floor":4.0,"turns":1.0},{"damage":0.0,"enemies":"Lagavulin","floor":8.0,"turns":1.0},{"damage":0.0,"enemies":"Cultist","floor":10.0,"turns":2.0},{"damage":17.0,"enemies":"3 Sentries","floor":12.0,"turns":4.0},{"damage":5.0,"enemies":"3 Louse","floor":13.0,"turns":2.0},{"damage":9.0,"enemies":"Exordium Thugs","floor":14.0,"turns":3.0},{"damage":32.0,"enemies":"Hexaghost","floor":16.0,"turns":8.0},{"damage":1.0,"enemies":"Chosen","floor":18.0,"turns":5.0},{"damage":5.0,"enemies":"3 Byrds","floor":21.0,"turns":5.0},{"damage":12.0,"enemies":"Shelled Parasite and Fungi","floor":24.0,"turns":4.0},{"damage":14.0,"enemies":"Snake Plant","floor":27.0,"turns":3.0},{"damage":0.0,"enemies":"Snecko","floor":29.0,"turns":4.0},{"damage":15.0,"enemies":"Slavers","floor":31.0,"turns":5.0},{"damage":38.0,"enemies":"Automaton","floor":33.0,"turns":9.0},{"damage":12.0,"enemies":"Orb Walker","floor":35.0,"turns":4.0},{"damage":2.0,"enemies":"3 Shapes","floor":36.0,"turns":3.0},{"damage":16.0,"enemies":"Spire Growth","floor":38.0,"turns":4.0},{"damage":38.0,"enemies":"Maw","floor":39.0,"turns":7.0},{"damage":0.0,"enemies":"4 Shapes","floor":41.0,"turns":3.0},{"damage":10.0,"enemies":"Jaw Worm Horde","floor":42.0,"turns":4.0},{"damage":0.0,"enemies":"Transient","floor":45.0,"turns":5.0},{"damage":0.0,"enemies":"4 Shapes","floor":46.0,"turns":6.0},{"damage":60,"enemies":"Awakened One","floor":50,"turns":13}],"seed_played":"-7309944060913508277","potions_obtained":[{"floor":1.0,"key":"PowerPotion"},{"floor":4.0,"key":"SpeedPotion"},{"floor":14.0,"key":"FocusPotion"},{"floor":16.0,"key":"Energy Potion"},{"floor":21.0,"key":"Poison Potion"},{"floor":24.0,"key":"Poison Potion"},{"floor":29.0,"key":"Energy Potion"},{"floor":35.0,"key":"Ancient Potion"},{"floor":41.0,"key":"Energy Potion"}],"is_trial":false,"path_per_floor":["M","?","$","M","?","R","$","E","T","M","R","E","M","M","R","B",null,"M","?","$","M","?","R","M","R","T","M","R","M","R","E","R","B",null,"M","M","$","M","M","R","M","M","T","R","M","M","?","$","R","B",null],"character_chosen":"DEFECT","items_purchased":["Coolheaded","Compile Driver","Tempest","Coolheaded","Compile Driver","FocusPotion","Regal Pillow","Blizzard"],"campfire_rested":7,"item_purchase_floors":[3,7,37,37,37,37,48,48],"current_hp_per_floor":[75,75,75,75,68,68,68,68,68,68,68,51,46,37,59,27,75,74,58,58,53,32,54,42,64,64,50,50,50,50,35,57,19,75,63,61,61,45,7,29,29,19,19,41,41,41,41,41,75,15],"gold":7,"neow_bonus":"THREE_ENEMY_KILL","is_prod":false,"is_daily":false,"chose_seed":false,"campfire_upgraded":4,"win_rate":0,"timestamp":1544980754,"path_taken":["M","?","$","M","?","R","$","E","T","M","R","E","M","M","R","BOSS","M","?","$","M","?","R","M","R","T","M","R","M","R","E","R","BOSS","M","M","$","M","M","R","M","?","T","R","M","M","?","?","R","BOSS"],"build_version":"2018-12-13","purchased_purges":3,"victory":true,"max_hp_per_floor":[75,75,75,75,75,75,75,75,75,75,75,75,75,75,75,75,75,75,75,75,75,75,75,75,75,75,75,75,75,75,75,75,75,75,75,75,75,75,75,75,75,75,75,75,75,75,75,75,75,75],"card_choices":[{"not_picked":["Redo","Sweeping Beam"],"picked":"Doom and Gloom","floor":1.0},{"not_picked":["Sunder","Rip and Tear","Recycle"],"picked":"SKIP","floor":4.0},{"not_picked":["Stack","Blizzard"],"picked":"Ball Lightning","floor":8.0},{"not_picked":["White Noise","FTL"],"picked":"Redo","floor":10.0},{"not_picked":["Sweeping Beam","Steam Power"],"picked":"Auto Shields","floor":12.0},{"not_picked":["Gash","Blizzard"],"picked":"Leap","floor":13.0},{"not_picked":["Steam","Hello World"],"picked":"White Noise","floor":14.0},{"not_picked":["Multi-Cast","All For One"],"picked":"Buffer","floor":16.0},{"not_picked":["Doom and Gloom","Storm"],"picked":"Consume+1","floor":18.0},{"not_picked":["Double Energy","Leap"],"picked":"Static Discharge","floor":21.0},{"not_picked":["Rebound","Conserve Battery"],"picked":"Ball Lightning","floor":24.0},{"not_picked":["Lockon","Barrage"],"picked":"Compile Driver","floor":27.0},{"not_picked":["Melter","Turbo+1","Amplify"],"picked":"SKIP","floor":29.0},{"not_picked":["Barrage","Steam"],"picked":"Tempest+1","floor":31.0},{"not_picked":["Amplify","Hyperbeam"],"picked":"Fission","floor":33.0},{"not_picked":["Streamline","Turbo+1"],"picked":"Glacier","floor":34.0},{"not_picked":["BootSequence","Turbo"],"picked":"Chaos+1","floor":34.0},{"not_picked":["Auto Shields","Barrage"],"picked":"Static Discharge","floor":34.0},{"not_picked":["Sweeping Beam+1","Double Energy"],"picked":"Redo+1","floor":35.0},{"not_picked":["Consume+1","Creative AI"],"picked":"Chaos+1","floor":36.0},{"not_picked":["Streamline+1","Beam Cell+1"],"picked":"Cold Snap+1","floor":38.0},{"not_picked":["Barrage+1","Consume+1"],"picked":"Ball Lightning+1","floor":39.0},{"not_picked":["Undo+1","Turbo"],"picked":"Thunder Strike","floor":41.0},{"not_picked":["Hello World","Turbo+1","Force Field"],"picked":"SKIP","floor":42.0},{"not_picked":["Compile Driver+1","Go for the Eyes+1","Self Repair"],"picked":"SKIP","floor":45.0},{"not_picked":["Cold Snap+1","Hologram"],"picked":"White Noise","floor":46.0}],"player_experience":121474,"relics_obtained":[{"floor":8.0,"key":"Darkstone Periapt"},{"floor":9.0,"key":"Bag of Preparation"},{"floor":12.0,"key":"Tiny Chest"},{"floor":19.0,"key":"Nilry\u0027s Codex"},{"floor":26.0,"key":"Gremlin Horn"},{"floor":31.0,"key":"Omamori"},{"floor":43.0,"key":"Orichalcum"}],"event_choices":[{"damage_healed":0.0,"max_hp_gain":0.0,"max_hp_loss":0.0,"gold_gain":0.0,"event_name":"Living Wall","player_choice":"Grow","floor":2.0,"gold_loss":0.0,"damage_taken":0.0,"cards_upgraded":["Doom and Gloom"]},{"cards_removed":["Defend_B"],"damage_healed":0.0,"max_hp_gain":0.0,"max_hp_loss":0.0,"gold_gain":0.0,"event_name":"Golden Wing","player_choice":"Card Removal","floor":5.0,"gold_loss":0.0,"damage_taken":7.0},{"damage_healed":0.0,"max_hp_gain":0.0,"max_hp_loss":0.0,"gold_gain":0.0,"event_name":"Cursed Tome","player_choice":"Obtained Book","floor":19.0,"gold_loss":0.0,"damage_taken":16.0},{"damage_healed":0.0,"max_hp_gain":0.0,"max_hp_loss":0.0,"gold_gain":90.0,"event_name":"Knowing Skull","player_choice":"GOLD CARD ","floor":22.0,"potions_obtained":[],"gold_loss":0.0,"damage_taken":21.0,"cards_obtained":["PanicButton"]},{"damage_healed":0.0,"max_hp_gain":0.0,"max_hp_loss":0.0,"gold_gain":0.0,"event_name":"Accursed Blacksmith","player_choice":"Forge","floor":47.0,"gold_loss":0.0,"damage_taken":0.0,"cards_upgraded":["Thunder Strike"]}],"is_beta":false,"boss_relics":[{"not_picked":["Sozu","Coffee Dripper"],"picked":"Nuclear Battery"},{"not_picked":["Busted Crown","Snecko Eye"],"picked":"Orrery"}],"items_purged_floors":[20,37,48],"is_endless":false,"potions_floor_spawned":[1,4,14,16,21,24,29,35,38,41],"ascension_level":0}