{"gold_per_floor":[114,126,137,87,12,37,37,54,104,139,153,215,215,233,233,328,328,346,365,365,14,34,34,66,66,66,95,114,126,126,138,138,236,236,251,251,269,269,286,314,314,334,334,59,59,74,74,85,85,85],"floor_reached":51,"playtime":4021,"items_purged":["Defend_R","Strike_R","Strike_R"],"score":731,"play_id":"f2fc0530-ca5b-44e6-8f0f-223a261dd07d","local_time":"20190125100840","is_ascension_mode":false,"campfire_choices":[{"data":"Combust","floor":7.0,"key":"SMITH"},{"data":"Rupture","floor":15.0,"key":"SMITH"},{"data":"Berserk","floor":23,"key":"SMITH"},{"data":"J.A.X.","floor":25,"key":"SMITH"},{"data":"Sword Boomerang","floor":32,"key":"SMITH"},{"floor":41,"key":"REST"},{"floor":49,"key":"REST"}],"neow_cost":"","seed_source_timestamp":0,"circlet_count":0,"master_deck":["Strike_R","Defend_R+1","Defend_R","Defend_R","Bash+1","Twin Strike","Shrug It Off","Combust+1","Pommel Strike","Berserk+1","Rupture+1","Shrug It Off","Twin Strike+1","Sword Boomerang+1","Offering+1","Blood for Blood","Clothesline","J.A.X.+1","Hemokinesis","Shockwave","Headbutt+1","Twin Strike","Cleave+1","Flex+1","Whirlwind","Iron Wave","Warcry+1","Battle Trance","Combust"],"special_seed":0,"relics":["Burning Blood","Meat on the Bone","Bronze Scales","Oddly Smooth Stone","Darkstone Periapt","Velvet Choker","Matryoshka","Strawberry","War Paint","Anchor","Whetstone","Fusion Hammer","Boot","Letter Opener","Gremlin Horn","Regal Pillow"],"potions_floor_usage":[27,29,50,50,50],"damage_taken":[{"damage":6.0,"enemies":"Jaw Worm","floor":1.0,"turns":6.0},{"damage":7.0,"enemies":"2 Louse","floor":2.0,"turns":3.0},{"damage":0.0,"enemies":"Small Slimes","floor":3.0,"turns":3.0},{"damage":35.0,"enemies":"Lagavulin","floor":6.0,"turns":7.0},{"damage":15.0,"enemies":"3 Louse","floor":8.0,"turns":3.0},{"damage":37.0,"enemies":"3 Sentries","floor":10.0,"turns":5.0},{"damage":6.0,"enemies":"Looter","floor":11.0,"turns":3.0},{"damage":21.0,"enemies":"3 Sentries","floor":12.0,"turns":5.0},{"damage":4.0,"enemies":"Lots of Slimes","floor":14.0,"turns":3.0},{"damage":23.0,"enemies":"The Guardian","floor":16.0,"turns":7.0},{"damage":29.0,"enemies":"2 Thieves","floor":18.0,"turns":3.0},{"damage":19.0,"enemies":"3 Byrds","floor":19.0,"turns":4.0},{"damage":10.0,"enemies":"Snecko","floor":22.0,"turns":4.0},{"damage":21,"enemies":"Gremlin Leader","floor":24,"turns":3},{"damage":13,"enemies":"Book of Stabbing","floor":27,"turns":3},{"damage":13,"enemies":"Shelled Parasite and Fungi","floor":28,"turns":3},{"damage":17,"enemies":"3 Cultists","floor":29,"turns":4},{"damage":4,"enemies":"Snake Plant","floor":31,"turns":3},{"damage":41,"enemies":"Champ","floor":33,"turns":7},{"damage":17,"enemies":"3 Darklings","floor":35,"turns":3},{"damage":16,"enemies":"Orb Walker","floor":37,"turns":3},{"damage":29,"enemies":"Maw","floor":39,"turns":5},{"damage":44,"enemies":"Giant Head","floor":40,"turns":6},{"damage":24,"enemies":"Transient","floor":42,"turns":5},{"damage":15,"enemies":"Jaw Worm Horde","floor":46,"turns":3},{"damage":17,"enemies":"Spire Growth","floor":48,"turns":4},{"damage":65,"enemies":"Awakened One","floor":50,"turns":7}],"seed_played":"-7644424209892428780","potions_obtained":[{"floor":6.0,"key":"Weak Potion"},{"floor":8.0,"key":"Swift Potion"},{"floor":10.0,"key":"Energy Potion"},{"floor":11.0,"key":"Fire Potion"},{"floor":18.0,"key":"SkillPotion"},{"floor":22.0,"key":"Explosive Potion"},{"floor":28,"key":"Fruit Juice"},{"floor":31,"key":"SpeedPotion"}],"is_trial":false,"path_per_floor":["M","M","M","?","$","E","R","M","T","E","M","?","?","M","R","B",null,"M","M","?","$","M","R","E","R","T","E","M","M","?","M","R","B",null,"M","?","M","?","M","E","R","M","T","$","$","M","$","M","R","B",null],"character_chosen":"IRONCLAD","items_purchased":["Matryoshka","Regal Pillow"],"campfire_rested":2,"item_purchase_floors":[21,44],"current_hp_per_floor":[80,79,80,80,80,51,51,54,54,35,47,44,44,58,58,53,80,57,56,56,56,52,52,56,56,56,61,54,60,42,56,56,33,97,86,77,67,67,56,30,59,53,53,53,53,56,56,57,97,50],"gold":85,"neow_bonus":"","is_prod":false,"is_daily":false,"chose_seed":false,"campfire_upgraded":5,"win_rate":0.0,"timestamp":1548436120,"path_taken":["M","M","M","?","$","E","R","M","T","E","M","?","?","M","R","BOSS","M","M","?","$","M","R","E","R","T","E","M","M","?","M","R","BOSS","M","?","?","?","M","E","R","M","T","?","$","M","$","M","R","BOSS"],"build_version":"2019-01-23","purchased_purges":3,"victory":true,"max_hp_per_floor":[80,80,80,80,80,80,80,80,80,80,80,80,80,80,80,80,80,80,80,80,80,80,80,87,87,87,87,87,92,97,97,97,97,97,97,97,97,97,97,97,97,97,97,97,97,97,97,97,97,97],"card_choices":[{"not_picked":["Pommel Strike","True Grit"],"picked":"Twin Strike","floor":1.0},{"not_picked":["Clash","Cleave"],"picked":"Shrug It Off","floor":2.0},{"not_picked":["Dual Wield","Disarm"],"picked":"Combust","floor":3.0},{"not_picked":["Dual Wield","Perfected Strike"],"picked":"Pommel Strike","floor":6.0},{"not_picked":["Rampage","Thunderclap"],"picked":"Berserk","floor":8.0},{"not_picked":["Pommel Strike","Carnage"],"picked":"Rupture","floor":10.0},{"not_picked":["Warcry","Thunderclap"],"picked":"Shrug It Off","floor":11.0},{"not_picked":["Dual Wield","Shrug It Off"],"picked":"Twin Strike","floor":12.0},{"not_picked":["True Grit","Clothesline"],"picked":"Sword Boomerang","floor":14.0},{"not_picked":["Berserk","Feed"],"picked":"Offering","floor":16.0},{"not_picked":["Twin Strike","Sword Boomerang"],"picked":"Blood for Blood","floor":18.0},{"not_picked":["True Grit","Rage"],"picked":"Clothesline","floor":19.0},{"not_picked":["Disarm+1","Clash"],"picked":"Hemokinesis","floor":22.0},{"not_picked":["Pommel Strike","Shrug It Off"],"picked":"Shockwave","floor":24},{"not_picked":["Second Wind","Pommel Strike"],"picked":"Headbutt+1","floor":27},{"not_picked":["Perfected Strike+1","Dual Wield"],"picked":"Twin Strike","floor":28},{"not_picked":["Bloodletting","Flex"],"picked":"Cleave+1","floor":29},{"not_picked":["Pommel Strike","Burning Pact"],"picked":"Flex+1","floor":31},{"not_picked":["Brutality","Offering"],"picked":"Barricade","floor":33},{"not_picked":["Entrench","Headbutt+1"],"picked":"Whirlwind","floor":35},{"not_picked":["Rampage","Armaments","Twin Strike"],"picked":"SKIP","floor":37},{"not_picked":["Entrench+1","Clash"],"picked":"Warcry+1","floor":39},{"not_picked":["Twin Strike+1","Headbutt+1"],"picked":"Battle Trance","floor":40},{"not_picked":["Searing Blow+1","Clash"],"picked":"Combust","floor":42},{"not_picked":["Infernal Blade","Hemokinesis","Headbutt+1"],"picked":"SKIP","floor":46},{"not_picked":["Carnage+1","Warcry","Headbutt"],"picked":"SKIP","floor":48}],"player_experience":0,"relics_obtained":[{"floor":6.0,"key":"Meat on the Bone"},{"floor":9.0,"key":"Bronze Scales"},{"floor":10.0,"key":"Oddly Smooth Stone"},{"floor":12.0,"key":"Darkstone Periapt"},{"floor":24,"key":"Strawberry"},{"floor":26,"key":"War Paint"},{"floor":26,"key":"Anchor"},{"floor":27,"key":"Whetstone"},{"floor":40,"key":"Boot"},{"floor":43,"key":"Letter Opener"},{"floor":43,"key":"Gremlin Horn"}],"event_choices":[{"cards_removed":["Strike_R"],"damage_healed":0.0,"max_hp_gain":0.0,"max_hp_loss":0.0,"gold_gain":0.0,"event_name":"The Cleric","player_choice":"Card Removal","floor":4.0,"gold_loss":50.0,"damage_taken":0.0},{"damage_healed":0.0,"max_hp_gain":0.0,"max_hp_loss":0.0,"gold_gain":0.0,"event_name":"Dead Adventurer","player_choice":"Searched \u00272\u0027 times","floor":12.0,"gold_loss":0.0,"damage_taken":0.0},{"cards_removed":["Strike_R"],"damage_healed":0.0,"max_hp_gain":0.0,"max_hp_loss":0.0,"gold_gain":0.0,"event_name":"Living Wall","player_choice":"Forget","floor":13.0,"gold_loss":0.0,"damage_taken":0.0},{"damage_healed":0.0,"max_hp_gain":0.0,"max_hp_loss":0.0,"gold_gain":0.0,"event_name":"Drug Dealer","player_choice":"Obtain J.A.X.","floor":20.0,"gold_loss":0.0,"damage_taken":0.0,"cards_obtained":["J.A.X."]},{"damage_healed":0,"gold_gain":0,"player_choice":"Shed Blood","damage_taken":23,"max_hp_gain":5,"max_hp_loss":0,"event_name":"Forgotten Altar","floor":30,"gold_loss":0},{"damage_healed":0,"gold_gain":0,"player_choice":"Damaged","damage_taken":9,"max_hp_gain":0,"max_hp_loss":0,"event_name":"Wheel of Change","floor":36,"gold_loss":0},{"cards_removed":["Barricade"],"damage_healed":0,"gold_gain":0,"player_choice":"Took Card","damage_taken":0,"max_hp_gain":0,"max_hp_loss":0,"event_name":"NoteForYourself","floor":38,"gold_loss":0,"cards_obtained":["Iron Wave"]}],"is_beta":false,"boss_relics":[{"not_picked":["Runic Cube","Ectoplasm"],"picked":"Velvet Choker"},{"not_picked":["Tiny House","Cursed Key"],"picked":"Fusion Hammer"}],"items_purged_floors":[5,21,44],"is_endless":false,"potions_floor_spawned":[6,8,10,11,12,18,22,24,28,31,37,39,46],"ascension_level":0}