{"path_per_floor":["M","M","$","M","M","R","$","E","T","R","$","E","R","M","R","B",null,"M","M","$","?","M","M","R","M","T","R","M","R","E"],"character_chosen":"IRONCLAD","items_purchased":["Rage","Thunderclap","Feed"],"gold_per_floor":[112,128,6,20,30,30,30,57,80,80,5,37,37,56,56,156,156,173,186,49,74,93,112,112,127,150,150,162,162,196,196],"floor_reached":31,"campfire_rested":4,"playtime":2865,"current_hp_per_floor":[80,80,80,80,76,76,76,57,57,80,80,70,70,70,70,45,80,71,49,49,41,36,15,39,44,44,69,51,76,18,0],"items_purged":["Defend_R"],"gold":196,"score":267,"play_id":"d90d6acc-3929-459d-859f-b15d036d8dfb","local_time":"20180514203346","is_prod":false,"is_daily":false,"chose_seed":false,"is_ascension_mode":false,"campfire_upgraded":3,"timestamp":1526340826,"path_taken":["M","M","$","M","M","R","$","E","T","R","$","E","R","M","R","BOSS","M","M","$","?","M","M","R","M","T","R","M","R","E","M"],"build_version":"2018-05-10","seed_source_timestamp":524187534347620,"purchased_purges":1,"victory":false,"master_deck":["Strike_R","Strike_R","Strike_R","Strike_R","Strike_R","Defend_R","Defend_R+1","Defend_R+1","Bash","Iron Wave","Clothesline","Rage","Thunderclap","Cleave+1","Cleave","Fiend Fire+1","Sword Boomerang","Rampage+1","Demon Form","Seeing Red","Perfected Strike","Perfected Strike","Armaments","Double Tap","Pommel Strike","Flame Barrier","Feed","Dual Wield","Seeing Red","Rage","Pommel Strike+1","Uppercut+1"],"max_hp_per_floor":[80,80,80,80,80,80,80,80,80,80,80,80,80,80,80,80,80,80,80,80,83,83,83,83,86,86,86,86,86,86,86],"relics":["Burning Blood","Happy Flower","War Paint","Orichalcum","Orrery","Red Mask","Juzu Bracelet","Bird Faced Urn"],"card_choices":[{"not_picked":["Sword Boomerang","Body Slam"],"picked":"Iron Wave","floor":1},{"not_picked":["Corruption","Combust"],"picked":"Clothesline","floor":2},{"not_picked":["Seeing Red","Armaments"],"picked":"Cleave","floor":4},{"not_picked":["Inflame","Iron Wave"],"picked":"Cleave","floor":5},{"not_picked":["Burning Pact","Iron Wave"],"picked":"Fiend Fire","floor":8},{"not_picked":["Warcry","Ghostly Armor"],"picked":"Sword Boomerang","floor":12},{"not_picked":["Shrug It Off","Reckless Charge"],"picked":"Rampage","floor":14},{"not_picked":["Juggernaut","Reaper"],"picked":"Demon Form","floor":16},{"not_picked":["True Grit","Flex"],"picked":"Seeing Red","floor":17},{"not_picked":["Body Slam","Flex"],"picked":"Perfected Strike","floor":17},{"not_picked":["Dual Wield","Rage"],"picked":"Perfected Strike","floor":17},{"not_picked":["Flex","Shrug It Off"],"picked":"Armaments","floor":17},{"not_picked":["True Grit","Pommel Strike"],"picked":"Double Tap","floor":17},{"not_picked":["Clothesline","Headbutt"],"picked":"Pommel Strike","floor":18},{"not_picked":["Rampage","Iron Wave"],"picked":"Flame Barrier","floor":19},{"not_picked":["Sword Boomerang","Iron Wave"],"picked":"Dual Wield","floor":21},{"not_picked":["Berserk","Armaments"],"picked":"Seeing Red","floor":22},{"not_picked":["Pommel Strike","Headbutt"],"picked":"Rage","floor":25},{"not_picked":["Cleave","Body Slam"],"picked":"Pommel Strike","floor":28},{"not_picked":["Dark Embrace","Rampage"],"picked":"Uppercut","floor":30}],"player_experience":0,"potions_floor_usage":[16,16,16,25,30],"damage_taken":[{"damage":1,"enemies":"Cultist","floor":1,"turns":3},{"damage":5,"enemies":"Small Slimes","floor":2,"turns":3},{"damage":1,"enemies":"2 Louse","floor":4,"turns":3},{"damage":10,"enemies":"2 Fungi Beasts","floor":5,"turns":3},{"damage":25,"enemies":"Lagavulin","floor":8,"turns":6},{"damage":16,"enemies":"3 Sentries","floor":12,"turns":5},{"damage":6,"enemies":"Blue Slaver","floor":14,"turns":2},{"damage":31,"enemies":"The Guardian","floor":16,"turns":8},{"damage":15,"enemies":"Spheric Guardian","floor":18,"turns":4},{"damage":28,"enemies":"2 Thieves","floor":19,"turns":4},{"damage":17,"enemies":"Masked Bandits","floor":21,"turns":4},{"damage":11,"enemies":"Snecko","floor":22,"turns":4},{"damage":27,"enemies":"Snake Plant","floor":23,"turns":4},{"damage":4,"enemies":"Sentry and Sphere","floor":25,"turns":3},{"damage":24,"enemies":"Slaver and Parasite","floor":28,"turns":6},{"damage":64,"enemies":"Gremlin Leader","floor":30,"turns":7},{"damage":18,"enemies":"Chosen and Byrds","floor":31,"turns":2}],"event_choices":[{"event_name":"Masked Bandits","player_choice":"Fought over 49 gold","floor":21,"damage_taken":0}],"boss_relics":[{"not_picked":["Calling Bell","Runic Cube"],"picked":"Orrery"}],"potions_floor_spawned":[2,4,5,14,16,19,21,28,30],"seed_played":"8630276047682636272","killed_by":"Chosen and Byrds","ascension_level":0,"is_trial":false}