{"gold_per_floor":[111,36,53,53,53,94,113,113,113,113,147,147,147,147,147,245,245,260,260,260,185,200,200,239,255,255,255,298,298,298,298],"floor_reached":31,"playtime":1345,"items_purged":["Strike_R"],"score":589,"play_id":"223586b4-c5fb-489d-8a75-6678eeab0262","local_time":"20190222192453","is_ascension_mode":true,"campfire_choices":[{"data":"Combust","floor":8,"key":"SMITH"},{"data":"Body Slam","floor":10,"key":"SMITH"},{"data":"Whirlwind","floor":13,"key":"SMITH"},{"data":"Rupture","floor":15,"key":"SMITH"},{"floor":23,"key":"REST"},{"floor":27,"key":"REST"},{"floor":30,"key":"REST"}],"neow_cost":"NONE","seed_source_timestamp":2410421873028,"circlet_count":0,"master_deck":["AscendersBane","Strike_R","Strike_R","Strike_R","Defend_R","Defend_R","Defend_R","Defend_R","Bash","Body Slam+1","Rupture+1","Evolve","Combust+1","Whirlwind+1","Berserk","True Grit","Sever Soul","J.A.X.","Iron Wave","Metallicize","Iron Wave","Ghostly Armor"],"relics":["Burning Blood","NeowsBlessing","Golden Idol","Incense Burner","Mango","Centennial Puzzle","Thread and Needle","Mark of Pain","Question Card","Kunai","WingedGreaves","Omamori"],"potions_floor_usage":[11,16,24,25],"damage_taken":[{"damage":0,"enemies":"Small Slimes","floor":1,"turns":1},{"damage":0,"enemies":"2 Louse","floor":3,"turns":1},{"damage":0,"enemies":"Lagavulin","floor":6,"turns":1},{"damage":2,"enemies":"Cultist","floor":7,"turns":4},{"damage":19,"enemies":"3 Sentries","floor":11,"turns":6},{"damage":23,"enemies":"Hexaghost","floor":16,"turns":9},{"damage":28,"enemies":"3 Byrds","floor":18,"turns":4},{"damage":26,"enemies":"Shell Parasite","floor":22,"turns":4},{"damage":25,"enemies":"Slavers","floor":24,"turns":2},{"damage":29,"enemies":"Cultist and Chosen","floor":25,"turns":5},{"damage":49,"enemies":"Gremlin Leader","floor":28,"turns":7},{"damage":33,"enemies":"Shelled Parasite and Fungi","floor":31,"turns":3}],"seed_played":"3621555667401885674","potions_obtained":[{"floor":1,"key":"SkillPotion"},{"floor":7,"key":"Swift Potion"},{"floor":22,"key":"SkillPotion"},{"floor":24,"key":"AttackPotion"}],"is_trial":false,"path_per_floor":["M","$","M","?","?","E","M","R","T","R","E","?","R","T","R","B",null,"M","?","?","?","M","R","E","M","T","R","E","T","R","M"],"character_chosen":"IRONCLAD","items_purchased":[],"campfire_rested":3,"item_purchase_floors":[],"current_hp_per_floor":[74,74,75,49,75,75,75,75,89,89,76,76,76,76,76,59,82,60,60,60,60,40,66,47,24,24,50,7,7,33,0],"gold":298,"neow_bonus":"THREE_ENEMY_KILL","is_prod":false,"is_daily":false,"chose_seed":false,"campfire_upgraded":4,"win_rate":0,"timestamp":1550888693,"path_taken":["M","$","M","?","?","E","?","R","T","R","E","?","R","?","R","BOSS","M","?","?","?","M","R","E","?","T","R","E","?","R","?"],"build_version":"2019-01-23","purchased_purges":1,"victory":false,"max_hp_per_floor":[75,75,75,75,75,75,75,75,89,89,89,89,89,89,89,89,89,89,89,89,89,89,89,89,89,89,89,89,89,89,89],"card_choices":[{"not_picked":["Sentinel","Thunderclap"],"picked":"Body Slam","floor":1},{"not_picked":["Burning Pact","Perfected Strike"],"picked":"Rupture","floor":3},{"not_picked":["Clothesline","Power Through"],"picked":"Evolve","floor":6},{"not_picked":["Body Slam","Clash"],"picked":"Combust","floor":7},{"not_picked":["Battle Trance","Second Wind"],"picked":"Whirlwind","floor":11},{"not_picked":["Impervious","Bludgeon"],"picked":"Berserk","floor":16},{"not_picked":["Pommel Strike+1","Rage"],"picked":"True Grit","floor":18},{"not_picked":["Cleave","Havoc"],"picked":"Iron Wave","floor":22},{"not_picked":["Headbutt","Dropkick"],"picked":"Metallicize","floor":24},{"not_picked":["Perfected Strike+1","Twin Strike","Infernal Blade"],"picked":"Iron Wave","floor":25},{"not_picked":["Flex","Inflame","Clothesline"],"picked":"Ghostly Armor","floor":28}],"player_experience":1209639,"relics_obtained":[{"floor":6,"key":"Incense Burner"},{"floor":9,"key":"Mango"},{"floor":11,"key":"Centennial Puzzle"},{"floor":14,"key":"Thread and Needle"},{"floor":24,"key":"Question Card"},{"floor":26,"key":"Kunai"},{"floor":28,"key":"WingedGreaves"},{"floor":29,"key":"Omamori"}],"event_choices":[{"damage_healed":0,"gold_gain":0,"player_choice":"Take Damage","damage_taken":26,"relics_obtained":["Golden Idol"],"max_hp_gain":0,"max_hp_loss":0,"event_name":"Golden Idol","floor":4,"gold_loss":0},{"damage_healed":26,"gold_gain":0,"player_choice":"Full Heal","damage_taken":0,"max_hp_gain":0,"max_hp_loss":0,"event_name":"Wheel of Change","floor":5,"gold_loss":0},{"damage_healed":0,"gold_gain":0,"player_choice":"Ignored","damage_taken":0,"max_hp_gain":0,"max_hp_loss":0,"event_name":"Liars Game","floor":12,"gold_loss":0},{"damage_healed":0,"gold_gain":0,"player_choice":"Read","damage_taken":0,"max_hp_gain":0,"max_hp_loss":0,"event_name":"The Library","floor":19,"gold_loss":0,"cards_obtained":["Sever Soul"]},{"damage_healed":0,"gold_gain":0,"player_choice":"Obtain J.A.X.","damage_taken":0,"max_hp_gain":0,"max_hp_loss":0,"event_name":"Drug Dealer","floor":20,"gold_loss":0,"cards_obtained":["J.A.X."]},{"cards_removed":["Strike_R"],"damage_healed":0,"gold_gain":0,"player_choice":"Gave Gold","damage_taken":0,"max_hp_gain":0,"max_hp_loss":0,"event_name":"Beggar","floor":21,"gold_loss":75}],"is_beta":false,"boss_relics":[{"not_picked":["Tiny House","Cursed Key"],"picked":"Mark of Pain"}],"items_purged_floors":[2],"is_endless":false,"potions_floor_spawned":[1,7,22,24],"killed_by":"Shelled Parasite and Fungi","ascension_level":19}