{"gold_per_floor":[117,117,192,75,99,99,143,143,143,143,143,143,143,38,38,38],"floor_reached":16,"playtime":453,"items_purged":["Injury"],"score":183,"play_id":"b798fd31-8202-49e9-a3d5-deaa7b6561be","local_time":"20190222190216","is_ascension_mode":true,"campfire_choices":[{"data":"Cleave","floor":6,"key":"SMITH"},{"data":"Shrug It Off","floor":8,"key":"SMITH"},{"data":"Bash","floor":10,"key":"SMITH"},{"floor":12,"key":"REST"},{"floor":15,"key":"REST"}],"neow_cost":"NONE","seed_source_timestamp":1946040582162,"circlet_count":0,"master_deck":["AscendersBane","Strike_R","Strike_R","Strike_R","Strike_R+1","Defend_R","Defend_R","Defend_R","Defend_R+1","Bash+1","Shrug It Off+1","Power Through","Cleave+1","Impervious","Inflame","Iron Wave"],"relics":["Burning Blood","Golden Idol","Pantograph","Ornamental Fan"],"potions_floor_usage":[7],"damage_taken":[{"damage":10,"enemies":"2 Louse","floor":1,"turns":3},{"damage":2,"enemies":"Jaw Worm","floor":5,"turns":6},{"damage":36,"enemies":"Lagavulin","floor":7,"turns":8},{"damage":83,"enemies":"Slime Boss","floor":16,"turns":10}],"seed_played":"-7017304511019038270","potions_obtained":[{"floor":5,"key":"Weak Potion"}],"is_trial":false,"path_per_floor":["M","?","?","$","M","R","E","R","T","R","?","R","?","$","R","B"],"character_chosen":"IRONCLAD","items_purchased":["Power Through","Inflame","Iron Wave"],"campfire_rested":2,"item_purchase_floors":[4,14,14],"current_hp_per_floor":[71,71,60,60,64,64,34,34,34,34,27,51,26,26,50,0],"gold":38,"neow_bonus":"TEN_PERCENT_HP_BONUS","is_prod":false,"is_daily":false,"chose_seed":false,"campfire_upgraded":3,"win_rate":0,"timestamp":1550887336,"path_taken":["M","?","?","$","M","R","E","R","T","R","?","R","?","?","R","BOSS"],"build_version":"2019-01-23","purchased_purges":1,"victory":false,"max_hp_per_floor":[82,82,82,82,82,82,82,82,82,82,82,82,82,82,82,82],"card_choices":[{"not_picked":["Sever Soul","Warcry"],"picked":"Shrug It Off","floor":1},{"not_picked":["True Grit","Power Through"],"picked":"Cleave","floor":5},{"not_picked":["Armaments","Exhume"],"picked":"Impervious","floor":7}],"player_experience":1209186,"relics_obtained":[{"floor":7,"key":"Pantograph"},{"floor":9,"key":"Ornamental Fan"}],"event_choices":[{"damage_healed":0,"gold_gain":0,"player_choice":"Take Wound","damage_taken":0,"relics_obtained":["Golden Idol"],"max_hp_gain":0,"max_hp_loss":0,"event_name":"Golden Idol","floor":2,"gold_loss":0,"cards_obtained":["Injury"]},{"damage_healed":0,"gold_gain":75,"player_choice":"Gather Gold","damage_taken":11,"max_hp_gain":0,"max_hp_loss":0,"event_name":"World of Goop","floor":3,"gold_loss":0},{"cards_removed":["Strike_R"],"damage_healed":0,"gold_gain":0,"player_choice":"Card Removal","damage_taken":7,"max_hp_gain":0,"max_hp_loss":0,"event_name":"Golden Wing","floor":11,"gold_loss":0},{"damage_healed":0,"gold_gain":0,"player_choice":"Entered Light","damage_taken":25,"max_hp_gain":0,"max_hp_loss":0,"event_name":"Shining Light","floor":13,"gold_loss":0,"cards_upgraded":["Strike_R","Defend_R"]}],"is_beta":false,"boss_relics":[],"items_purged_floors":[4],"is_endless":false,"potions_floor_spawned":[5],"killed_by":"Slime Boss","ascension_level":19}