{"gold_per_floor":[109,184,184,184,203,203,229,239,239,289,289,314,314,330,330,402,402,419,419,438,23,35,35,35,35,62,88,88,88,5,23,23,100,100,120,220,236,236,252,252,272,302,302,334,344,344,344,82,82,82],"floor_reached":50,"playtime":3529,"items_purged":["Regret"],"score":1177,"play_id":"a1ecc2fa-c10d-473a-a9b0-29516bbc202e","local_time":"20190307011414","is_ascension_mode":true,"campfire_choices":[{"data":"Cleave","floor":6,"key":"SMITH"},{"data":"Flame Barrier","floor":11,"key":"SMITH"},{"data":"Carnage","floor":13,"key":"SMITH"},{"data":"Shrug It Off","floor":15,"key":"SMITH"},{"floor":23,"key":"REST"},{"data":"Barricade","floor":25,"key":"SMITH"},{"floor":28,"key":"REST"},{"floor":32,"key":"REST"},{"data":"Transmutation","floor":40,"key":"SMITH"},{"floor":46,"key":"REST"},{"floor":49,"key":"RECALL"}],"neow_cost":"NONE","seed_source_timestamp":3631100964848,"circlet_count":0,"master_deck":["AscendersBane","Bash","Cleave+1","Carnage+1","Power Through","Flame Barrier+1","Iron Wave+1","Shrug It Off+1","Barricade+1","Flame Barrier","Anger+1","Spot Weakness","Corruption","Carnage+1","Feed+1","Thunderclap+1","Intimidate","Pommel Strike+1","Blood for Blood+1","Power Through","Wild Strike+1","Shockwave","Mayhem","Impervious","Headbutt+1","Second Wind","Sentinel","Decay","Metallicize","Uppercut+1","Impervious","Body Slam+1","Intimidate","True Grit+1","Mind Blast+1","Transmutation+1","Jack Of All Trades","Rampage+1","Shrug It Off","Cleave+1","Juggernaut","Metallicize+1","Dual Wield","Body Slam+1"],"relics":["Burning Blood","NeowsBlessing","Centennial Puzzle","Vajra","Molten Egg 2","Letter Opener","Gremlin Horn","Pandora\u0027s Box","Juzu Bracelet","Mummified Hand","Sozu","StoneCalendar","Pantograph","Omamori","WarpedTongs","Bronze Scales"],"potions_floor_usage":[12,16,16,33,35,42],"damage_taken":[{"damage":0,"enemies":"Jaw Worm","floor":1,"turns":1},{"damage":0,"enemies":"Cultist","floor":5,"turns":1},{"damage":0,"enemies":"Lagavulin","floor":7,"turns":1},{"damage":8,"enemies":"2 Louse","floor":8,"turns":2},{"damage":26,"enemies":"Gremlin Nob","floor":12,"turns":4},{"damage":3,"enemies":"2 Fungi Beasts","floor":14,"turns":2},{"damage":39,"enemies":"The Guardian","floor":16,"turns":11},{"damage":27,"enemies":"Shell Parasite","floor":18,"turns":4},{"damage":11,"enemies":"3 Byrds","floor":20,"turns":4},{"damage":9,"enemies":"Snake Plant","floor":22,"turns":5},{"damage":18,"enemies":"Gremlin Leader","floor":27,"turns":4},{"damage":17,"enemies":"3 Cultists","floor":31,"turns":5},{"damage":10,"enemies":"Automaton","floor":33,"turns":13},{"damage":2,"enemies":"3 Shapes","floor":35,"turns":3},{"damage":0,"enemies":"Mind Bloom Boss Battle","floor":36,"turns":6},{"damage":0,"enemies":"3 Darklings","floor":37,"turns":5},{"damage":0,"enemies":"Sphere and 2 Shapes","floor":39,"turns":5},{"damage":35,"enemies":"4 Shapes","floor":41,"turns":5},{"damage":0,"enemies":"Reptomancer","floor":42,"turns":4},{"damage":51,"enemies":"Giant Head","floor":44,"turns":9},{"damage":4,"enemies":"Jaw Worm Horde","floor":45,"turns":2},{"damage":77,"enemies":"Time Eater","floor":50,"turns":8}],"seed_played":"-2550090561787309815","potions_obtained":[{"floor":5,"key":"Block Potion"},{"floor":12,"key":"Fire Potion"},{"floor":14,"key":"Energy Potion"},{"floor":16,"key":"SmokeBomb"},{"floor":20,"key":"Swift Potion"},{"floor":27,"key":"Weak Potion"},{"floor":33,"key":"GamblersBrew"}],"is_trial":false,"path_per_floor":["M","?","?","T","M","R","E","M","T","?","R","E","R","M","R","B",null,"M","?","M","$","M","R","?","R","T","E","R","?","$","M","R","B",null,"M","?","M","?","M","R","M","E","T","E","M","R","?","$","R","B"],"character_chosen":"IRONCLAD","items_purchased":["Mayhem","Impervious","Metallicize","Bronze Scales","Dual Wield","Body Slam+1"],"campfire_rested":4,"item_purchase_floors":[21,21,30,48,48,48],"current_hp_per_floor":[74,63,63,63,69,69,75,73,73,66,66,46,46,49,49,16,60,39,39,38,38,35,58,58,58,58,46,69,69,69,58,79,75,78,83,83,83,73,83,83,58,64,64,19,21,48,48,48,48,0],"gold":82,"neow_bonus":"THREE_ENEMY_KILL","is_prod":false,"is_daily":false,"chose_seed":false,"campfire_upgraded":6,"win_rate":0,"timestamp":1551946454,"path_taken":["M","?","?","?","?","R","E","?","T","?","R","E","R","?","R","BOSS","M","?","M","?","M","R","?","R","T","E","R","?","$","M","R","BOSS","M","?","M","?","M","R","M","E","T","E","M","R","?","$","R","BOSS"],"build_version":"2019-01-23","purchased_purges":1,"victory":false,"max_hp_per_floor":[75,75,75,75,75,75,75,75,75,75,75,75,75,75,75,75,75,75,75,79,79,79,79,79,79,79,79,79,79,79,79,79,79,79,83,83,83,83,87,87,91,91,91,91,91,91,91,91,91,91],"card_choices":[{"not_picked":["Clash","Iron Wave"],"picked":"Cleave","floor":1},{"not_picked":["Armaments","Warcry"],"picked":"Carnage","floor":5},{"not_picked":["Sever Soul","Armaments"],"picked":"Power Through","floor":7},{"not_picked":["Sword Boomerang+1","Headbutt+1"],"picked":"Flame Barrier","floor":8},{"not_picked":["Perfected Strike+1","Carnage+1"],"picked":"Iron Wave+1","floor":12},{"not_picked":["Searing Blow+1","Clash+1"],"picked":"Shrug It Off","floor":14},{"not_picked":["Fiend Fire+1","Berserk"],"picked":"Barricade","floor":16},{"not_picked":["Clash+1","Anger+1"],"picked":"Blood for Blood+1","floor":18},{"not_picked":["Anger+1","Clash+1"],"picked":"Shockwave","floor":20},{"not_picked":["True Grit","Shockwave"],"picked":"Headbutt+1","floor":22},{"not_picked":["Hemokinesis+1","Searing Blow+1"],"picked":"Sentinel","floor":27},{"not_picked":["Flex","Pommel Strike+1"],"picked":"Uppercut+1","floor":31},{"not_picked":["Barricade","Feed+1"],"picked":"Impervious","floor":33},{"not_picked":["Pommel Strike+1","Rampage+1"],"picked":"Body Slam+1","floor":35},{"not_picked":["Cleave+1","Twin Strike+1"],"picked":"Intimidate","floor":36},{"not_picked":["Havoc","Shrug It Off"],"picked":"True Grit+1","floor":37},{"not_picked":["Bandage Up","Secret Weapon"],"picked":"Mind Blast+1","floor":38},{"not_picked":["Trip","Good Instincts"],"picked":"Transmutation","floor":38},{"not_picked":["Bandage Up","Madness"],"picked":"Jack Of All Trades","floor":38},{"not_picked":["Headbutt+1","Twin Strike+1"],"picked":"Rampage+1","floor":39},{"not_picked":["Rupture+1","Anger+1"],"picked":"Shrug It Off","floor":41},{"not_picked":["Sentinel","Headbutt+1"],"picked":"Cleave+1","floor":42},{"not_picked":["Seeing Red","Anger+1"],"picked":"Juggernaut","floor":44},{"not_picked":["Wild Strike+1","Clothesline+1"],"picked":"Metallicize+1","floor":45}],"player_experience":1366992,"relics_obtained":[{"floor":4,"key":"Vajra"},{"floor":7,"key":"Molten Egg 2"},{"floor":9,"key":"Letter Opener"},{"floor":12,"key":"Gremlin Horn"},{"floor":26,"key":"Juzu Bracelet"},{"floor":27,"key":"Mummified Hand"},{"floor":36,"key":"StoneCalendar"},{"floor":42,"key":"Pantograph"},{"floor":44,"key":"Omamori"}],"event_choices":[{"damage_healed":0,"gold_gain":75,"player_choice":"Gather Gold","damage_taken":11,"max_hp_gain":0,"max_hp_loss":0,"event_name":"World of Goop","floor":2,"gold_loss":0},{"damage_healed":0,"gold_gain":0,"player_choice":"Box","damage_taken":0,"relics_obtained":["Centennial Puzzle"],"max_hp_gain":0,"max_hp_loss":0,"event_name":"Big Fish","floor":3,"gold_loss":0,"cards_obtained":["Regret"]},{"damage_healed":0,"gold_gain":50,"player_choice":"Touch","damage_taken":7,"max_hp_gain":0,"max_hp_loss":0,"event_name":"FaceTrader","floor":10,"gold_loss":0},{"damage_healed":0,"gold_gain":0,"player_choice":"2 cards matched","damage_taken":0,"max_hp_gain":0,"max_hp_loss":0,"event_name":"Match and Keep!","floor":19,"gold_loss":0,"cards_obtained":["Power Through","Wild Strike"]},{"damage_healed":0,"gold_gain":0,"player_choice":"Read","damage_taken":0,"max_hp_gain":0,"max_hp_loss":0,"event_name":"The Library","floor":24,"gold_loss":0,"cards_obtained":["Second Wind"]},{"damage_healed":0,"gold_gain":0,"player_choice":"Smashed Altar","damage_taken":0,"max_hp_gain":0,"max_hp_loss":0,"event_name":"Forgotten Altar","floor":29,"gold_loss":0,"cards_obtained":["Decay"]},{"damage_healed":0,"gold_gain":0,"player_choice":"Fight","damage_taken":0,"max_hp_gain":0,"max_hp_loss":0,"event_name":"MindBloom","floor":36,"gold_loss":0},{"damage_healed":0,"gold_gain":0,"player_choice":"Memory 3","damage_taken":10,"max_hp_gain":0,"max_hp_loss":0,"event_name":"SensoryStone","floor":38,"gold_loss":0},{"damage_healed":0,"gold_gain":0,"player_choice":"Rummage","damage_taken":0,"relics_obtained":["WarpedTongs"],"max_hp_gain":0,"max_hp_loss":0,"event_name":"Accursed Blacksmith","floor":47,"gold_loss":0,"cards_obtained":["Pain"]}],"is_beta":false,"boss_relics":[{"not_picked":["Black Blood","Coffee Dripper"],"picked":"Pandora\u0027s Box"},{"not_picked":["Eternal Feather","Snecko Eye"],"picked":"Sozu"}],"items_purged_floors":[21],"is_endless":false,"potions_floor_spawned":[5,12,14,16,20,27,33,36,37,44],"killed_by":"Time Eater","ascension_level":20}