{"path_per_floor":["M","M","$","?","M","R","$","E","T","R","M","M","R","E","R","B",null,"M","M","M","?","M","R"],"character_chosen":"DEFECT","items_purchased":["Scrape"],"gold_per_floor":[113,129,19,19,32,32,32,76,76,76,76,89,89,129,129,259,559,584,608,624,624,647,647,647],"floor_reached":24,"campfire_rested":0,"playtime":1368,"item_purchase_floors":[3],"current_hp_per_floor":[72,68,68,50,50,50,50,34,34,34,46,42,42,45,45,25,75,47,45,32,32,30,30,0],"items_purged":["Defend_B"],"gold":647,"score":239,"play_id":"10277c82-0442-44b9-b437-7d96fdb7a34b","local_time":"20180607225757","is_prod":false,"is_daily":false,"chose_seed":false,"is_ascension_mode":true,"campfire_upgraded":5,"win_rate":0,"timestamp":1528433877,"campfire_choices":[{"data":"Zap","floor":6,"key":"SMITH"},{"data":"Storm","floor":10,"key":"SMITH"},{"data":"Dualcast","floor":13,"key":"SMITH"},{"data":"Reinforced Body","floor":15,"key":"SMITH"},{"data":"Loop","floor":23,"key":"SMITH"}],"path_taken":["M","M","$","?","M","R","$","E","T","R","M","?","R","E","R","BOSS","M","M","M","?","M","R","E"],"build_version":"2018-06-07","seed_source_timestamp":709405639562933,"purchased_purges":1,"victory":false,"master_deck":["Strike_B","Strike_B","Strike_B+1","Defend_B","Defend_B","Defend_B","Zap+1","Dualcast+1","Undo","Reinforced Body+1","Loop+1","Scrape+1","Storm+1","Cold Snap","Static Discharge","Echo Form","Writhe","Injury","Doubt","Chill","Force Field","Self Repair"],"max_hp_per_floor":[75,75,75,75,75,75,75,75,75,75,75,75,75,75,75,75,75,75,75,75,75,75,75,75],"relics":["Cracked Core","Golden Idol","Meat on the Bone","Smiling Mask","Whetstone","Calling Bell","Old Coin","Dream Catcher","Dodecahedron"],"card_choices":[{"not_picked":["Stack","Sweeping Beam"],"picked":"Reinforced Body","floor":1},{"not_picked":["Recycle","Coolheaded"],"picked":"Loop","floor":2},{"not_picked":["Blizzard","Stack","Leap"],"picked":"SKIP","floor":5},{"not_picked":["Stack","Go for the Eyes"],"picked":"Storm","floor":8},{"not_picked":["Capacitor","Fission"],"picked":"Cold Snap","floor":12},{"not_picked":["Glacier","Genetic Algorithm"],"picked":"Static Discharge","floor":14},{"not_picked":["Fission","Hyperbeam"],"picked":"Echo Form","floor":16},{"not_picked":["Steam","Recycle"],"picked":"Chill","floor":18},{"not_picked":["Coolheaded","Turbo","Stack+1"],"picked":"SKIP","floor":19},{"not_picked":["Coolheaded+1","Gash"],"picked":"Force Field","floor":20},{"not_picked":["Ball Lightning+1","Rebound"],"picked":"Self Repair","floor":22}],"player_experience":865213,"potions_floor_usage":[11,16,19,20,24,24],"damage_taken":[{"damage":3,"enemies":"Jaw Worm","floor":1,"turns":4},{"damage":4,"enemies":"2 Louse","floor":2,"turns":2},{"damage":0,"enemies":"Cultist","floor":5,"turns":4},{"damage":16,"enemies":"Gremlin Nob","floor":8,"turns":4},{"damage":0,"enemies":"Exordium Thugs","floor":11,"turns":1},{"damage":16,"enemies":"2 Fungi Beasts","floor":12,"turns":3},{"damage":9,"enemies":"3 Sentries","floor":14,"turns":6},{"damage":32,"enemies":"The Guardian","floor":16,"turns":10},{"damage":40,"enemies":"2 Thieves","floor":18,"turns":4},{"damage":14,"enemies":"3 Byrds","floor":19,"turns":3},{"damage":25,"enemies":"Snecko","floor":20,"turns":6},{"damage":14,"enemies":"Snake Plant","floor":22,"turns":7},{"damage":33,"enemies":"Gremlin Leader","floor":24,"turns":6}],"relics_obtained":[{"floor":8,"key":"Meat on the Bone"},{"floor":9,"key":"Smiling Mask"},{"floor":14,"key":"Whetstone"},{"floor":17,"key":"Old Coin"},{"floor":17,"key":"Dream Catcher"},{"floor":17,"key":"Dodecahedron"}],"event_choices":[{"event_name":"Golden Idol","player_choice":"Take Damage","floor":4,"damage_taken":0},{"event_name":"The Woman in Blue","player_choice":"Bought 0 Potions","floor":21,"damage_taken":0}],"boss_relics":[{"not_picked":["Tiny House","Eternal Feather"],"picked":"Calling Bell"}],"items_purged_floors":[3],"potions_floor_spawned":[5,8,12,14,18,20],"seed_played":"-4405545546392544101","killed_by":"Gremlin Leader","ascension_level":3,"potions_obtained":[{"floor":5,"key":"SmokeBomb"},{"floor":8,"key":"Weak Potion"},{"floor":12,"key":"EssenceOfSteel"},{"floor":14,"key":"Fire Potion"},{"floor":18,"key":"SkillPotion"},{"floor":20,"key":"Dexterity Potion"}],"is_trial":false}