{"gold_per_floor":[111,123,139,64,64,64,79,94,94,94,111,129,129,155,155,232,232,252,87,103,3,3,3,31,31],"floor_reached":25,"playtime":1463,"items_purged":["Strike_R","Strike_R"],"score":546,"play_id":"9902da8a-c081-47be-ac24-6e53d79435fb","local_time":"20190306092739","is_ascension_mode":true,"campfire_choices":[{"data":"Immolate","floor":6,"key":"SMITH"},{"data":"Power Through","floor":10,"key":"SMITH"},{"data":"Limit Break","floor":15,"key":"SMITH"},{"data":"Dual Wield","floor":23,"key":"SMITH"}],"neow_cost":"TEN_PERCENT_HP_LOSS","seed_source_timestamp":403618354567122,"circlet_count":0,"master_deck":["AscendersBane","Strike_R","Defend_R","Defend_R","Defend_R","Defend_R","Bash","Metallicize","Blood for Blood","Blood for Blood","Headbutt","Immolate+1","Clash","Pommel Strike","Power Through+1","Dual Wield+1","Flex","Limit Break+1","Double Tap","Second Wind","Warcry","J.A.X.","Heavy Blade"],"relics":["Burning Blood","Paper Frog","Ancient Tea Set","Lizard Tail","Oddly Smooth Stone","Ornamental Fan"],"potions_floor_usage":[3,14,16,20,25],"damage_taken":[{"damage":6,"enemies":"Cultist","floor":1,"turns":4},{"damage":6,"enemies":"Small Slimes","floor":2,"turns":5},{"damage":4,"enemies":"Jaw Worm","floor":3,"turns":4},{"damage":0,"enemies":"2 Fungi Beasts","floor":7,"turns":1},{"damage":21,"enemies":"Large Slime","floor":8,"turns":5},{"damage":9,"enemies":"Exordium Thugs","floor":11,"turns":4},{"damage":8,"enemies":"Blue Slaver","floor":12,"turns":3},{"damage":4,"enemies":"3 Sentries","floor":14,"turns":4},{"damage":0,"enemies":"Slime Boss","floor":16,"turns":5},{"damage":19,"enemies":"Spheric Guardian","floor":18,"turns":6},{"damage":18,"enemies":"Chosen","floor":20,"turns":5},{"damage":48,"enemies":"Gremlin Leader","floor":24,"turns":7},{"damage":41,"enemies":"Shelled Parasite and Fungi","floor":25,"turns":4}],"seed_played":"-3730896890817145689","potions_obtained":[{"floor":1,"key":"Fire Potion"},{"floor":2,"key":"Fire Potion"},{"floor":12,"key":"Block Potion"},{"floor":18,"key":"Fire Potion"},{"floor":24,"key":"Block Potion"}],"is_trial":false,"path_per_floor":["M","M","M","$","?","R","M","M","T","R","M","M","?","E","R","B",null,"M","$","M","$","?","R","E","M"],"character_chosen":"IRONCLAD","items_purchased":["Oddly Smooth Stone"],"campfire_rested":0,"item_purchase_floors":[19],"current_hp_per_floor":[68,68,68,68,68,68,68,53,53,53,50,48,68,68,68,68,68,55,55,43,43,43,43,40,0],"gold":31,"neow_bonus":"TRANSFORM_TWO_CARDS","is_prod":false,"is_daily":false,"chose_seed":false,"campfire_upgraded":4,"win_rate":0,"timestamp":1551889659,"path_taken":["M","M","M","$","?","R","?","?","T","R","M","M","?","E","R","BOSS","M","$","M","$","?","R","E","M"],"build_version":"2019-01-23","purchased_purges":2,"victory":false,"max_hp_per_floor":[68,68,68,68,68,68,68,68,68,68,68,68,68,68,68,68,68,68,68,68,68,68,68,68,68],"card_choices":[{"not_picked":["Heavy Blade","Intimidate"],"picked":"Blood for Blood","floor":1},{"not_picked":["Sword Boomerang","Warcry"],"picked":"Headbutt","floor":2},{"not_picked":["Armaments","Fire Breathing"],"picked":"Immolate","floor":3},{"not_picked":["Heavy Blade","Clash"],"picked":"Pommel Strike","floor":7},{"not_picked":["Feed","Pommel Strike"],"picked":"Power Through","floor":8},{"not_picked":["True Grit","Flex"],"picked":"Dual Wield","floor":11},{"not_picked":["Rampage","Burning Pact"],"picked":"Flex","floor":12},{"not_picked":["Armaments","Wild Strike"],"picked":"Limit Break","floor":14},{"not_picked":["Limit Break","Exhume"],"picked":"Double Tap","floor":16},{"not_picked":["Carnage","Bloodletting"],"picked":"Second Wind","floor":18},{"not_picked":["Anger","Headbutt"],"picked":"Warcry","floor":20},{"not_picked":["Combust","Pommel Strike"],"picked":"Heavy Blade","floor":24}],"player_experience":1348717,"relics_obtained":[{"floor":9,"key":"Paper Frog"},{"floor":14,"key":"Ancient Tea Set"},{"floor":24,"key":"Ornamental Fan"}],"event_choices":[{"damage_healed":0,"gold_gain":0,"player_choice":"1 cards matched","damage_taken":0,"max_hp_gain":0,"max_hp_loss":0,"event_name":"Match and Keep!","floor":5,"gold_loss":0,"cards_obtained":["Clash"]},{"damage_healed":20,"gold_gain":0,"player_choice":"Full Heal","damage_taken":0,"max_hp_gain":0,"max_hp_loss":0,"event_name":"Wheel of Change","floor":13,"gold_loss":0},{"damage_healed":0,"gold_gain":0,"player_choice":"Obtain J.A.X.","damage_taken":0,"max_hp_gain":0,"max_hp_loss":0,"event_name":"Drug Dealer","floor":22,"gold_loss":0,"cards_obtained":["J.A.X."]}],"is_beta":false,"boss_relics":[{"not_picked":["Runic Cube","Runic Pyramid"],"picked":"Lizard Tail"}],"items_purged_floors":[4,21],"is_endless":false,"potions_floor_spawned":[1,2,12,18,24],"killed_by":"Shelled Parasite and Fungi","ascension_level":20}