{"path_per_floor":["M","$","?","M","?","R","M","E","T","M","R","M","E","M","R","B",null,"M","M","$","?","?","M"],"character_chosen":"DEFECT","items_purchased":["Bronze Scales","Flash of Steel"],"gold_per_floor":[110,35,35,54,54,54,72,101,127,147,147,165,190,208,208,312,342,356,366,11,11,11,25,25],"floor_reached":24,"campfire_rested":1,"playtime":1304,"item_purchase_floors":[20,20],"current_hp_per_floor":[68,68,65,53,53,53,53,33,33,25,46,48,32,33,33,18,72,54,37,37,37,37,26,0],"items_purged":["Parasite","Regret"],"gold":25,"score":264,"play_id":"0b588530-ab3e-4eea-a3df-08ff9f0cfc65","local_time":"20180608231435","is_prod":false,"is_daily":false,"chose_seed":false,"is_ascension_mode":true,"campfire_upgraded":2,"win_rate":0,"timestamp":1528521275,"campfire_choices":[{"data":"Redo","floor":6,"key":"SMITH"},{"floor":11,"key":"REST"},{"data":"Conserve Battery","floor":15,"key":"SMITH"}],"path_taken":["M","$","?","M","?","R","M","E","T","M","R","M","E","M","R","BOSS","M","M","$","?","?","M","E"],"build_version":"2018-06-07v3","seed_source_timestamp":796872788598760,"purchased_purges":2,"victory":false,"master_deck":["Defend_B","Defend_B","Defend_B","Defend_B","Zap","Dualcast","Redo+1","Beam Cell","Conserve Battery+1","Loop","BootSequence","Amplify","Sweeping Beam","Biased Cognition","Conserve Battery","Consume","Flash of Steel","Bite","Bite","Bite","Bite","Bite","Cold Snap"],"max_hp_per_floor":[75,72,72,72,72,72,72,72,72,72,72,72,72,72,72,72,72,72,72,72,72,72,72,72],"relics":["Cracked Core","Turnip","Bag of Preparation","Boot","Omamori","Calling Bell","Tiny Chest","Ginger","Matryoshka","Bronze Scales"],"card_choices":[{"not_picked":["Leap","Tempest"],"picked":"Redo","floor":1},{"not_picked":["Hologram","Streamline"],"picked":"Beam Cell","floor":4},{"not_picked":["Compile Driver","Redo","Beam Cell"],"picked":"SKIP","floor":7},{"not_picked":["Fusion","Leap"],"picked":"Conserve Battery","floor":8},{"not_picked":["Stack","Ball Lightning"],"picked":"Loop","floor":10},{"not_picked":["Compile Driver","Ball Lightning"],"picked":"BootSequence","floor":12},{"not_picked":["Streamline","Lockon"],"picked":"Amplify","floor":13},{"not_picked":["Redo","Force Field"],"picked":"Sweeping Beam","floor":14},{"not_picked":["Amplify","Multi-Cast"],"picked":"Biased Cognition","floor":16},{"not_picked":["Undo","Compile Driver+1"],"picked":"Conserve Battery","floor":18},{"not_picked":["Fusion","Consume","Auto Shields"],"picked":"SKIP","floor":19},{"not_picked":["Fusion","Auto Shields"],"picked":"Consume","floor":19},{"not_picked":["Gash+1","Auto Shields"],"picked":"Cold Snap","floor":23}],"player_experience":872459,"potions_floor_usage":[8,16,24,24],"damage_taken":[{"damage":7,"enemies":"Small Slimes","floor":1,"turns":3},{"damage":12,"enemies":"Jaw Worm","floor":4,"turns":2},{"damage":0,"enemies":"Cultist","floor":7,"turns":2},{"damage":20,"enemies":"Lagavulin","floor":8,"turns":4},{"damage":10,"enemies":"Exordium Thugs","floor":10,"turns":5},{"damage":0,"enemies":"Large Slime","floor":12,"turns":5},{"damage":18,"enemies":"3 Sentries","floor":13,"turns":7},{"damage":1,"enemies":"Looter","floor":14,"turns":3},{"damage":17,"enemies":"The Guardian","floor":16,"turns":10},{"damage":18,"enemies":"Shell Parasite","floor":18,"turns":5},{"damage":19,"enemies":"Chosen","floor":19,"turns":6},{"damage":23,"enemies":"Centurion and Healer","floor":23,"turns":6},{"damage":42,"enemies":"Book of Stabbing","floor":24,"turns":5}],"relics_obtained":[{"floor":8,"key":"Boot"},{"floor":9,"key":"Blood Vial"},{"floor":13,"key":"Omamori"},{"floor":17,"key":"Tiny Chest"},{"floor":17,"key":"Ginger"},{"floor":17,"key":"Matryoshka"}],"event_choices":[{"event_name":"Scrap Ooze","player_choice":"success","floor":3,"damage_taken":3},{"event_name":"The Woman in Blue","player_choice":"Bought 0 Potions","floor":5,"damage_taken":0},{"event_name":"Vampires","player_choice":"Became a vampire (Vial)","floor":21,"damage_taken":0},{"event_name":"Drug Dealer","player_choice":"Ignored","floor":22,"damage_taken":0}],"boss_relics":[{"not_picked":["Tiny House","Runic Dome"],"picked":"Calling Bell"}],"items_purged_floors":[2,20],"potions_floor_spawned":[1,4,10,16,23],"seed_played":"4409234637801422150","killed_by":"Book of Stabbing","ascension_level":3,"potions_obtained":[{"floor":1,"key":"SteroidPotion"},{"floor":4,"key":"LiquidBronze"},{"floor":10,"key":"FearPotion"},{"floor":16,"key":"Ancient Potion"},{"floor":23,"key":"EssenceOfSteel"}],"is_trial":false}