{"gold_per_floor":[119,21,21,32,49,49,65,77,102,128,148,181,181,198,198,300,300,312,312,411,429,93,119,152,52,129,109,109,137,156,156,156,261,261,281,281,291,337,354,388,388,420,420,144,144,163,163,191,191,191,191,191,118,146,146],"floor_reached":55,"playtime":4771,"items_purged":["Strike_G","Strike_G","Survivor"],"score":996,"play_id":"96f83aec-4ca5-4259-a48d-cf6b895522cb","local_time":"20190309093450","is_ascension_mode":true,"campfire_choices":[{"data":"Neutralize","floor":6,"key":"SMITH"},{"data":"Well Laid Plans","floor":13,"key":"SMITH"},{"data":"Cloak And Dagger","floor":15,"key":"SMITH"},{"floor":28,"key":"RECALL"},{"floor":32,"key":"REST"},{"floor":41,"key":"REST"},{"floor":45,"key":"REST"},{"floor":49,"key":"REST"},{"floor":52,"key":"REST"}],"neow_cost":"TEN_PERCENT_HP_LOSS","seed_source_timestamp":709865484167798,"circlet_count":0,"master_deck":["Defend_G+1","Defend_G+1","Defend_G+1","Defend_G+1","Defend_G+1","Strike_G+1","Neutralize+1","Backstab","Dagger Throw","Well Laid Plans+1","Backstab","Endless Agony+1","Predator+1","Acrobatics","PiercingWail","Backflip","Cloak And Dagger+1","After Image","Blade Dance","Cloak And Dagger","Accuracy","Leg Sweep","Dash+1","Glass Knife+1","Finisher+1","Expertise+1","Accuracy+1","Flechettes+1","Terror+1","Cloak And Dagger","Heel Hook+1","Footwork","Finesse","Escape Plan+1","Dodge and Roll+1","Cloak And Dagger+1","Leg Sweep","Burst"],"relics":["Ring of the Snake","Calipers","Centennial Puzzle","Lantern","Bag of Preparation","Fusion Hammer","Bronze Scales","Lee\u0027s Waffle","WingedGreaves","Dream Catcher","Molten Egg 2","Mercury Hourglass","WristBlade","Ginger","Bag of Marbles","Ninja Scroll","Whetstone","Art of War","Tingsha"],"potions_floor_usage":[16,16,16,24,38,54,55],"damage_taken":[{"damage":1,"enemies":"Cultist","floor":1,"turns":5},{"damage":2,"enemies":"Small Slimes","floor":4,"turns":2},{"damage":0,"enemies":"2 Louse","floor":5,"turns":2},{"damage":1,"enemies":"Exordium Thugs","floor":7,"turns":3},{"damage":0,"enemies":"2 Fungi Beasts","floor":8,"turns":2},{"damage":22,"enemies":"Lagavulin","floor":10,"turns":6},{"damage":0,"enemies":"Blue Slaver","floor":11,"turns":2},{"damage":9,"enemies":"Gremlin Nob","floor":12,"turns":4},{"damage":0,"enemies":"Looter","floor":14,"turns":1},{"damage":18,"enemies":"Slime Boss","floor":16,"turns":8},{"damage":0,"enemies":"Spheric Guardian","floor":18,"turns":3},{"damage":3,"enemies":"Shell Parasite","floor":21,"turns":3},{"damage":12,"enemies":"Book of Stabbing","floor":23,"turns":6},{"damage":0,"enemies":"Gremlin Leader","floor":24,"turns":8},{"damage":11,"enemies":"Book of Stabbing","floor":29,"turns":5},{"damage":0,"enemies":"Snake Plant","floor":30,"turns":3},{"damage":7,"enemies":"Champ","floor":33,"turns":16},{"damage":0,"enemies":"3 Darklings","floor":35,"turns":3},{"damage":0,"enemies":"Orb Walker","floor":37,"turns":2},{"damage":0,"enemies":"2 Orb Walkers","floor":38,"turns":3},{"damage":12,"enemies":"Maw","floor":39,"turns":5},{"damage":20,"enemies":"Nemesis","floor":40,"turns":5},{"damage":17,"enemies":"Reptomancer","floor":42,"turns":3},{"damage":0,"enemies":"Spire Growth","floor":46,"turns":2},{"damage":0,"enemies":"Giant Head","floor":48,"turns":4},{"damage":32,"enemies":"Time Eater","floor":50,"turns":9},{"damage":11,"enemies":"Shield and Spear","floor":54,"turns":5},{"damage":66,"enemies":"The Heart","floor":55,"turns":5}],"seed_played":"6064807526570330203","potions_obtained":[{"floor":1,"key":"EssenceOfSteel"},{"floor":10,"key":"FearPotion"},{"floor":14,"key":"EntropicBrew"},{"floor":27,"key":"Energy Potion"},{"floor":37,"key":"Swift Potion"},{"floor":40,"key":"Swift Potion"}],"is_trial":false,"path_per_floor":["M","$","?","M","M","R","M","M","T","E","M","E","R","M","R","B",null,"M","?","?","M","$","E","E","$","T","?","R","E","M","?","R","B",null,"M","?","M","?","M","E","R","E","T","$","R","M","?","E","R","B",null,"R","$","E","B"],"character_chosen":"THE_SILENT","items_purchased":["Dagger Throw","Bronze Scales","Lee\u0027s Waffle","Whetstone","Leg Sweep"],"campfire_rested":5,"item_purchase_floors":[2,22,22,44,53],"current_hp_per_floor":[62,62,62,60,60,60,59,59,59,37,37,28,28,28,28,10,63,63,52,52,49,75,63,63,63,63,63,63,52,52,52,74,67,75,75,75,75,75,63,43,65,48,48,48,70,70,70,70,75,43,75,75,75,64,0],"gold":146,"neow_bonus":"ONE_RARE_RELIC","is_prod":false,"is_daily":false,"chose_seed":false,"campfire_upgraded":3,"win_rate":0,"timestamp":1552149290,"path_taken":["M","$","?","M","M","R","M","M","T","E","M","E","R","?","R","BOSS","M","?","?","M","$","E","E","$","T","?","R","E","?","?","R","BOSS","M","?","M","?","M","E","R","E","T","$","R","M","?","E","R","BOSS","R","$","E","BOSS"],"build_version":"2019-01-23","purchased_purges":3,"victory":false,"max_hp_per_floor":[63,63,63,63,63,63,63,63,63,63,63,63,63,63,63,63,63,63,68,68,68,75,75,75,75,75,75,75,75,75,75,75,75,75,75,75,75,75,75,75,75,75,75,75,75,75,75,75,75,75,75,75,75,75,75],"card_choices":[{"not_picked":["Dagger Spray","PiercingWail"],"picked":"Backstab","floor":1},{"not_picked":["Deflect","Prepared"],"picked":"Well Laid Plans","floor":4},{"not_picked":["Deflect","Escape Plan"],"picked":"Backstab","floor":5},{"not_picked":["Slice","Masterful Stab"],"picked":"Endless Agony","floor":7},{"not_picked":["Blade Dance","Prepared"],"picked":"Predator","floor":8},{"not_picked":["Skewer","Well Laid Plans"],"picked":"Acrobatics","floor":10},{"not_picked":["Concentrate","Unload"],"picked":"PiercingWail","floor":11},{"not_picked":["Predator","Flying Knee"],"picked":"Backflip","floor":12},{"not_picked":["Escape Plan","Dodge and Roll"],"picked":"Cloak And Dagger","floor":14},{"not_picked":["Unload","Storm of Steel"],"picked":"After Image","floor":16},{"not_picked":["Outmaneuver","Bane+1"],"picked":"Blade Dance","floor":18},{"not_picked":["Deadly Poison+1","Catalyst+1","Dagger Spray"],"picked":"SKIP","floor":21},{"not_picked":["Predator","Deadly Poison+1"],"picked":"Cloak And Dagger","floor":23},{"not_picked":["Eviscerate","Catalyst","Reflex+1"],"picked":"SKIP","floor":24},{"not_picked":["Backflip","Quick Slash+1"],"picked":"Accuracy","floor":29},{"not_picked":["PiercingWail+1","Distraction+1"],"picked":"Leg Sweep","floor":30},{"not_picked":["Blade Dance+1","Distraction+1"],"picked":"Dash+1","floor":32},{"not_picked":["Phantasmal Killer","Night Terror"],"picked":"Glass Knife+1","floor":33},{"not_picked":["Bouncing Flask+1","Deflect+1"],"picked":"Finisher+1","floor":35},{"not_picked":["Outmaneuver","Underhanded Strike+1"],"picked":"Expertise+1","floor":37},{"not_picked":["Underhanded Strike+1","Flechettes+1"],"picked":"Accuracy+1","floor":38},{"not_picked":["Quick Slash+1","Cloak And Dagger"],"picked":"Flechettes+1","floor":39},{"not_picked":["Finisher+1","Cloak And Dagger+1"],"picked":"Terror+1","floor":40},{"not_picked":["Masterful Stab+1","PiercingWail"],"picked":"Cloak And Dagger","floor":41},{"not_picked":["Well Laid Plans","Bane+1","Underhanded Strike+1"],"picked":"SKIP","floor":42},{"not_picked":["Outmaneuver+1","Bouncing Flask+1"],"picked":"Heel Hook+1","floor":45},{"not_picked":["Malaise","Well Laid Plans"],"picked":"Footwork","floor":46},{"not_picked":["Magnetism","Forethought"],"picked":"Finesse","floor":47},{"not_picked":["Outmaneuver+1","Poisoned Stab+1"],"picked":"Escape Plan+1","floor":48},{"not_picked":["Sucker Punch+1","Poisoned Stab+1"],"picked":"Dodge and Roll+1","floor":49},{"not_picked":["Sucker Punch+1","Outmaneuver+1"],"picked":"Cloak And Dagger+1","floor":52},{"not_picked":["Dagger Spray+1","Reflex"],"picked":"Burst","floor":54}],"player_experience":74356,"relics_obtained":[{"floor":9,"key":"Centennial Puzzle"},{"floor":10,"key":"Lantern"},{"floor":12,"key":"Bag of Preparation"},{"floor":23,"key":"WingedGreaves"},{"floor":24,"key":"Dream Catcher"},{"floor":26,"key":"Molten Egg 2"},{"floor":29,"key":"Mercury Hourglass"},{"floor":38,"key":"Ginger"},{"floor":40,"key":"Bag of Marbles"},{"floor":42,"key":"Ninja Scroll"},{"floor":48,"key":"Art of War"},{"floor":54,"key":"Tingsha"}],"event_choices":[{"cards_removed":["Strike_G"],"damage_healed":0,"gold_gain":0,"player_choice":"Offered Basic","damage_taken":0,"max_hp_gain":0,"max_hp_loss":0,"event_name":"Bonfire Elementals","floor":3,"gold_loss":0},{"damage_healed":0,"gold_gain":0,"player_choice":"Shed Blood","damage_taken":16,"max_hp_gain":5,"max_hp_loss":0,"event_name":"Forgotten Altar","floor":19,"gold_loss":0},{"damage_healed":0,"gold_gain":99,"player_choice":"Stole From Cult","damage_taken":0,"max_hp_gain":0,"max_hp_loss":0,"event_name":"Nest","floor":20,"gold_loss":0},{"damage_healed":0,"gold_gain":0,"player_choice":"Bought 1 Potion","damage_taken":0,"max_hp_gain":0,"max_hp_loss":0,"event_name":"The Woman in Blue","floor":27,"gold_loss":0},{"damage_healed":0,"gold_gain":0,"player_choice":"Simplicity","damage_taken":0,"max_hp_gain":0,"max_hp_loss":0,"event_name":"Back to Basics","floor":31,"gold_loss":0,"cards_upgraded":["Defend_G","Defend_G","Defend_G","Defend_G","Defend_G","Strike_G","Strike_G"]},{"cards_removed":["Strike_G"],"damage_healed":0,"gold_gain":0,"player_choice":"Removed Attack","damage_taken":0,"max_hp_gain":0,"max_hp_loss":0,"event_name":"Falling","floor":36,"gold_loss":0},{"damage_healed":0,"gold_gain":0,"player_choice":"Fight","damage_taken":0,"max_hp_gain":0,"max_hp_loss":0,"event_name":"Mysterious Sphere","floor":38,"gold_loss":0},{"damage_healed":0,"gold_gain":0,"player_choice":"Memory 1","damage_taken":0,"max_hp_gain":0,"max_hp_loss":0,"event_name":"SensoryStone","floor":47,"gold_loss":0}],"is_beta":false,"boss_relics":[{"not_picked":["Ring of the Serpent","Black Star"],"picked":"Fusion Hammer"},{"not_picked":["Coffee Dripper","Empty Cage"],"picked":"WristBlade"}],"items_purged_floors":[2,25,44],"is_endless":false,"potions_floor_spawned":[1,10,14,23,29,35,37,40,46],"killed_by":"The Heart","ascension_level":3}