{"gold_per_floor":[109,119,119,119,31,62,62,96,96,96,108,120,120,45,45,119,119,94,94,16,28,28,28,28,28],"floor_reached":25,"playtime":1210,"items_purged":["Pain"],"score":383,"play_id":"530f1e6e-689e-4b72-9706-b3abf5023c79","local_time":"20190217000522","is_ascension_mode":true,"campfire_choices":[{"floor":7,"key":"REST"},{"floor":10,"key":"REST"},{"floor":15,"key":"REST"},{"data":"Whirlwind","floor":23,"key":"SMITH"}],"neow_cost":"NONE","seed_source_timestamp":114137547017398,"circlet_count":0,"master_deck":["AscendersBane","Strike_R","Strike_R","Strike_R","Strike_R","Strike_R","Defend_R","Defend_R","Defend_R","Defend_R","Bash","Fiend Fire","Corruption","Shrug It Off","Whirlwind+1","Infernal Blade","Power Through","Cleave","Sentinel","Impervious","Reaper","Iron Wave","RitualDagger","Evolve","Iron Wave","Decay"],"relics":["Burning Blood","Prayer Wheel","Mummified Hand","Blue Candle","WarpedTongs","Sozu"],"potions_floor_usage":[6,6,8,16],"damage_taken":[{"damage":14,"enemies":"Small Slimes","floor":1,"turns":4},{"damage":1,"enemies":"Cultist","floor":2,"turns":3},{"damage":64,"enemies":"Gremlin Nob","floor":6,"turns":7},{"damage":22,"enemies":"Lagavulin","floor":8,"turns":6},{"damage":0,"enemies":"2 Louse","floor":11,"turns":1},{"damage":16,"enemies":"Exordium Thugs","floor":12,"turns":4},{"damage":38,"enemies":"Slime Boss","floor":16,"turns":9},{"damage":9,"enemies":"2 Thieves","floor":18,"turns":4},{"damage":16,"enemies":"Shell Parasite","floor":21,"turns":7},{"damage":64,"enemies":"Book of Stabbing","floor":25,"turns":5}],"seed_played":"-6095924326405190648","potions_obtained":[{"floor":2,"key":"Weak Potion"},{"floor":4,"key":"Weak Potion"},{"floor":6,"key":"Fire Potion"},{"floor":8,"key":"Strength Potion"}],"is_trial":false,"path_per_floor":["M","M","?","?","$","E","R","E","T","R","M","M","?","$","R","B",null,"M","?","$","M","$","R","?","E"],"character_chosen":"IRONCLAD","items_purchased":["Whirlwind","Evolve"],"campfire_rested":3,"item_purchase_floors":[5,20],"current_hp_per_floor":[60,65,65,65,65,7,29,13,13,35,41,31,31,31,53,21,62,67,61,61,56,56,56,56,0],"gold":28,"neow_bonus":"ONE_RANDOM_RARE_CARD","is_prod":false,"is_daily":false,"chose_seed":false,"campfire_upgraded":1,"win_rate":0,"timestamp":1550387122,"path_taken":["M","M","?","?","$","E","R","E","T","R","M","?","?","$","R","BOSS","M","?","$","M","?","R","?","E"],"build_version":"2019-01-23","purchased_purges":1,"victory":false,"max_hp_per_floor":[75,75,75,75,75,75,75,75,75,75,75,75,75,75,75,75,75,75,75,75,75,75,75,75,75],"card_choices":[{"not_picked":["Anger","Combust"],"picked":"Corruption","floor":1},{"not_picked":["Flex","Disarm"],"picked":"Shrug It Off","floor":2},{"not_picked":["Armaments","Clash"],"picked":"Infernal Blade","floor":6},{"not_picked":["Headbutt","Anger"],"picked":"Power Through","floor":8},{"not_picked":["Combust","Hemokinesis"],"picked":"Cleave","floor":11},{"not_picked":["Armaments","Disarm"],"picked":"Sentinel","floor":11},{"not_picked":["Ghostly Armor","Clash"],"picked":"Impervious","floor":12},{"not_picked":["Wild Strike","Power Through","Warcry"],"picked":"SKIP","floor":12},{"not_picked":["Juggernaut","Exhume"],"picked":"Reaper","floor":16},{"not_picked":["Carnage","Whirlwind"],"picked":"Iron Wave","floor":18},{"not_picked":["Warcry","Clothesline","Combust"],"picked":"SKIP","floor":18},{"not_picked":["Warcry","Clothesline","Combust"],"picked":"SKIP","floor":18},{"not_picked":["Clash+1","Warcry"],"picked":"Iron Wave","floor":21},{"not_picked":["Sword Boomerang","Clothesline","Hemokinesis"],"picked":"SKIP","floor":21}],"player_experience":1123631,"relics_obtained":[{"floor":6,"key":"Prayer Wheel"},{"floor":8,"key":"Mummified Hand"},{"floor":9,"key":"Blue Candle"}],"event_choices":[{"damage_healed":0,"gold_gain":0,"player_choice":"Ignored","damage_taken":0,"max_hp_gain":0,"max_hp_loss":0,"event_name":"Shining Light","floor":3,"gold_loss":0},{"damage_healed":0,"gold_gain":0,"player_choice":"Got Potions","damage_taken":0,"max_hp_gain":0,"max_hp_loss":0,"event_name":"Lab","floor":4,"gold_loss":0},{"damage_healed":0,"gold_gain":0,"player_choice":"Rummage","damage_taken":0,"relics_obtained":["WarpedTongs"],"max_hp_gain":0,"max_hp_loss":0,"event_name":"Accursed Blacksmith","floor":13,"gold_loss":0,"cards_obtained":["Pain"]},{"damage_healed":0,"gold_gain":0,"player_choice":"Joined the Cult","damage_taken":6,"max_hp_gain":0,"max_hp_loss":0,"event_name":"Nest","floor":19,"gold_loss":0,"cards_obtained":["RitualDagger"]},{"damage_healed":0,"gold_gain":0,"player_choice":"Smashed Altar","damage_taken":0,"max_hp_gain":0,"max_hp_loss":0,"event_name":"Forgotten Altar","floor":24,"gold_loss":0,"cards_obtained":["Decay"]}],"is_beta":false,"boss_relics":[{"not_picked":["Tiny House","Philosopher\u0027s Stone"],"picked":"Sozu"}],"items_purged_floors":[14],"is_endless":false,"potions_floor_spawned":[2,6,8,18,21],"killed_by":"Book of Stabbing","ascension_level":17}