{"gold_per_floor":[10,22,39,39,2,2,16,41,41,72,72,72,120,138,138,138],"floor_reached":16,"playtime":1244,"items_purged":[],"score":290,"play_id":"9fb0e6d3-6295-4c71-9ea2-266cef6ca21d","local_time":"20190306193526","is_ascension_mode":true,"campfire_choices":[{"data":"Magnetism","floor":6,"key":"SMITH"},{"floor":11,"key":"REST"},{"data":"Jack Of All Trades","floor":15,"key":"SMITH"}],"neow_cost":"NO_GOLD","seed_source_timestamp":440306627690463,"circlet_count":0,"master_deck":["AscendersBane","Strike_R","Strike_R","Strike_R","Strike_R","Defend_R","Defend_R","Defend_R","Defend_R","Bash","Jack Of All Trades+1","Magnetism+1","Cleave","Seeing Red","Corruption","Inflame","Evolve","Iron Wave","Exhume","Iron Wave","Thunderclap"],"relics":["Burning Blood","Frozen Egg 2","Meat on the Bone","Self Forming Clay","Blood Vial"],"potions_floor_usage":[8,10,13,13,14],"damage_taken":[{"damage":15,"enemies":"2 Louse","floor":1,"turns":6},{"damage":4,"enemies":"Jaw Worm","floor":2,"turns":5},{"damage":2,"enemies":"Cultist","floor":3,"turns":4},{"damage":14,"enemies":"Blue Slaver","floor":7,"turns":4},{"damage":0,"enemies":"Lagavulin","floor":8,"turns":5},{"damage":51,"enemies":"Gremlin Nob","floor":10,"turns":4},{"damage":19,"enemies":"3 Sentries","floor":13,"turns":7},{"damage":7,"enemies":"Gremlin Gang","floor":14,"turns":5},{"damage":65,"enemies":"The Guardian","floor":16,"turns":8}],"seed_played":"1833024725556453811","potions_obtained":[{"floor":1,"key":"SkillPotion"},{"floor":8,"key":"BloodPotion"},{"floor":12,"key":"PowerPotion"},{"floor":12,"key":"Regen Potion"},{"floor":13,"key":"AttackPotion"},{"floor":14,"key":"Explosive Potion"}],"is_trial":false,"path_per_floor":["M","M","M","?","$","R","M","E","T","E","R","?","E","M","R","B"],"character_chosen":"IRONCLAD","items_purchased":["Inflame"],"campfire_rested":1,"item_purchase_floors":[5],"current_hp_per_floor":[59,61,65,65,65,65,57,63,63,37,59,59,61,62,62,0],"gold":138,"neow_bonus":"RANDOM_COLORLESS_2","is_prod":false,"is_daily":false,"chose_seed":false,"campfire_upgraded":2,"win_rate":0,"timestamp":1551926126,"path_taken":["M","M","M","?","$","R","M","E","T","E","R","?","E","?","R","BOSS"],"build_version":"2019-01-23","purchased_purges":0,"victory":false,"max_hp_per_floor":[75,75,75,75,75,75,75,75,75,75,75,75,75,75,75,75],"card_choices":[{"not_picked":["Havoc","Pommel Strike"],"picked":"Cleave","floor":1},{"not_picked":["Clothesline","Rupture"],"picked":"Seeing Red","floor":2},{"not_picked":["Pummel","Dropkick"],"picked":"Corruption","floor":3},{"not_picked":["Wild Strike","Pommel Strike"],"picked":"Evolve","floor":7},{"not_picked":["Heavy Blade","Hemokinesis"],"picked":"Iron Wave","floor":8},{"not_picked":["Headbutt","Combust+1"],"picked":"Exhume","floor":10},{"not_picked":["Cleave","Spot Weakness"],"picked":"Iron Wave","floor":13},{"not_picked":["Havoc","Twin Strike"],"picked":"Thunderclap","floor":14}],"player_experience":1356866,"relics_obtained":[{"floor":8,"key":"Frozen Egg 2"},{"floor":9,"key":"Meat on the Bone"},{"floor":10,"key":"Self Forming Clay"},{"floor":13,"key":"Blood Vial"}],"event_choices":[{"cards_removed":["Strike_R"],"damage_healed":0,"gold_gain":0,"player_choice":"Forget","damage_taken":0,"max_hp_gain":0,"max_hp_loss":0,"event_name":"Living Wall","floor":4,"gold_loss":0},{"damage_healed":0,"gold_gain":0,"player_choice":"Got Potions","damage_taken":0,"max_hp_gain":0,"max_hp_loss":0,"event_name":"Lab","floor":12,"gold_loss":0}],"is_beta":false,"boss_relics":[],"items_purged_floors":[],"is_endless":false,"potions_floor_spawned":[1,8,13,14],"killed_by":"The Guardian","ascension_level":20}