{"gold_per_floor":[116,129,54,69,69,69,69,89,157,157,186,203,233,34,34,135,135,151,170,187,198,212,243,258,258,331,70,88,88,98,125,155,256,256,274,274,294,311,326,353,107,107,131,131,70,370,386,412,424,436,448,460,107,132,132],"floor_reached":56,"playtime":4169,"items_purged":["Strike_R","Regret","Writhe","Strike_R","Defend_R"],"score":1624,"play_id":"67375f20-eded-496c-a427-1268b220c204","local_time":"20190316003339","is_ascension_mode":true,"campfire_choices":[{"data":"Iron Wave","floor":6,"key":"SMITH"},{"data":"Shockwave","floor":10,"key":"SMITH"},{"data":"Ghostly Armor","floor":15,"key":"SMITH"},{"floor":25,"key":"DIG"},{"floor":29,"key":"DIG"},{"floor":32,"key":"DIG"},{"floor":42,"key":"DIG"},{"floor":44,"key":"DIG"},{"floor":46,"key":"DIG"},{"floor":49,"key":"RECALL"},{"floor":52,"key":"DIG"}],"neow_cost":"TEN_PERCENT_HP_LOSS","seed_source_timestamp":3372195304086,"circlet_count":0,"master_deck":["Strike_R","Strike_R","Defend_R","Defend_R","Defend_R","Bash","Disarm","Iron Wave+1","Pummel","Shockwave+1","Pommel Strike+1","True Grit","Feed","Ghostly Armor+1","Disarm","Demon Form","Shockwave","Battle Trance+1","Dropkick+1","Headbutt+1","Inflame","Shockwave+1","Armaments","Feed","Shrug It Off","Double Tap","Pommel Strike+1","Flame Barrier+1","Demon Form","Pain","Impervious","Uppercut+1"],"special_seed":0,"relics":["Burning Blood","Gambling Chip","Potion Belt","Incense Burner","The Courier","Singing Bowl","Ancient Tea Set","Cursed Key","Shovel","PreservedInsect","Lee\u0027s Waffle","Letter Opener","Ornamental Fan","Tiny Chest","Philosopher\u0027s Stone","Orichalcum","Lantern","Whetstone","Art of War","Bag of Preparation","Old Coin","MawBank","Mummified Hand","ClockworkSouvenir","Blood Vial"],"potions_floor_usage":[23,33,33,39,50,55],"damage_taken":[{"damage":8,"enemies":"Jaw Worm","floor":1,"turns":4},{"damage":8,"enemies":"Small Slimes","floor":2,"turns":4},{"damage":1,"enemies":"Cultist","floor":4,"turns":3},{"damage":11,"enemies":"Gremlin Gang","floor":8,"turns":7},{"damage":19,"enemies":"Lagavulin","floor":11,"turns":7},{"damage":3,"enemies":"Exordium Wildlife","floor":12,"turns":3},{"damage":13,"enemies":"Gremlin Nob","floor":13,"turns":5},{"damage":5,"enemies":"The Guardian","floor":16,"turns":16},{"damage":25,"enemies":"2 Thieves","floor":18,"turns":5},{"damage":1,"enemies":"Chosen","floor":19,"turns":5},{"damage":9,"enemies":"Snake Plant","floor":20,"turns":5},{"damage":0,"enemies":"Cultist and Chosen","floor":21,"turns":6},{"damage":11,"enemies":"Shelled Parasite and Fungi","floor":22,"turns":3},{"damage":42,"enemies":"Book of Stabbing","floor":23,"turns":4},{"damage":18,"enemies":"3 Cultists","floor":24,"turns":5},{"damage":17,"enemies":"Sentry and Sphere","floor":28,"turns":4},{"damage":15,"enemies":"Snake Plant","floor":30,"turns":5},{"damage":25,"enemies":"Gremlin Leader","floor":31,"turns":5},{"damage":14,"enemies":"Champ","floor":33,"turns":7},{"damage":4,"enemies":"3 Darklings","floor":35,"turns":6},{"damage":0,"enemies":"Orb Walker","floor":37,"turns":4},{"damage":28,"enemies":"Transient","floor":38,"turns":5},{"damage":6,"enemies":"Writhing Mass","floor":39,"turns":5},{"damage":11,"enemies":"Nemesis","floor":40,"turns":3},{"damage":7,"enemies":"4 Shapes","floor":47,"turns":5},{"damage":3,"enemies":"Giant Head","floor":48,"turns":5},{"damage":68,"enemies":"Donu and Deca","floor":50,"turns":8},{"damage":25,"enemies":"Shield and Spear","floor":54,"turns":5},{"damage":52,"enemies":"The Heart","floor":55,"turns":8}],"seed_played":"-9068777143583478705","potions_obtained":[{"floor":2,"key":"SkillPotion"},{"floor":8,"key":"SkillPotion"},{"floor":12,"key":"FairyPotion"},{"floor":13,"key":"Regen Potion"},{"floor":16,"key":"SmokeBomb"},{"floor":18,"key":"BloodPotion"},{"floor":21,"key":"Weak Potion"},{"floor":23,"key":"SteroidPotion"},{"floor":30,"key":"Block Potion"},{"floor":33,"key":"Ancient Potion"},{"floor":37,"key":"AttackPotion"},{"floor":39,"key":"SkillPotion"}],"is_trial":false,"path_per_floor":["M","M","$","M","?","R","?","M","T","R","E","M","E","$","R","B",null,"M","M","M","M","M","E","M","R","T","$","M","R","M","E","R","B",null,"M","?","M","M","M","E","$","R","T","R","$","R","M","E","R","B",null,"R","$","E","B",null],"character_chosen":"IRONCLAD","items_purchased":["Ghostly Armor","Disarm","Lee\u0027s Waffle","Lantern","Impervious","ClockworkSouvenir","Ancient Potion"],"campfire_rested":0,"item_purchase_floors":[14,14,27,41,45,53,53],"current_hp_per_floor":[70,68,68,72,72,72,72,67,67,67,54,57,50,50,50,51,67,48,53,53,62,60,32,25,25,25,93,85,85,76,57,57,49,84,88,88,96,74,74,72,72,72,72,72,72,72,74,79,79,31,89,89,89,72,28],"gold":132,"neow_bonus":"ONE_RARE_RELIC","is_prod":false,"is_daily":false,"chose_seed":false,"campfire_upgraded":3,"win_rate":0,"timestamp":1552718019,"path_taken":["M","M","$","M","?","R","?","M","T","R","E","?","E","$","R","BOSS","M","M","M","M","M","E","M","R","T","$","M","R","?","E","R","BOSS","M","?","?","M","M","E","$","R","T","R","$","R","?","E","R","BOSS","R","$","E","BOSS"],"build_version":"2019-01-23","purchased_purges":5,"victory":true,"max_hp_per_floor":[72,72,72,72,72,72,72,72,72,72,72,72,72,72,72,72,72,72,72,75,78,81,81,86,86,86,93,96,96,96,96,96,96,96,98,98,100,100,100,103,103,103,103,103,103,103,106,108,108,108,108,108,108,110,110],"card_choices":[{"not_picked":["Pommel Strike","Thunderclap"],"picked":"Disarm","floor":1},{"not_picked":["Wild Strike","Infernal Blade"],"picked":"Iron Wave","floor":2},{"not_picked":["Warcry","Bloodletting"],"picked":"Pummel","floor":4},{"not_picked":["Evolve","Thunderclap"],"picked":"Shockwave","floor":8},{"not_picked":["Dark Embrace","Brutality"],"picked":"Pommel Strike","floor":11},{"not_picked":["Rupture","Heavy Blade"],"picked":"True Grit","floor":12},{"not_picked":["Headbutt","Evolve"],"picked":"Feed","floor":13},{"not_picked":["Berserk","Offering"],"picked":"Demon Form","floor":16},{"not_picked":["Armaments","Ghostly Armor+1"],"picked":"Shockwave","floor":18},{"not_picked":["Cleave","Seeing Red+1"],"picked":"Battle Trance+1","floor":19},{"not_picked":["Dual Wield+1","Intimidate"],"picked":"Dropkick","floor":20},{"not_picked":["Searing Blow","Rupture+1"],"picked":"Headbutt+1","floor":21},{"not_picked":["Dropkick","Clash+1"],"picked":"Inflame","floor":22},{"not_picked":["True Grit","Reckless Charge"],"picked":"Shockwave+1","floor":23},{"not_picked":["Intimidate","Twin Strike","Warcry"],"picked":"Singing Bowl","floor":24},{"not_picked":["Wild Strike","Body Slam"],"picked":"Armaments","floor":28},{"not_picked":["Fire Breathing","Warcry+1"],"picked":"Feed","floor":30},{"not_picked":["Body Slam","Armaments"],"picked":"Shrug It Off","floor":31},{"not_picked":["Bludgeon","Immolate"],"picked":"Double Tap","floor":33},{"not_picked":["Clothesline","Sword Boomerang","Cleave"],"picked":"Singing Bowl","floor":35},{"not_picked":["Evolve","Flex+1","Clash"],"picked":"Singing Bowl","floor":37},{"not_picked":["Clothesline+1","Seeing Red+1"],"picked":"Pommel Strike+1","floor":38},{"not_picked":["Anger+1","Second Wind"],"picked":"Flame Barrier+1","floor":39},{"not_picked":["Reaper","Armaments"],"picked":"Demon Form","floor":40},{"not_picked":["Flex","Blood for Blood+1"],"picked":"Uppercut+1","floor":47},{"not_picked":["Twin Strike","Clothesline","Anger"],"picked":"Singing Bowl","floor":48},{"not_picked":["Intimidate+1","True Grit+1","Cleave"],"picked":"Singing Bowl","floor":54}],"player_experience":106969,"relics_obtained":[{"floor":9,"key":"The Courier"},{"floor":11,"key":"Singing Bowl"},{"floor":13,"key":"Ancient Tea Set"},{"floor":23,"key":"Shovel"},{"floor":25,"key":"PreservedInsect"},{"floor":29,"key":"Letter Opener"},{"floor":31,"key":"Ornamental Fan"},{"floor":32,"key":"Tiny Chest"},{"floor":40,"key":"Orichalcum"},{"floor":42,"key":"Whetstone"},{"floor":43,"key":"Art of War"},{"floor":44,"key":"Bag of Preparation"},{"floor":46,"key":"Old Coin"},{"floor":48,"key":"MawBank"},{"floor":52,"key":"Mummified Hand"},{"floor":54,"key":"Blood Vial"}],"event_choices":[{"damage_healed":0,"gold_gain":0,"player_choice":"Box","damage_taken":0,"relics_obtained":["Potion Belt"],"max_hp_gain":0,"max_hp_loss":0,"event_name":"Big Fish","floor":5,"gold_loss":0,"cards_obtained":["Regret"]},{"damage_healed":0,"gold_gain":0,"player_choice":"Gave Potion","damage_taken":0,"relics_obtained":["Incense Burner"],"max_hp_gain":0,"max_hp_loss":0,"event_name":"WeMeetAgain","floor":7,"gold_loss":0},{"cards_removed":["Strike_R"],"damage_healed":0,"gold_gain":0,"player_choice":"Purged","damage_taken":0,"max_hp_gain":0,"max_hp_loss":0,"event_name":"Purifier","floor":36,"gold_loss":0}],"is_beta":false,"boss_relics":[{"not_picked":["Sozu","White Beast Statue"],"picked":"Cursed Key"},{"not_picked":["Runic Dome","Empty Cage"],"picked":"Philosopher\u0027s Stone"}],"items_purged_floors":[3,14,27,41,53],"is_endless":false,"potions_floor_spawned":[2,8,12,13,16,18,21,23,30,33,37,39,40,48,54],"ascension_level":6}