{"gold_per_floor":[114,129,142,142,162,191,191,220,220,245,261,261,261,271,271,349,349,360,379,57,57,67,67,87,87,87,87,117,17,17,33,33,108,108,121,0,19,39,39,39,68,68,68,68,68,68,68,68,68,68],"floor_reached":50,"playtime":2513,"items_purged":["Strike_R","Strike_R"],"score":1041,"play_id":"e880a964-2671-4125-8fd6-4e9387f829dd","local_time":"20190306201731","is_ascension_mode":true,"campfire_choices":[{"data":"Flex","floor":7,"key":"SMITH"},{"data":"Dual Wield","floor":12,"key":"SMITH"},{"floor":15,"key":"REST"},{"floor":23,"key":"REST"},{"data":"Body Slam","floor":25,"key":"SMITH"},{"floor":27,"key":"DIG"},{"floor":30,"key":"REST"},{"floor":32,"key":"DIG"},{"floor":40,"key":"DIG"},{"floor":42,"key":"REST"},{"floor":44,"key":"DIG"},{"floor":46,"key":"DIG"},{"floor":49,"key":"REST"}],"neow_cost":"NONE","seed_source_timestamp":441561524692708,"circlet_count":0,"master_deck":["AscendersBane","Strike_R","Strike_R","Defend_R","Defend_R+1","Defend_R+1","Defend_R","Bash","Clash","Thunderclap","Flex+1","Iron Wave","Carnage","Dual Wield+1","Inflame","Headbutt","Feel No Pain","Limit Break","Cleave","Clothesline","Corruption","Writhe","Shrug It Off","Body Slam+1","Shrug It Off+1","Burning Pact","Barricade","Wild Strike","Heavy Blade","Warcry+1","Clumsy","Madness","Madness"],"relics":["Burning Blood","War Paint","Blood Vial","Kunai","Gremlin Horn","Oddly Smooth Stone","Charon\u0027s Ashes","Sozu","Vajra","Centennial Puzzle","Shovel","Happy Flower","Unceasing Top","Ancient Tea Set","Cursed Key","Red Mask","Pear","Question Card","Bottled Lightning","Darkstone Periapt","Mango"],"potions_floor_usage":[6,8,10],"damage_taken":[{"damage":16,"enemies":"Jaw Worm","floor":1,"turns":5},{"damage":1,"enemies":"Cultist","floor":2,"turns":4},{"damage":0,"enemies":"Small Slimes","floor":3,"turns":3},{"damage":0,"enemies":"Exordium Wildlife","floor":5,"turns":3},{"damage":29,"enemies":"3 Sentries","floor":6,"turns":9},{"damage":19,"enemies":"Gremlin Nob","floor":8,"turns":4},{"damage":11,"enemies":"Lagavulin","floor":10,"turns":4},{"damage":0,"enemies":"3 Louse","floor":11,"turns":3},{"damage":5,"enemies":"Looter","floor":14,"turns":2},{"damage":62,"enemies":"Hexaghost","floor":16,"turns":9},{"damage":15,"enemies":"Shell Parasite","floor":18,"turns":3},{"damage":22,"enemies":"2 Thieves","floor":19,"turns":3},{"damage":27,"enemies":"Snake Plant","floor":22,"turns":5},{"damage":0,"enemies":"Centurion and Healer","floor":24,"turns":4},{"damage":25,"enemies":"Gremlin Leader","floor":28,"turns":5},{"damage":3,"enemies":"3 Cultists","floor":31,"turns":3},{"damage":15,"enemies":"Collector","floor":33,"turns":5},{"damage":12,"enemies":"Orb Walker","floor":35,"turns":4},{"damage":10,"enemies":"3 Shapes","floor":37,"turns":4},{"damage":18,"enemies":"Maw","floor":38,"turns":6},{"damage":39,"enemies":"Nemesis","floor":41,"turns":5},{"damage":99,"enemies":"Donu and Deca","floor":50,"turns":5}],"seed_played":"5663431765977250504","potions_obtained":[{"floor":1,"key":"Weak Potion"},{"floor":2,"key":"Strength Potion"},{"floor":6,"key":"SpeedPotion"}],"is_trial":false,"path_per_floor":["M","M","M","?","M","E","R","E","T","E","M","R","?","M","R","B",null,"M","M","$","?","M","R","M","R","T","R","E","$","R","M","R","B",null,"M","?","M","M","$","R","E","R","T","R","$","R","?","?","R","B"],"character_chosen":"IRONCLAD","items_purchased":["Vajra","Corruption"],"campfire_rested":5,"item_purchase_floors":[20,20],"current_hp_per_floor":[58,63,69,69,75,52,52,41,41,38,46,46,46,49,71,17,61,54,40,40,40,21,43,51,51,51,51,34,34,56,61,61,54,70,66,66,64,54,54,64,33,58,58,58,58,72,54,54,83,0],"gold":68,"neow_bonus":"RANDOM_COMMON_RELIC","is_prod":false,"is_daily":false,"chose_seed":false,"campfire_upgraded":3,"win_rate":0,"timestamp":1551928651,"path_taken":["M","M","M","?","?","E","R","E","T","E","?","R","?","M","R","BOSS","M","?","$","?","M","R","M","R","T","R","E","$","R","M","R","BOSS","M","?","M","M","$","R","E","R","T","R","$","R","?","?","R","BOSS"],"build_version":"2019-01-23","purchased_purges":2,"victory":false,"max_hp_per_floor":[75,75,75,75,75,75,75,75,75,75,75,75,75,75,75,75,75,75,75,75,75,75,75,75,75,75,75,75,75,75,75,75,75,75,75,75,75,75,75,85,85,85,85,85,85,99,99,99,99,99],"card_choices":[{"not_picked":["Bloodletting","Intimidate"],"picked":"Clash","floor":1},{"not_picked":["Rampage","Iron Wave"],"picked":"Thunderclap","floor":2},{"not_picked":["True Grit","Thunderclap"],"picked":"Flex","floor":3},{"not_picked":["Havoc","Warcry"],"picked":"Iron Wave","floor":5},{"not_picked":["Bloodletting","Hemokinesis"],"picked":"Carnage","floor":6},{"not_picked":["Flex","Exhume"],"picked":"Dual Wield","floor":8},{"not_picked":["Carnage","Wild Strike"],"picked":"Inflame","floor":10},{"not_picked":["Pummel","Warcry"],"picked":"Headbutt","floor":11},{"not_picked":["Metallicize","Heavy Blade"],"picked":"Feel No Pain","floor":14},{"not_picked":["Bludgeon","Demon Form"],"picked":"Limit Break","floor":16},{"not_picked":["Corruption","Inflame"],"picked":"Cleave","floor":18},{"not_picked":["Twin Strike","Headbutt"],"picked":"Clothesline","floor":19},{"not_picked":["Combust","Ghostly Armor"],"picked":"Shrug It Off","floor":22},{"not_picked":["Rupture","Dropkick"],"picked":"Body Slam","floor":24},{"not_picked":["Twin Strike","Perfected Strike"],"picked":"Shrug It Off+1","floor":28},{"not_picked":["Fire Breathing","Iron Wave"],"picked":"Burning Pact","floor":31},{"not_picked":["Exhume","Brutality"],"picked":"Barricade","floor":33},{"not_picked":["Havoc","Flex"],"picked":"Wild Strike","floor":35},{"not_picked":["Perfected Strike","Dual Wield"],"picked":"Heavy Blade","floor":37},{"not_picked":["Headbutt","Cleave","Heavy Blade"],"picked":"SKIP","floor":38},{"not_picked":["Iron Wave","Perfected Strike"],"picked":"Warcry+1","floor":41}],"player_experience":1358110,"relics_obtained":[{"floor":6,"key":"Blood Vial"},{"floor":8,"key":"Kunai"},{"floor":9,"key":"Gremlin Horn"},{"floor":10,"key":"Oddly Smooth Stone"},{"floor":13,"key":"Charon\u0027s Ashes"},{"floor":26,"key":"Shovel"},{"floor":27,"key":"Happy Flower"},{"floor":28,"key":"Unceasing Top"},{"floor":32,"key":"Ancient Tea Set"},{"floor":40,"key":"Pear"},{"floor":41,"key":"Question Card"},{"floor":43,"key":"Bottled Lightning"},{"floor":44,"key":"Darkstone Periapt"},{"floor":46,"key":"Mango"}],"event_choices":[{"cards_removed":["Strike_R"],"damage_healed":0,"gold_gain":0,"player_choice":"Purged","damage_taken":0,"max_hp_gain":0,"max_hp_loss":0,"event_name":"Purifier","floor":4,"gold_loss":0},{"damage_healed":0,"gold_gain":0,"player_choice":"Relic","damage_taken":0,"max_hp_gain":0,"max_hp_loss":0,"event_name":"Wheel of Change","floor":13,"gold_loss":0},{"damage_healed":0,"gold_gain":0,"player_choice":"Opened","damage_taken":0,"relics_obtained":["Centennial Puzzle"],"max_hp_gain":0,"max_hp_loss":0,"event_name":"The Mausoleum","floor":21,"gold_loss":0,"cards_obtained":["Writhe"]},{"damage_healed":0,"gold_gain":0,"player_choice":"Paid","damage_taken":0,"relics_obtained":["Red Mask"],"max_hp_gain":0,"max_hp_loss":0,"event_name":"Tomb of Lord Red Mask","floor":36,"gold_loss":121},{"damage_healed":0,"gold_gain":0,"player_choice":"Embrace Madness","damage_taken":18,"max_hp_gain":0,"max_hp_loss":0,"event_name":"Winding Halls","floor":47,"gold_loss":0,"cards_obtained":["Madness","Madness"]},{"damage_healed":0,"gold_gain":0,"player_choice":"Got Potions","damage_taken":0,"max_hp_gain":0,"max_hp_loss":0,"event_name":"Lab","floor":48,"gold_loss":0}],"is_beta":false,"boss_relics":[{"not_picked":["Velvet Choker","Tiny House"],"picked":"Sozu"},{"not_picked":["Pandora\u0027s Box","Runic Pyramid"],"picked":"Cursed Key"}],"items_purged_floors":[20,29],"is_endless":false,"potions_floor_spawned":[1,2,6,18,22,28,37],"killed_by":"Donu and Deca","ascension_level":20}