{"gold_per_floor":[114,39,39,39,39,73,73,73,73,73,84,94,94,122,122,201,201,214,214,129,149,74,74,87,87],"floor_reached":25,"playtime":1277,"items_purged":["Defend_B"],"score":406,"play_id":"3a4cbea6-be91-409b-a4b6-430e2e0418ff","local_time":"20190208205449","is_ascension_mode":true,"campfire_choices":[{"data":"Genetic Algorithm","floor":7,"key":"SMITH"},{"data":"Zap","floor":10,"key":"SMITH"},{"data":"Barrage","floor":13,"key":"SMITH"},{"floor":15,"key":"REST"},{"floor":23,"key":"REST"}],"neow_cost":"NONE","seed_source_timestamp":1821837615489893,"circlet_count":0,"master_deck":["AscendersBane","Defend_B","Defend_B","Defend_B","Zap+1","Dualcast","Genetic Algorithm+1","Cold Snap","Loop","Barrage+1","Beam Cell","Auto Shields","Buffer+1","Sweeping Beam","Hologram","FTL"],"relics":["Cracked Core","NeowsBlessing","Torii","Boot","Frozen Egg 2","Fusion Hammer","Symbiotic Virus"],"potions_floor_usage":[14,16,25],"damage_taken":[{"damage":0,"enemies":"Jaw Worm","floor":1,"turns":1},{"damage":0,"enemies":"Lagavulin","floor":6,"turns":1},{"damage":0,"enemies":"Small Slimes","floor":11,"turns":1},{"damage":1,"enemies":"2 Louse","floor":12,"turns":3},{"damage":17,"enemies":"Gremlin Nob","floor":14,"turns":5},{"damage":14,"enemies":"Hexaghost","floor":16,"turns":13},{"damage":0,"enemies":"Shell Parasite","floor":18,"turns":7},{"damage":1,"enemies":"Spheric Guardian","floor":21,"turns":4},{"damage":0,"enemies":"3 Cultists","floor":24,"turns":5},{"damage":66,"enemies":"Book of Stabbing","floor":25,"turns":6}],"seed_played":"-467063820016765986","potions_obtained":[{"floor":6,"key":"Dexterity Potion"},{"floor":11,"key":"EssenceOfSteel"},{"floor":18,"key":"EssenceOfSteel"}],"is_trial":false,"path_per_floor":["M","?","$","?","?","E","R","?","T","R","M","M","R","E","R","B",null,"M","?","?","M","$","R","M","E"],"character_chosen":"DEFECT","items_purchased":[],"campfire_rested":2,"item_purchase_floors":[],"current_hp_per_floor":[64,64,64,64,57,57,57,57,57,57,57,56,56,39,60,46,65,65,45,45,44,44,66,66,0],"gold":87,"neow_bonus":"THREE_ENEMY_KILL","is_prod":false,"is_daily":false,"chose_seed":false,"campfire_upgraded":3,"win_rate":0,"timestamp":1549684489,"path_taken":["M","?","$","?","?","E","R","?","T","R","?","?","R","E","R","BOSS","M","?","?","M","$","R","M","E"],"build_version":"2019-01-23","purchased_purges":1,"victory":false,"max_hp_per_floor":[71,71,71,71,71,71,71,71,71,71,71,71,71,71,71,71,71,71,76,76,76,76,76,76,76],"card_choices":[{"not_picked":["Sweeping Beam","Beam Cell"],"picked":"Genetic Algorithm","floor":1},{"not_picked":["Gash","Streamline"],"picked":"Cold Snap","floor":6},{"not_picked":["Heatsinks","Reprogram"],"picked":"Barrage","floor":11},{"not_picked":["Reinforced Body","Conserve Battery"],"picked":"Beam Cell","floor":12},{"not_picked":["Stack","Gash"],"picked":"Auto Shields","floor":14},{"not_picked":["Biased Cognition+1","Machine Learning+1"],"picked":"Buffer+1","floor":16},{"not_picked":["Hologram","Cold Snap"],"picked":"Sweeping Beam","floor":18},{"not_picked":["Auto Shields","Turbo"],"picked":"Hologram","floor":21},{"not_picked":["Double Energy","Stack"],"picked":"FTL","floor":24}],"player_experience":1007355,"relics_obtained":[{"floor":6,"key":"Torii"},{"floor":9,"key":"Boot"},{"floor":14,"key":"Frozen Egg 2"}],"event_choices":[{"cards_removed":["Strike_B"],"damage_healed":0,"gold_gain":0,"player_choice":"Card Removal","damage_taken":0,"max_hp_gain":0,"max_hp_loss":0,"event_name":"The Cleric","floor":2,"gold_loss":75},{"cards_removed":["Strike_B"],"damage_healed":0,"gold_gain":0,"player_choice":"Forget","damage_taken":0,"max_hp_gain":0,"max_hp_loss":0,"event_name":"Living Wall","floor":4,"gold_loss":0},{"cards_removed":["Strike_B"],"damage_healed":0,"gold_gain":0,"player_choice":"Card Removal","damage_taken":7,"max_hp_gain":0,"max_hp_loss":0,"event_name":"Golden Wing","floor":5,"gold_loss":0},{"damage_healed":0,"gold_gain":0,"cards_transformed":["Strike_B"],"player_choice":"Transformed","damage_taken":0,"max_hp_gain":0,"max_hp_loss":0,"event_name":"Transmorgrifier","floor":8,"gold_loss":0,"cards_obtained":["Loop"]},{"damage_healed":0,"gold_gain":0,"player_choice":"Shed Blood","damage_taken":25,"max_hp_gain":5,"max_hp_loss":0,"event_name":"Forgotten Altar","floor":19,"gold_loss":0},{"damage_healed":0,"gold_gain":0,"player_choice":"Obtained Relic","damage_taken":0,"relics_obtained":["Symbiotic Virus"],"max_hp_gain":0,"max_hp_loss":0,"event_name":"Addict","floor":20,"gold_loss":85}],"is_beta":false,"boss_relics":[{"not_picked":["Snecko Eye","Runic Pyramid"],"picked":"Fusion Hammer"}],"items_purged_floors":[22],"is_endless":false,"potions_floor_spawned":[6,11,18],"killed_by":"Book of Stabbing","ascension_level":15}