{"path_per_floor":["M","M","M","?","$","E","R","M","T","M","M","R","M","?","R","B",null,"M","?","M","$","M","R","M","E","T","R","M","M","R","?","R"],"character_chosen":"DEFECT","items_purchased":["Ornamental Fan"],"gold_per_floor":[116,136,147,322,8,39,39,54,54,71,88,88,100,100,100,199,199,211,136,154,54,66,66,76,103,156,156,175,190,190,190,190,190],"floor_reached":33,"campfire_rested":3,"playtime":1817,"current_hp_per_floor":[65,64,64,64,64,49,49,32,32,32,31,53,53,53,53,52,75,75,75,56,56,63,63,63,39,39,61,51,49,49,41,63,0],"items_purged":["Doubt","Strike_B"],"gold":190,"score":325,"play_id":"07729746-486b-4313-ae6e-c53efb357559","local_time":"20180513195726","is_prod":false,"is_daily":false,"chose_seed":false,"is_ascension_mode":true,"campfire_upgraded":4,"timestamp":1526263046,"path_taken":["M","M","M","?","$","E","R","M","T","M","M","R","?","?","R","BOSS","M","?","M","$","M","R","M","E","T","R","M","M","R","?","R","BOSS"],"build_version":"2018-05-12v2","seed_source_timestamp":341413306849187,"purchased_purges":2,"victory":false,"master_deck":["Strike_B","Strike_B","Strike_B","Defend_B","Defend_B","Defend_B","Zap","Dualcast","Ball Lightning","Ball Lightning","Reinforced Body+1","Glacier+1","Ball Lightning","Cold Snap","Seek","Barrage+1","Self Repair","Rainbow+1","Recycle","Storm+1","Sweeping Beam"],"max_hp_per_floor":[75,75,75,75,75,75,75,75,75,75,75,75,75,75,75,75,75,75,75,75,75,75,75,75,75,75,75,75,75,75,75,75,75],"relics":["Cracked Core","Emotion Chip","Ornamental Fan","Anchor","Happy Flower","Inserter","Meat on the Bone","Bag of Marbles"],"card_choices":[{"not_picked":["Stack","Capacitor"],"picked":"Ball Lightning","floor":1},{"not_picked":["Sweeping Beam","Hologram"],"picked":"Ball Lightning","floor":2},{"not_picked":["Cold Snap","Axe Kick","Leap"],"picked":"SKIP","floor":3},{"not_picked":["Multi-Cast","Ball Lightning"],"picked":"Reinforced Body","floor":6},{"not_picked":["Streamline","Coolheaded","Skim"],"picked":"SKIP","floor":8},{"not_picked":["Sweeping Beam","Stack"],"picked":"Glacier","floor":10},{"not_picked":["Conserve Battery","Skim"],"picked":"Ball Lightning","floor":11},{"not_picked":["Chill","Axe Kick"],"picked":"Cold Snap","floor":13},{"not_picked":["Reboot","Biased Cognition"],"picked":"Seek","floor":16},{"not_picked":["Reinforced Body","Rebound"],"picked":"Barrage","floor":18},{"not_picked":["Rebound","Skim+1"],"picked":"Self Repair","floor":20},{"not_picked":["Go for the Eyes","Sweeping Beam"],"picked":"Rainbow","floor":22},{"not_picked":["Impulse","Force Field"],"picked":"Recycle","floor":24},{"not_picked":["Capacitor","Scrape"],"picked":"Storm+1","floor":25},{"not_picked":["Double Energy","Streamline","Leap"],"picked":"SKIP","floor":28},{"not_picked":["Streamline","Scrape"],"picked":"Sweeping Beam","floor":29}],"player_experience":109168,"potions_floor_usage":[6,10,16,25,29],"damage_taken":[{"damage":10,"enemies":"2 Louse","floor":1,"turns":2},{"damage":1,"enemies":"Cultist","floor":2,"turns":3},{"damage":0,"enemies":"Small Slimes","floor":3,"turns":2},{"damage":15,"enemies":"Lagavulin","floor":6,"turns":5},{"damage":17,"enemies":"Exordium Thugs","floor":8,"turns":3},{"damage":0,"enemies":"2 Fungi Beasts","floor":10,"turns":2},{"damage":1,"enemies":"Looter","floor":11,"turns":2},{"damage":0,"enemies":"Gremlin Gang","floor":13,"turns":3},{"damage":1,"enemies":"The Guardian","floor":16,"turns":12},{"damage":0,"enemies":"Spheric Guardian","floor":18,"turns":3},{"damage":19,"enemies":"2 Thieves","floor":20,"turns":3},{"damage":0,"enemies":"Chosen and Byrds","floor":22,"turns":6},{"damage":7,"enemies":"Cultist and Chosen","floor":24,"turns":6},{"damage":31,"enemies":"Book of Stabbing","floor":25,"turns":5},{"damage":29,"enemies":"3 Cultists","floor":28,"turns":5},{"damage":21,"enemies":"Snake Plant","floor":29,"turns":4},{"damage":65,"enemies":"Collector","floor":33,"turns":6}],"event_choices":[{"event_name":"Liars Game","player_choice":"agreed","floor":4,"damage_taken":0},{"event_name":"Living Wall","player_choice":"Forget","floor":14,"damage_taken":0},{"event_name":"Beggar","player_choice":"Gave Gold","floor":19,"damage_taken":0},{"event_name":"Knowing Skull","player_choice":"","floor":31,"damage_taken":0}],"boss_relics":[{"not_picked":["Philosopher\u0027s Stone","Velvet Choker"],"picked":"Inserter"}],"potions_floor_spawned":[2,6,13,20,25],"seed_played":"-1900009909720063596","killed_by":"Collector","ascension_level":4,"is_trial":false}