{"gold_per_floor":[119,44,44,44,44,44,107,107,159,191,341,389,10,44,44,115,115,128,141,28,28,42,42,56,56,137,137,57,74,74,74],"floor_reached":31,"playtime":1895,"items_purged":["Strike_R"],"score":579,"play_id":"90385789-6740-415e-bdd3-ddc9b077411e","local_time":"20190226213849","is_ascension_mode":true,"campfire_choices":[{"data":"Bash","floor":6,"key":"SMITH"},{"data":"Shrug It Off","floor":8,"key":"SMITH"},{"data":"Armaments","floor":15,"key":"SMITH"},{"data":"Barricade","floor":23,"key":"SMITH"},{"data":"Flame Barrier","floor":25,"key":"SMITH"},{"floor":27,"key":"REST"}],"neow_cost":"NONE","seed_source_timestamp":355508944397361,"circlet_count":0,"master_deck":["AscendersBane","Defend_R","Defend_R","Defend_R","Defend_R","Bash+1","Clash","Regret","Shrug It Off+1","Body Slam","Doubt","Rupture","Flame Barrier+1","Armaments+1","Panache","Intimidate","Barricade+1","Immolate+1","Thunderclap+1","Uppercut+1","Rupture","Feel No Pain","True Grit","Sentinel","Intimidate","Feel No Pain","Metallicize"],"relics":["Burning Blood","NeowsBlessing","Mercury Hourglass","Blue Candle","Tiny Chest","Red Skull","Bag of Marbles","Art of War","Meat on the Bone","Astrolabe","Gremlin Horn","Prayer Wheel"],"potions_floor_usage":[14,14,22,24,29],"damage_taken":[{"damage":0,"enemies":"2 Louse","floor":1,"turns":2},{"damage":0,"enemies":"Gremlin Nob","floor":7,"turns":1},{"damage":0,"enemies":"3 Sentries","floor":10,"turns":1},{"damage":30,"enemies":"Lagavulin","floor":14,"turns":4},{"damage":29,"enemies":"The Guardian","floor":16,"turns":11},{"damage":18,"enemies":"Spheric Guardian","floor":18,"turns":5},{"damage":9,"enemies":"3 Byrds","floor":19,"turns":3},{"damage":30,"enemies":"Shelled Parasite and Fungi","floor":22,"turns":6},{"damage":27,"enemies":"Snecko","floor":24,"turns":7},{"damage":40,"enemies":"Snake Plant","floor":29,"turns":5},{"damage":49,"enemies":"Book of Stabbing","floor":31,"turns":5}],"seed_played":"3838034724430444019","potions_obtained":[{"floor":1,"key":"AttackPotion"},{"floor":10,"key":"Regen Potion"},{"floor":16,"key":"Ancient Potion"},{"floor":19,"key":"Regen Potion"},{"floor":22,"key":"Regen Potion"},{"floor":29,"key":"Strength Potion"}],"is_trial":false,"path_per_floor":["M","$","?","?","?","R","E","R","T","E","?","T","$","E","R","B",null,"M","M","$","?","M","R","M","R","T","R","$","M","T","E"],"character_chosen":"IRONCLAD","items_purchased":["Rupture","Flame Barrier","Armaments","Panache","Feel No Pain","True Grit","Feel No Pain"],"campfire_rested":1,"item_purchase_floors":[13,13,13,13,20,20,28],"current_hp_per_floor":[74,74,67,49,49,49,55,55,55,61,61,61,61,49,49,38,66,54,51,51,51,54,54,45,45,45,67,67,47,47,0],"gold":74,"neow_bonus":"THREE_ENEMY_KILL","is_prod":false,"is_daily":false,"chose_seed":false,"campfire_upgraded":5,"win_rate":0,"timestamp":1551242329,"path_taken":["M","$","?","?","?","R","E","R","T","E","?","?","$","E","R","BOSS","M","?","?","?","?","R","?","R","T","R","$","M","?","E"],"build_version":"2019-01-23","purchased_purges":1,"victory":false,"max_hp_per_floor":[75,75,75,75,75,75,75,75,75,75,75,75,75,75,75,75,75,75,75,75,75,75,75,75,75,75,75,75,75,75,75],"card_choices":[{"not_picked":["Seeing Red","Warcry"],"picked":"Clash","floor":1},{"not_picked":["Wild Strike","Clothesline"],"picked":"Shrug It Off","floor":7},{"not_picked":["Wild Strike","Infernal Blade"],"picked":"Body Slam","floor":10},{"not_picked":["Corruption","Twin Strike"],"picked":"Intimidate","floor":14},{"not_picked":["Impervious","Brutality"],"picked":"Barricade","floor":16},{"not_picked":["Cleave","Body Slam"],"picked":"Rupture","floor":18},{"not_picked":["Pommel Strike","Armaments","Wild Strike"],"picked":"SKIP","floor":19},{"not_picked":["Hemokinesis","Burning Pact"],"picked":"Sentinel","floor":22},{"not_picked":["Wild Strike","Sword Boomerang"],"picked":"Intimidate","floor":24},{"not_picked":["Cleave+1","Bloodletting"],"picked":"Metallicize","floor":29}],"player_experience":1273661,"relics_obtained":[{"floor":7,"key":"Tiny Chest"},{"floor":9,"key":"Red Skull"},{"floor":10,"key":"Bag of Marbles"},{"floor":12,"key":"Art of War"},{"floor":14,"key":"Meat on the Bone"},{"floor":26,"key":"Gremlin Horn"},{"floor":30,"key":"Prayer Wheel"}],"event_choices":[{"cards_removed":["Strike_R"],"damage_healed":0,"gold_gain":0,"player_choice":"Card Removal","damage_taken":7,"max_hp_gain":0,"max_hp_loss":0,"event_name":"Golden Wing","floor":3,"gold_loss":0},{"damage_healed":0,"gold_gain":0,"player_choice":"Success","damage_taken":18,"relics_obtained":["Mercury Hourglass"],"max_hp_gain":0,"max_hp_loss":0,"event_name":"Scrap Ooze","floor":4,"gold_loss":0},{"damage_healed":0,"gold_gain":0,"player_choice":"Box","damage_taken":0,"relics_obtained":["Blue Candle"],"max_hp_gain":0,"max_hp_loss":0,"event_name":"Big Fish","floor":5,"gold_loss":0,"cards_obtained":["Regret"]},{"damage_healed":0,"gold_gain":150,"player_choice":"AGREE","damage_taken":0,"max_hp_gain":0,"max_hp_loss":0,"event_name":"Liars Game","floor":11,"gold_loss":0,"cards_obtained":["Doubt"]},{"damage_healed":0,"gold_gain":0,"player_choice":"Ignored","damage_taken":0,"max_hp_gain":0,"max_hp_loss":0,"event_name":"Vampires","floor":21,"gold_loss":0}],"is_beta":false,"boss_relics":[{"not_picked":["Snecko Eye","Runic Dome"],"picked":"Astrolabe"}],"items_purged_floors":[2],"is_endless":false,"potions_floor_spawned":[1,10,16,19,22,29],"killed_by":"Book of Stabbing","ascension_level":19}