{"path_per_floor":["M","M","?","?","M","R","E","R","T","M","R","M","?","M","R"],"character_chosen":"DEFECT","items_purchased":[],"gold_per_floor":[116,135,135,210,222,222,257,257,257,267,267,280,338,357,357,357],"floor_reached":16,"campfire_rested":3,"playtime":733,"item_purchase_floors":[],"current_hp_per_floor":[68,67,67,56,54,54,14,36,36,33,55,56,37,37,59,0],"items_purged":[],"gold":357,"score":117,"play_id":"a729eedb-4de7-4852-84ae-df6dfc441bec","local_time":"20180605232741","is_prod":false,"is_daily":false,"chose_seed":false,"is_ascension_mode":true,"campfire_upgraded":1,"win_rate":0,"timestamp":1528262861,"campfire_choices":[{"data":"Sweeping Beam","floor":6,"key":"SMITH"},{"floor":8,"key":"REST"},{"floor":11,"key":"REST"},{"floor":15,"key":"REST"}],"path_taken":["M","M","?","?","?","R","E","R","T","M","R","M","?","M","R","BOSS"],"build_version":"2018-05-31","seed_source_timestamp":539024182326335,"purchased_purges":0,"victory":false,"master_deck":["Strike_B","Strike_B","Strike_B","Strike_B","Defend_B","Defend_B","Defend_B","Defend_B","Zap","Dualcast","Compile Driver","Loop","Sweeping Beam+1","Self Repair","Self Repair","Chaos","Force Field"],"max_hp_per_floor":[75,75,75,75,75,75,75,75,75,75,75,75,75,75,75,75],"relics":["Cracked Core","Omamori","Bottled Flame","Bottled Tornado","Ancient Tea Set"],"card_choices":[{"not_picked":["Leap","Darkness"],"picked":"Compile Driver","floor":1},{"not_picked":["Reprogram","Sunder"],"picked":"Loop","floor":2},{"not_picked":["Skim","Barrage"],"picked":"Sweeping Beam","floor":5},{"not_picked":["Auto Shields","White Noise"],"picked":"Self Repair","floor":7},{"not_picked":["Barrage","Turbo"],"picked":"Self Repair","floor":10},{"not_picked":["Double Energy","Scrape"],"picked":"Chaos","floor":12},{"not_picked":["FTL","Doom and Gloom"],"picked":"Force Field","floor":13},{"not_picked":["Turbo","Lockon","Barrage"],"picked":"SKIP","floor":14}],"player_experience":859224,"potions_floor_usage":[7,10,13,16],"damage_taken":[{"damage":7,"enemies":"Small Slimes","floor":1,"turns":4},{"damage":1,"enemies":"Cultist","floor":2,"turns":3},{"damage":2,"enemies":"2 Louse","floor":5,"turns":3},{"damage":40,"enemies":"Lagavulin","floor":7,"turns":7},{"damage":3,"enemies":"Blue Slaver","floor":10,"turns":2},{"damage":13,"enemies":"Large Slime","floor":12,"turns":4},{"damage":33,"enemies":"3 Sentries","floor":13,"turns":6},{"damage":0,"enemies":"Exordium Wildlife","floor":14,"turns":1},{"damage":65,"enemies":"Hexaghost","floor":16,"turns":11}],"relics_obtained":[{"floor":7,"key":"Bottled Flame"},{"floor":9,"key":"Bottled Tornado"},{"floor":13,"key":"Ancient Tea Set"}],"event_choices":[{"event_name":"The Lab","player_choice":"Got Potions","floor":3,"damage_taken":0},{"event_name":"World of Goop","player_choice":"Gather Gold","floor":4,"damage_taken":0},{"event_name":"Dead Adventurer","player_choice":"Searched \u00271\u0027 times","floor":13,"damage_taken":0}],"boss_relics":[],"items_purged_floors":[],"potions_floor_spawned":[7,10,12],"seed_played":"5214842713182849107","killed_by":"Hexaghost","ascension_level":3,"potions_obtained":[{"floor":3,"key":"LiquidBronze"},{"floor":3,"key":"Fire Potion"},{"floor":3,"key":"Ancient Potion"},{"floor":7,"key":"Regen Potion"},{"floor":10,"key":"Dexterity Potion"}],"is_trial":false}