{"gold_per_floor":[110,130,55,75,0,26,44,44,93,105,137,162,174,201,213,325,337,369,381,492,504,534,546,173,47,47,79,79,91,91,108,108,209,209,223,242,142,242,242,242,253,253,253,265,283,283,283],"floor_reached":47,"playtime":5156,"items_purged":["Defend_G","Defend_G"],"score":522,"play_id":"d3686387-1c90-4ad7-9717-6ec43df32b29","local_time":"20190315222052","is_ascension_mode":false,"campfire_choices":[{"floor":10,"key":"REST"},{"floor":13,"key":"REST"},{"data":"Infinite Blades","floor":15,"key":"SMITH"},{"floor":23,"key":"REST"},{"floor":28,"key":"REST"},{"floor":30,"key":"REST"},{"floor":32,"key":"REST"},{"floor":40,"key":"REST"},{"floor":42,"key":"REST"},{"floor":46,"key":"REST"}],"neow_cost":"PERCENT_DAMAGE","seed_source_timestamp":265358031339627,"circlet_count":0,"master_deck":["Defend_G","Strike_G+1","Strike_G","Survivor","Neutralize","Backstab","Infinite Blades+1","Infinite Blades","Noxious Fumes+1","Leg Sweep","Infinite Blades","Sucker Punch","PiercingWail+1","Die Die Die","Crippling Poison+1","Dagger Spray+1","Escape Plan+1","Heel Hook","Adrenaline+1","Finisher","Blade Dance+1","Backflip","Noxious Fumes","Prepared","Well Laid Plans","Blade Dance","Blade Dance","Night Terror","Cloak And Dagger","Crippling Poison","Cloak And Dagger+1","Noxious Fumes+1","Noxious Fumes","PiercingWail+1","Terror"],"relics":["Ring of the Snake","Turnip","Matryoshka","Orichalcum","MawBank","Astrolabe","War Paint","Potion Belt","PreservedInsect","Omamori","Orrery","Ginger","Mercury Hourglass"],"potions_floor_usage":[6,16,22,29,31,36,44,45,45,47],"damage_taken":[{"damage":0,"enemies":"Small Slimes","floor":1,"turns":3},{"damage":1,"enemies":"2 Louse","floor":2,"turns":3},{"damage":1,"enemies":"Jaw Worm","floor":4,"turns":4},{"damage":3,"enemies":"Lagavulin","floor":6,"turns":7},{"damage":11,"enemies":"Large Slime","floor":7,"turns":5},{"damage":4,"enemies":"Exordium Wildlife","floor":11,"turns":6},{"damage":4,"enemies":"Lots of Slimes","floor":12,"turns":4},{"damage":3,"enemies":"Gremlin Gang","floor":14,"turns":7},{"damage":34,"enemies":"Slime Boss","floor":16,"turns":12},{"damage":20,"enemies":"2 Thieves","floor":18,"turns":4},{"damage":1,"enemies":"Spheric Guardian","floor":22,"turns":3},{"damage":13,"enemies":"Gremlin Leader","floor":27,"turns":5},{"damage":24,"enemies":"Snake Plant","floor":29,"turns":4},{"damage":10,"enemies":"3 Cultists","floor":31,"turns":4},{"damage":14,"enemies":"Champ","floor":33,"turns":10},{"damage":7,"enemies":"3 Shapes","floor":35,"turns":5},{"damage":22,"enemies":"3 Darklings","floor":36,"turns":4},{"damage":11,"enemies":"Mind Bloom Boss Battle","floor":38,"turns":6},{"damage":31,"enemies":"Transient","floor":41,"turns":5},{"damage":29,"enemies":"Jaw Worm Horde","floor":44,"turns":3},{"damage":6,"enemies":"Sphere and 2 Shapes","floor":45,"turns":5},{"damage":46,"enemies":"Spire Growth","floor":47,"turns":4}],"seed_played":"8625759084442076525","potions_obtained":[{"floor":4,"key":"FearPotion"},{"floor":6,"key":"GamblersBrew"},{"floor":14,"key":"Block Potion"},{"floor":16,"key":"LiquidBronze"},{"floor":18,"key":"Energy Potion"},{"floor":27,"key":"Swift Potion"},{"floor":31,"key":"Fire Potion"},{"floor":38,"key":"Strength Potion"},{"floor":41,"key":"Explosive Potion"},{"floor":44,"key":"Poison Potion"},{"floor":45,"key":"LiquidBronze"}],"is_trial":false,"path_per_floor":["M","M","$","M","$","E","M","?","T","R","M","M","R","M","R","B",null,"M","?","?","?","M","R","$","$","T","E","R","M","R","M","R","B",null,"M","M","$","?","?","R","M","R","T","M","M","R","M"],"character_chosen":"THE_SILENT","items_purchased":["Infinite Blades","Leg Sweep","Backflip","Noxious Fumes","Prepared","War Paint","Well Laid Plans","Blade Dance"],"campfire_rested":9,"item_purchase_floors":[3,5,24,24,24,24,25,25],"current_hp_per_floor":[49,48,48,47,47,44,33,19,19,40,36,32,53,50,50,16,70,50,50,50,37,36,58,58,58,58,45,67,43,65,55,75,61,75,68,46,46,35,35,57,26,48,48,19,13,35,0],"gold":283,"neow_bonus":"ONE_RARE_RELIC","is_prod":false,"is_daily":false,"chose_seed":false,"campfire_upgraded":1,"win_rate":0,"timestamp":1552699252,"path_taken":["M","M","$","M","$","E","M","?","T","R","M","M","R","M","R","BOSS","M","?","?","?","M","R","?","$","T","E","R","?","R","M","R","BOSS","M","M","$","?","?","R","M","R","T","M","M","R","M"],"build_version":"2019-01-23","purchased_purges":2,"victory":false,"max_hp_per_floor":[70,70,70,70,70,70,70,70,70,70,70,70,70,70,70,70,70,70,70,70,75,75,75,75,75,75,75,75,75,75,75,75,75,75,75,75,75,75,75,75,75,75,75,75,75,75,75],"card_choices":[{"not_picked":["Deflect","Masterful Stab"],"picked":"Backstab","floor":1},{"not_picked":["Sucker Punch","Acrobatics"],"picked":"Infinite Blades","floor":2},{"not_picked":["Setup","Riddle With Holes"],"picked":"Noxious Fumes","floor":4},{"not_picked":["Endless Agony","Poisoned Stab"],"picked":"Infinite Blades","floor":6},{"not_picked":["Deadly Poison","Slice"],"picked":"Sucker Punch","floor":7},{"not_picked":["Calculated Gamble","Deflect","Dodge and Roll"],"picked":"SKIP","floor":11},{"not_picked":["Bouncing Flask","Deflect"],"picked":"PiercingWail","floor":12},{"not_picked":["Reflex","Poisoned Stab","Deflect"],"picked":"SKIP","floor":14},{"not_picked":["Unload","Phantasmal Killer"],"picked":"Die Die Die","floor":16},{"not_picked":["Calculated Gamble","Underhanded Strike"],"picked":"Heel Hook","floor":18},{"not_picked":["Outmaneuver+1","Dash"],"picked":"Blade Dance+1","floor":22},{"not_picked":["Dagger Throw","Underhanded Strike","Quick Slash"],"picked":"SKIP","floor":27},{"not_picked":["Deflect+1","Underhanded Strike"],"picked":"Blade Dance","floor":29},{"not_picked":["Dash","Deadly Poison+1","Quick Slash"],"picked":"SKIP","floor":31},{"not_picked":["Storm of Steel","Bullet Time"],"picked":"Night Terror","floor":33},{"not_picked":["Caltrops","Crippling Poison"],"picked":"Cloak And Dagger","floor":34},{"not_picked":["Flying Knee","Outmaneuver"],"picked":"Crippling Poison","floor":34},{"not_picked":["Calculated Gamble+1","Backstab"],"picked":"Cloak And Dagger+1","floor":34},{"not_picked":["Cloak And Dagger","Acrobatics"],"picked":"Noxious Fumes+1","floor":34},{"not_picked":["Choke","Escape Plan"],"picked":"Noxious Fumes","floor":34},{"not_picked":["Blade Dance+1","Expertise+1","Flying Knee"],"picked":"SKIP","floor":35},{"not_picked":["Prepared","Choke","Flying Knee"],"picked":"SKIP","floor":36},{"not_picked":["Tactician+1","Poisoned Stab","Slice"],"picked":"SKIP","floor":41},{"not_picked":["Bullet Time","Prepared+1"],"picked":"PiercingWail+1","floor":44},{"not_picked":["Deflect+1","Prepared+1"],"picked":"Terror","floor":45}],"player_experience":189050,"relics_obtained":[{"floor":6,"key":"Matryoshka"},{"floor":9,"key":"Orichalcum"},{"floor":9,"key":"MawBank"},{"floor":26,"key":"Potion Belt"},{"floor":26,"key":"PreservedInsect"},{"floor":27,"key":"Omamori"},{"floor":38,"key":"Ginger"},{"floor":43,"key":"Mercury Hourglass"}],"event_choices":[{"damage_healed":0,"gold_gain":0,"player_choice":"Entered Light","damage_taken":14,"max_hp_gain":0,"max_hp_loss":0,"event_name":"Shining Light","floor":8,"gold_loss":0,"cards_upgraded":["Noxious Fumes","Strike_G"]},{"damage_healed":0,"gold_gain":0,"cards_transformed":["Defend_G","Defend_G"],"player_choice":"Became Test Subject","damage_taken":0,"max_hp_gain":0,"max_hp_loss":0,"event_name":"Drug Dealer","floor":19,"gold_loss":0,"cards_obtained":["Adrenaline","Finisher"]},{"damage_healed":0,"gold_gain":99,"player_choice":"Stole From Cult","damage_taken":0,"max_hp_gain":0,"max_hp_loss":0,"event_name":"Nest","floor":20,"gold_loss":0},{"damage_healed":0,"gold_gain":0,"player_choice":"Shed Blood","damage_taken":18,"max_hp_gain":5,"max_hp_loss":0,"event_name":"Forgotten Altar","floor":21,"gold_loss":0},{"damage_healed":0,"gold_gain":0,"player_choice":"Fight","damage_taken":0,"max_hp_gain":0,"max_hp_loss":0,"event_name":"MindBloom","floor":38,"gold_loss":0},{"damage_healed":0,"gold_gain":0,"player_choice":"Leave","damage_taken":0,"max_hp_gain":0,"max_hp_loss":0,"event_name":"FaceTrader","floor":39,"gold_loss":0}],"is_beta":false,"boss_relics":[{"not_picked":["Calling Bell","Snecko Eye"],"picked":"Astrolabe"},{"not_picked":["Runic Dome","Velvet Choker"],"picked":"Orrery"}],"items_purged_floors":[24,37],"is_endless":false,"potions_floor_spawned":[4,6,14,16,18,27,31,38,41,44,45],"killed_by":"Spire Growth","ascension_level":0}