{"gold_per_floor":[19,36,50,50,50,50,85,85,139,139,159,174,174,193,193,292,292,309,309,5,5],"floor_reached":21,"playtime":1325,"items_purged":["Defend_B"],"score":242,"play_id":"3bff1300-2394-4703-b7f2-79ca47433ef1","local_time":"20180704003451","is_ascension_mode":true,"campfire_choices":[{"data":"Stack","floor":6,"key":"SMITH"},{"floor":8,"key":"REST"},{"data":"Glacier","floor":10,"key":"SMITH"},{"data":"Genetic Algorithm","floor":13,"key":"SMITH"},{"floor":15,"key":"REST"}],"neow_cost":"NO_GOLD","seed_source_timestamp":1748695131487290,"circlet_count":0,"master_deck":["Strike_B","Strike_B","Strike_B","Strike_B","Defend_B","Defend_B","Zap","Dualcast","Glacier+1","Stack+1","Reboot","Static Discharge","Genetic Algorithm+1","Compile Driver","Thunder Strike","Self Repair","Consume"],"relics":["Cracked Core","Calipers","Regal Pillow","Oddly Smooth Stone","Black Star","Meat on the Bone","Ancient Tea Set"],"potions_floor_usage":[16,21],"damage_taken":[{"damage":2,"enemies":"Jaw Worm","floor":1,"turns":3},{"damage":0,"enemies":"2 Louse","floor":2,"turns":3},{"damage":0,"enemies":"Cultist","floor":3,"turns":3},{"damage":28,"enemies":"Gremlin Nob","floor":7,"turns":5},{"damage":21,"enemies":"Exordium Thugs","floor":11,"turns":4},{"damage":10,"enemies":"Gremlin Gang","floor":12,"turns":5},{"damage":6,"enemies":"2 Fungi Beasts","floor":14,"turns":4},{"damage":7,"enemies":"The Guardian","floor":16,"turns":16},{"damage":47,"enemies":"Shell Parasite","floor":18,"turns":8},{"damage":30,"enemies":"3 Byrds","floor":21,"turns":4}],"seed_played":"-7730591468301765860","potions_obtained":[{"floor":3,"key":"Swift Potion"},{"floor":7,"key":"FearPotion"},{"floor":12,"key":"EssenceOfSteel"},{"floor":18,"key":"Dexterity Potion"}],"is_trial":false,"path_per_floor":["M","M","M","?","$","R","E","R","T","R","M","M","R","M","R","B",null,"M","?","$"],"character_chosen":"DEFECT","items_purchased":["Ancient Tea Set","Consume"],"campfire_rested":2,"item_purchase_floors":[20,20],"current_hp_per_floor":[66,66,66,66,66,66,38,75,75,75,54,44,44,38,75,68,73,26,26,26,0],"gold":5,"neow_bonus":"ONE_RARE_RELIC","is_prod":false,"is_daily":false,"chose_seed":false,"campfire_upgraded":3,"win_rate":0,"timestamp":1530686091,"path_taken":["M","M","M","?","?","R","E","R","T","R","M","?","R","M","R","BOSS","M","?","?","M"],"build_version":"2018-06-28","purchased_purges":1,"victory":false,"max_hp_per_floor":[75,75,75,75,75,75,75,75,75,75,75,75,75,75,75,75,75,75,75,75,75],"card_choices":[{"not_picked":["Steam","Ball Lightning"],"picked":"Glacier","floor":1},{"not_picked":["Rip and Tear","Leap"],"picked":"Stack","floor":2},{"not_picked":["Steam","Force Field","Stack"],"picked":"SKIP","floor":3},{"not_picked":["Stack","Redo"],"picked":"Reboot","floor":7},{"not_picked":["Turbo","Stack"],"picked":"Static Discharge","floor":11},{"not_picked":["Turbo","Hello World"],"picked":"Genetic Algorithm","floor":12},{"not_picked":["Tempest","Redo"],"picked":"Compile Driver","floor":14},{"not_picked":["Machine Learning","Meteor Strike"],"picked":"Thunder Strike","floor":16},{"not_picked":["Hologram+1","Coolheaded+1"],"picked":"Self Repair","floor":18}],"player_experience":907763,"relics_obtained":[{"floor":7,"key":"Regal Pillow"},{"floor":9,"key":"Oddly Smooth Stone"}],"event_choices":[{"event_name":"Living Wall","player_choice":"Forget","floor":4,"damage_taken":0},{"event_name":"The Mausoleum","player_choice":"Yes","floor":19,"damage_taken":0}],"boss_relics":[{"not_picked":["Fusion Hammer","Orrery"],"picked":"Black Star"}],"items_purged_floors":[20],"is_endless":false,"potions_floor_spawned":[3,7,12,18],"killed_by":"3 Byrds","ascension_level":7}