{"gold_per_floor":[112,2,21,21,21,21,53,1,26,54,54,54,54,70,70,190,190,205,243,267,267,267,311,1,45,45,69,69,93,129,61,61,185,185,208,227,250,583,583,583,613,639,702,748,760,790,802,814,826,838,850,862,119,150,150],"floor_reached":56,"playtime":3547,"items_purged":["Defend_R","Strike_R","Defend_R"],"score":1574,"play_id":"be17e435-2302-451c-923c-e1b091c338df","local_time":"20190314212609","is_ascension_mode":true,"campfire_choices":[{"data":"Demon Form","floor":6,"key":"SMITH"},{"data":"Uppercut","floor":13,"key":"SMITH"},{"data":"Body Slam","floor":15,"key":"SMITH"},{"data":"Limit Break","floor":28,"key":"SMITH"},{"data":"Carnage","floor":32,"key":"SMITH"},{"floor":40,"key":"RECALL"},{"data":"Double Tap","floor":45,"key":"SMITH"},{"data":"Ghostly Armor","floor":49,"key":"SMITH"},{"data":"Armaments","floor":52,"key":"SMITH"}],"neow_cost":"TEN_PERCENT_HP_LOSS","seed_source_timestamp":155797789445169,"circlet_count":0,"master_deck":["Strike_R","Defend_R","Defend_R","Bash","Demon Form+1","Body Slam+1","Armaments+1","Ghostly Armor+1","Pummel+1","Pommel Strike","Shrug It Off","Uppercut+1","Pommel Strike","Reaper","Shrug It Off+1","Carnage+1","Spot Weakness+1","Limit Break+1","Infernal Blade+1","Combust+1","Pommel Strike+1","Clothesline+1","Demon Form+1","Double Tap+1","Fire Breathing+1","Flame Barrier","Headbutt+1","Disarm+1","Secret Weapon","Metallicize+1"],"relics":["Burning Blood","Kunai","Pen Nib","PreservedInsect","Orichalcum","Coffee Dripper","Red Mask","MutagenicStrength","Turnip","MealTicket","Boot","Frozen Egg 2","Oddly Smooth Stone","Velvet Choker","MawBank","Potion Belt","OrangePellets","Bronze Scales","Whetstone","Pear"],"potions_floor_usage":[7,33,36,37,55,55,55,55,55],"damage_taken":[{"damage":13,"enemies":"2 Louse","floor":1,"turns":3},{"damage":0,"enemies":"Small Slimes","floor":3,"turns":4},{"damage":20,"enemies":"Gremlin Nob","floor":7,"turns":4},{"damage":15,"enemies":"3 Sentries","floor":10,"turns":6},{"damage":0,"enemies":"Cultist","floor":14,"turns":2},{"damage":13,"enemies":"Hexaghost","floor":16,"turns":7},{"damage":7,"enemies":"2 Thieves","floor":18,"turns":4},{"damage":45,"enemies":"Masked Bandits","floor":19,"turns":7},{"damage":0,"enemies":"3 Byrds","floor":20,"turns":5},{"damage":5,"enemies":"Colosseum Slavers","floor":22,"turns":3},{"damage":20,"enemies":"Gremlin Leader","floor":23,"turns":5},{"damage":22,"enemies":"Slavers","floor":25,"turns":4},{"damage":1,"enemies":"3 Cultists","floor":27,"turns":4},{"damage":15,"enemies":"Centurion and Healer","floor":29,"turns":5},{"damage":0,"enemies":"Gremlin Leader","floor":30,"turns":3},{"damage":49,"enemies":"Automaton","floor":33,"turns":7},{"damage":0,"enemies":"3 Darklings","floor":35,"turns":3},{"damage":23,"enemies":"3 Shapes","floor":36,"turns":4},{"damage":16,"enemies":"Transient","floor":37,"turns":5},{"damage":47,"enemies":"Reptomancer","floor":41,"turns":5},{"damage":0,"enemies":"Writhing Mass","floor":42,"turns":4},{"damage":0,"enemies":"Giant Head","floor":44,"turns":4},{"damage":24,"enemies":"3 Darklings","floor":46,"turns":4},{"damage":43,"enemies":"Donu and Deca","floor":50,"turns":6},{"damage":40,"enemies":"Shield and Spear","floor":54,"turns":6},{"damage":55,"enemies":"The Heart","floor":55,"turns":8}],"seed_played":"-7437662973080962752","potions_obtained":[{"floor":3,"key":"AttackPotion"},{"floor":10,"key":"SkillPotion"},{"floor":19,"key":"SteroidPotion"},{"floor":23,"key":"SpeedPotion"},{"floor":29,"key":"PowerPotion"},{"floor":36,"key":"Energy Potion"},{"floor":37,"key":"EssenceOfSteel"},{"floor":41,"key":"SkillPotion"},{"floor":46,"key":"Energy Potion"}],"is_trial":false,"path_per_floor":["M","$","M","?","$","R","E","$","T","E","?","?","R","M","R","B",null,"M","?","M","?","?","E","$","E","T","M","R","M","E","$","R","B",null,"M","M","M","?","?","R","E","M","T","E","R","M","?","?","R","B",null,"R","$","E","B",null],"character_chosen":"IRONCLAD","items_purchased":["Ghostly Armor","Shrug It Off","MealTicket","Demon Form+1","OrangePellets","Bronze Scales","Whetstone","Dexterity Potion","Metallicize+1"],"campfire_rested":0,"item_purchase_floors":[2,8,24,31,53,53,53,53,53],"current_hp_per_floor":[65,65,71,59,59,59,45,45,45,36,36,36,36,42,42,35,59,67,34,50,50,51,59,59,43,43,60,60,51,57,67,67,24,56,62,58,48,48,48,48,29,35,35,41,41,49,49,49,49,27,55,55,64,40,24],"gold":150,"neow_bonus":"TRANSFORM_TWO_CARDS","is_prod":false,"is_daily":false,"chose_seed":false,"campfire_upgraded":8,"win_rate":0,"timestamp":1552620369,"path_taken":["M","$","M","?","$","R","E","$","T","E","?","?","R","M","R","BOSS","M","?","M","?","?","E","?","E","T","M","R","M","E","$","R","BOSS","M","M","M","?","?","R","E","M","T","E","R","M","?","?","R","BOSS","R","$","E","BOSS"],"build_version":"2019-01-23","purchased_purges":3,"victory":true,"max_hp_per_floor":[72,72,72,72,72,72,72,72,72,72,67,67,67,67,67,67,67,67,67,67,67,67,67,67,67,67,67,67,67,67,67,67,67,67,67,67,67,67,67,67,67,67,67,67,67,67,64,64,64,64,64,64,64,74,74],"card_choices":[{"not_picked":["Anger","Corruption"],"picked":"Armaments","floor":1},{"not_picked":["Wild Strike","Headbutt"],"picked":"Pummel","floor":3},{"not_picked":["Dropkick","Demon Form"],"picked":"Pommel Strike","floor":7},{"not_picked":["Havoc","Perfected Strike"],"picked":"Uppercut","floor":10},{"not_picked":["Iron Wave","Flex"],"picked":"Pommel Strike","floor":14},{"not_picked":["Bludgeon","Juggernaut"],"picked":"Reaper","floor":16},{"not_picked":["Blood for Blood","Headbutt"],"picked":"Shrug It Off+1","floor":18},{"not_picked":["Seeing Red","Warcry"],"picked":"Carnage","floor":19},{"not_picked":["Clothesline","Perfected Strike+1"],"picked":"Spot Weakness+1","floor":20},{"not_picked":["Perfected Strike+1","Iron Wave+1"],"picked":"Limit Break","floor":23},{"not_picked":["Brutality","Thunderclap"],"picked":"Infernal Blade+1","floor":25},{"not_picked":["Twin Strike+1","Thunderclap"],"picked":"Combust+1","floor":27},{"not_picked":["Rampage","Feel No Pain+1"],"picked":"Pommel Strike","floor":29},{"not_picked":["Armaments","Wild Strike+1"],"picked":"Clothesline+1","floor":30},{"not_picked":["Juggernaut+1","Immolate"],"picked":"Double Tap","floor":33},{"not_picked":["Sever Soul","Dual Wield","Cleave"],"picked":"SKIP","floor":35},{"not_picked":["Sever Soul+1","Hemokinesis","Perfected Strike+1"],"picked":"SKIP","floor":36},{"not_picked":["Wild Strike","Cleave+1"],"picked":"Fire Breathing+1","floor":37},{"not_picked":["Cleave+1","Wild Strike+1"],"picked":"Flame Barrier","floor":41},{"not_picked":["Intimidate","Hemokinesis+1"],"picked":"Headbutt+1","floor":42},{"not_picked":["True Grit","Offering","Fire Breathing+1"],"picked":"SKIP","floor":44},{"not_picked":["Anger","Burning Pact"],"picked":"Disarm+1","floor":46},{"not_picked":["Dramatic Entrance","Impatience"],"picked":"Secret Weapon","floor":48},{"not_picked":["True Grit","Cleave+1","Iron Wave"],"picked":"SKIP","floor":54}],"player_experience":88052,"relics_obtained":[{"floor":7,"key":"Pen Nib"},{"floor":9,"key":"PreservedInsect"},{"floor":10,"key":"Orichalcum"},{"floor":19,"key":"Red Mask"},{"floor":23,"key":"Turnip"},{"floor":25,"key":"Boot"},{"floor":26,"key":"Frozen Egg 2"},{"floor":30,"key":"Oddly Smooth Stone"},{"floor":41,"key":"MawBank"},{"floor":44,"key":"Potion Belt"},{"floor":54,"key":"Pear"}],"event_choices":[{"damage_healed":0,"gold_gain":0,"player_choice":"Success","damage_taken":12,"relics_obtained":["Kunai"],"max_hp_gain":0,"max_hp_loss":0,"event_name":"Scrap Ooze","floor":4,"gold_loss":0},{"damage_healed":0,"gold_gain":0,"player_choice":"Lose Max HP","damage_taken":0,"relics_obtained":["Golden Idol"],"max_hp_gain":0,"max_hp_loss":5,"event_name":"Golden Idol","floor":11,"gold_loss":0},{"cards_removed":["Strike_R"],"damage_healed":0,"gold_gain":0,"player_choice":"Offered Basic","damage_taken":0,"max_hp_gain":0,"max_hp_loss":0,"event_name":"Bonfire Elementals","floor":12,"gold_loss":0},{"damage_healed":0,"gold_gain":0,"player_choice":"Fought Bandits","damage_taken":0,"max_hp_gain":0,"max_hp_loss":0,"event_name":"Masked Bandits","floor":19,"gold_loss":0},{"damage_healed":0,"gold_gain":0,"player_choice":"Inject Mutagens","damage_taken":0,"relics_obtained":["MutagenicStrength"],"max_hp_gain":0,"max_hp_loss":0,"event_name":"Drug Dealer","floor":21,"gold_loss":0},{"damage_healed":0,"gold_gain":0,"player_choice":"Fight","damage_taken":0,"max_hp_gain":0,"max_hp_loss":0,"event_name":"Colosseum","floor":22,"gold_loss":0},{"damage_healed":0,"gold_gain":0,"player_choice":"Fled From Nobs","damage_taken":0,"max_hp_gain":0,"max_hp_loss":0,"event_name":"Colosseum","floor":22,"gold_loss":0},{"damage_healed":0,"gold_gain":333,"player_choice":"Gave Idol","damage_taken":0,"max_hp_gain":0,"max_hp_loss":0,"event_name":"The Moai Head","floor":38,"relics_lost":["Golden Idol"],"gold_loss":0},{"damage_healed":0,"gold_gain":0,"player_choice":"Ignored","damage_taken":0,"max_hp_gain":0,"max_hp_loss":0,"event_name":"Mysterious Sphere","floor":39,"gold_loss":0},{"damage_healed":0,"gold_gain":0,"player_choice":"Max HP","damage_taken":0,"max_hp_gain":0,"max_hp_loss":3,"event_name":"Winding Halls","floor":47,"gold_loss":0},{"damage_healed":0,"gold_gain":0,"player_choice":"Memory 1","damage_taken":0,"max_hp_gain":0,"max_hp_loss":0,"event_name":"SensoryStone","floor":48,"gold_loss":0}],"is_beta":false,"boss_relics":[{"not_picked":["Tiny House","Runic Dome"],"picked":"Coffee Dripper"},{"not_picked":["Runic Pyramid","Astrolabe"],"picked":"Velvet Choker"}],"items_purged_floors":[2,24,53],"is_endless":false,"potions_floor_spawned":[3,10,19,23,29,36,37,41,46,54],"ascension_level":5}