{"gold_per_floor":[113,128,203,203,223,223,249,249,249,9,26,26,42,107,107,185,185,203,217,217,26,26,53,53,86,109,123,123,123,134,134,134,134],"floor_reached":33,"playtime":1953,"items_purged":["Strike_R"],"score":691,"play_id":"271cc5f8-ddc1-4af4-94d5-b0ab3f04f4a8","local_time":"20190312232648","is_ascension_mode":true,"campfire_choices":[{"data":"Thunderclap","floor":6,"key":"SMITH"},{"floor":8,"key":"REST"},{"data":"Body Slam","floor":12,"key":"SMITH"},{"data":"Flame Barrier","floor":15,"key":"SMITH"},{"data":"Body Slam","floor":24,"key":"SMITH"},{"data":"Shrug It Off","floor":28,"key":"SMITH"},{"data":"Ghostly","floor":32,"key":"SMITH"}],"neow_cost":"NONE","seed_source_timestamp":513588797952149,"circlet_count":0,"master_deck":["AscendersBane","Defend_R+1","Defend_R","Defend_R","Defend_R+1","Bash","Flame Barrier+1","Inflame","Thunderclap+1","Immolate+1","Body Slam+1","Dropkick","Impervious","Body Slam+1","Headbutt","Bite","Bite","Bite","Bite","Bite","Shrug It Off+1","Battle Trance","Disarm+1","Doubt","Impervious","True Grit","Ghostly","Ghostly","Ghostly+1"],"relics":["Burning Blood","Boot","Dodecahedron","Whetstone","Pen Nib","War Paint","Cursed Key","Lantern","Dream Catcher","Anchor","Bag of Preparation"],"potions_floor_usage":[7,13,14,16,23,23,23,25,33,33],"damage_taken":[{"damage":4,"enemies":"Small Slimes","floor":1,"turns":4},{"damage":8,"enemies":"2 Louse","floor":2,"turns":3},{"damage":2,"enemies":"Jaw Worm","floor":5,"turns":3},{"damage":30,"enemies":"3 Sentries","floor":7,"turns":7},{"damage":0,"enemies":"Looter","floor":11,"turns":2},{"damage":0,"enemies":"Large Slime","floor":13,"turns":3},{"damage":5,"enemies":"3 Sentries","floor":14,"turns":4},{"damage":0,"enemies":"Slime Boss","floor":16,"turns":7},{"damage":23,"enemies":"2 Thieves","floor":18,"turns":3},{"damage":0,"enemies":"Spheric Guardian","floor":19,"turns":3},{"damage":9,"enemies":"Slavers","floor":23,"turns":5},{"damage":41,"enemies":"Gremlin Leader","floor":25,"turns":7},{"damage":0,"enemies":"Chosen and Byrds","floor":27,"turns":4},{"damage":0,"enemies":"Centurion and Healer","floor":30,"turns":4},{"damage":49,"enemies":"Champ","floor":33,"turns":12}],"seed_played":"2476135581620032510","potions_obtained":[{"floor":1,"key":"Explosive Potion"},{"floor":5,"key":"SteroidPotion"},{"floor":7,"key":"SpeedPotion"},{"floor":13,"key":"Regen Potion"},{"floor":18,"key":"LiquidBronze"},{"floor":19,"key":"EntropicBrew"},{"floor":23,"key":"Swift Potion"},{"floor":30,"key":"AttackPotion"}],"is_trial":false,"path_per_floor":["M","M","?","?","M","R","E","R","T","$","M","R","M","?","R","B",null,"M","M","?","$","?","E","R","E","T","M","R","?","M","?","R","B"],"character_chosen":"IRONCLAD","items_purchased":["Pen Nib","Lantern","Shrug It Off"],"campfire_rested":1,"item_purchase_floors":[10,21,21],"current_hp_per_floor":[70,68,57,57,61,61,37,59,59,59,65,65,71,75,75,75,75,58,64,52,52,52,51,51,35,35,47,47,34,50,28,28,0],"gold":134,"neow_bonus":"RANDOM_COMMON_RELIC","is_prod":false,"is_daily":false,"chose_seed":false,"campfire_upgraded":6,"win_rate":0,"timestamp":1552454808,"path_taken":["M","M","?","?","M","R","E","R","T","$","M","R","M","?","R","BOSS","M","M","?","$","?","E","R","E","T","M","R","?","M","?","R","BOSS"],"build_version":"2019-01-23","purchased_purges":1,"victory":false,"max_hp_per_floor":[75,75,75,75,75,75,75,75,75,75,75,75,75,75,75,75,75,75,75,52,52,52,52,52,52,52,52,52,57,57,28,28,28],"card_choices":[{"not_picked":["Power Through","Wild Strike"],"picked":"Flame Barrier","floor":1},{"not_picked":["Anger","Infernal Blade"],"picked":"Inflame","floor":2},{"not_picked":["Clothesline","Perfected Strike"],"picked":"Thunderclap","floor":5},{"not_picked":["Offering","Warcry"],"picked":"Immolate","floor":7},{"not_picked":["Pommel Strike","Thunderclap"],"picked":"Body Slam","floor":11},{"not_picked":["Clothesline","Corruption","Sword Boomerang"],"picked":"SKIP","floor":13},{"not_picked":["Heavy Blade","True Grit"],"picked":"Dropkick","floor":14},{"not_picked":["Dark Embrace","Reaper"],"picked":"Impervious","floor":16},{"not_picked":["Shrug It Off","Heavy Blade"],"picked":"Body Slam","floor":18},{"not_picked":["Havoc","Clash+1"],"picked":"Headbutt","floor":19},{"not_picked":["Body Slam","Sword Boomerang","Havoc"],"picked":"SKIP","floor":23},{"not_picked":["Blood for Blood+1","Dual Wield"],"picked":"Disarm+1","floor":25},{"not_picked":["Wild Strike","True Grit"],"picked":"Impervious","floor":27},{"not_picked":["Carnage","Shockwave"],"picked":"True Grit","floor":30}],"player_experience":1415390,"relics_obtained":[{"floor":7,"key":"Dodecahedron"},{"floor":9,"key":"Whetstone"},{"floor":14,"key":"War Paint"},{"floor":23,"key":"Dream Catcher"},{"floor":25,"key":"Anchor"},{"floor":26,"key":"Bag of Preparation"}],"event_choices":[{"damage_healed":0,"gold_gain":75,"player_choice":"Gather Gold","damage_taken":11,"max_hp_gain":0,"max_hp_loss":0,"event_name":"World of Goop","floor":3,"gold_loss":0},{"damage_healed":0,"gold_gain":0,"player_choice":"Ignored","damage_taken":0,"max_hp_gain":0,"max_hp_loss":0,"event_name":"Liars Game","floor":4,"gold_loss":0},{"damage_healed":0,"gold_gain":0,"player_choice":"Searched \u00271\u0027 times","damage_taken":0,"max_hp_gain":0,"max_hp_loss":0,"event_name":"Dead Adventurer","floor":14,"gold_loss":0},{"damage_healed":0,"gold_gain":0,"player_choice":"Became a vampire","damage_taken":0,"max_hp_gain":0,"max_hp_loss":23,"event_name":"Vampires","floor":20,"gold_loss":0,"cards_obtained":["Bite","Bite","Bite","Bite","Bite"]},{"damage_healed":0,"gold_gain":0,"player_choice":"Read","damage_taken":0,"max_hp_gain":0,"max_hp_loss":0,"event_name":"The Library","floor":22,"gold_loss":0,"cards_obtained":["Battle Trance"]},{"damage_healed":0,"gold_gain":0,"player_choice":"Shed Blood","damage_taken":18,"max_hp_gain":5,"max_hp_loss":0,"event_name":"Forgotten Altar","floor":29,"gold_loss":0},{"damage_healed":0,"gold_gain":0,"player_choice":"Became a Ghost","damage_taken":0,"max_hp_gain":0,"max_hp_loss":29,"event_name":"Ghosts","floor":31,"gold_loss":0,"cards_obtained":["Ghostly","Ghostly","Ghostly"]}],"is_beta":false,"boss_relics":[{"not_picked":["Astrolabe","Eternal Feather"],"picked":"Cursed Key"}],"items_purged_floors":[10],"is_endless":false,"potions_floor_spawned":[1,5,7,13,18,19,23,30],"killed_by":"Champ","ascension_level":20}