{"gold_per_floor":[219,233,251,201,11,11,11,11,11,30,55,55,55,74,74,198,198,212,212,60,74,90,90,90],"floor_reached":24,"playtime":1246,"items_purged":[],"score":301,"play_id":"8d092a85-c5e1-4c32-b65a-c454246384f7","local_time":"20190202224327","is_ascension_mode":true,"campfire_choices":[{"data":"Zap","floor":6,"key":"SMITH"},{"data":"Redo","floor":8,"key":"SMITH"},{"data":"Reinforced Body","floor":13,"key":"SMITH"},{"floor":15,"key":"REST"},{"floor":23,"key":"REST"}],"neow_cost":"NONE","seed_source_timestamp":1309969290513269,"circlet_count":0,"master_deck":["AscendersBane","Strike_B","Strike_B","Strike_B","Defend_B","Defend_B","Defend_B","Defend_B","Zap+1","Dualcast","Cold Snap","Go for the Eyes","Redo+1","White Noise","Reinforced Body+1","Loop","Multi-Cast","Barrage","Storm"],"relics":["Cracked Core","Runic Capacitor","Golden Idol","Gremlin Horn","Cables","Busted Crown","Bronze Scales"],"potions_floor_usage":[16,24],"damage_taken":[{"damage":1,"enemies":"2 Louse","floor":1,"turns":3},{"damage":5,"enemies":"Small Slimes","floor":2,"turns":3},{"damage":2,"enemies":"Jaw Worm","floor":3,"turns":3},{"damage":3,"enemies":"Blue Slaver","floor":10,"turns":3},{"damage":15,"enemies":"3 Louse","floor":11,"turns":3},{"damage":0,"enemies":"Looter","floor":14,"turns":3},{"damage":30,"enemies":"The Guardian","floor":16,"turns":10},{"damage":5,"enemies":"Spheric Guardian","floor":18,"turns":4},{"damage":1,"enemies":"3 Byrds","floor":21,"turns":3},{"damage":5,"enemies":"Centurion and Healer","floor":22,"turns":7},{"damage":77,"enemies":"Slavers","floor":24,"turns":5}],"seed_played":"3677335702849675398","potions_obtained":[{"floor":10,"key":"GamblersBrew"},{"floor":16,"key":"FearPotion"},{"floor":21,"key":"EssenceOfSteel"}],"is_trial":false,"path_per_floor":["M","M","M","?","$","R","?","R","T","M","M","T","R","M","R","B",null,"M","?","$","M","M","R","E"],"character_chosen":"DEFECT","items_purchased":["Runic Capacitor","Bronze Scales"],"campfire_rested":2,"item_purchase_floors":[5,20],"current_hp_per_floor":[67,62,60,60,60,60,60,60,60,57,42,42,42,42,62,32,60,55,55,55,54,49,69,0],"gold":90,"neow_bonus":"HUNDRED_GOLD","is_prod":false,"is_daily":false,"chose_seed":false,"campfire_upgraded":3,"win_rate":0,"timestamp":1549172607,"path_taken":["M","M","M","?","$","R","?","R","T","M","M","?","R","M","R","BOSS","M","?","$","M","M","R","E"],"build_version":"2019-01-23","purchased_purges":0,"victory":false,"max_hp_per_floor":[75,75,75,75,75,75,69,69,69,69,69,69,69,69,69,69,69,69,69,69,69,69,69,69],"card_choices":[{"not_picked":["Conserve Battery","Barrage"],"picked":"Cold Snap","floor":1},{"not_picked":["Cold Snap","Barrage"],"picked":"Go for the Eyes","floor":2},{"not_picked":["Conserve Battery","Streamline"],"picked":"Redo","floor":3},{"not_picked":["Blizzard","Steam"],"picked":"White Noise","floor":10},{"not_picked":["Capacitor","Barrage"],"picked":"Reinforced Body","floor":11},{"not_picked":["Doom and Gloom","Stack"],"picked":"Loop","floor":14},{"not_picked":["Hyperbeam","Thunder Strike"],"picked":"Multi-Cast","floor":16},{"not_picked":[],"picked":"Barrage","floor":18},{"not_picked":["Gash"],"picked":"SKIP","floor":21},{"not_picked":[],"picked":"Storm","floor":22}],"player_experience":947613,"relics_obtained":[{"floor":9,"key":"Gremlin Horn"},{"floor":12,"key":"Cables"}],"event_choices":[{"cards_removed":["Strike_B"],"damage_healed":0,"gold_gain":0,"player_choice":"Card Removal","damage_taken":0,"max_hp_gain":0,"max_hp_loss":0,"event_name":"The Cleric","floor":4,"gold_loss":50},{"damage_healed":0,"gold_gain":0,"player_choice":"Lose Max HP","damage_taken":0,"relics_obtained":["Golden Idol"],"max_hp_gain":0,"max_hp_loss":6,"event_name":"Golden Idol","floor":7,"gold_loss":0},{"damage_healed":0,"gold_gain":0,"player_choice":"Ignored","damage_taken":0,"max_hp_gain":0,"max_hp_loss":0,"event_name":"Vampires","floor":19,"gold_loss":0}],"is_beta":false,"boss_relics":[{"not_picked":["Fusion Hammer","Eternal Feather"],"picked":"Busted Crown"}],"items_purged_floors":[],"is_endless":false,"potions_floor_spawned":[10,16,21],"killed_by":"Slavers","ascension_level":12}