{"gold_per_floor":[118,118,118,43,59,59,73,93,148,148,128,128,163,180,180,180],"floor_reached":16,"playtime":693,"items_purged":["Strike_R"],"score":200,"play_id":"7376724f-06a7-4c4a-8c84-c00a0e506aad","local_time":"20190302163610","is_ascension_mode":true,"campfire_choices":[{"data":"Thunderclap","floor":6,"key":"SMITH"},{"data":"Armaments","floor":10,"key":"SMITH"},{"data":"Bash","floor":12,"key":"SMITH"},{"floor":15,"key":"REST"}],"neow_cost":"NONE","seed_source_timestamp":84491590673280,"circlet_count":0,"master_deck":["AscendersBane","Strike_R","Strike_R","Strike_R","Defend_R","Defend_R","Defend_R","Defend_R","Bash+1","Infernal Blade","Thunderclap+1","Armaments+1","Infernal Blade","Dropkick","Searing Blow"],"relics":["Burning Blood","NlothsMask","Bag of Preparation"],"potions_floor_usage":[8,13,14,16],"damage_taken":[{"damage":16,"enemies":"Small Slimes","floor":1,"turns":6},{"damage":6,"enemies":"Cultist","floor":5,"turns":3},{"damage":5,"enemies":"2 Louse","floor":7,"turns":2},{"damage":22,"enemies":"Gremlin Gang","floor":8,"turns":5},{"damage":35,"enemies":"3 Sentries","floor":13,"turns":8},{"damage":10,"enemies":"Large Slime","floor":14,"turns":4},{"damage":45,"enemies":"Slime Boss","floor":16,"turns":7}],"seed_played":"-2129044780792751690","potions_obtained":[{"floor":1,"key":"Ancient Potion"},{"floor":5,"key":"FearPotion"},{"floor":11,"key":"Swift Potion"},{"floor":14,"key":"Dexterity Potion"}],"is_trial":false,"path_per_floor":["M","?","?","$","M","R","M","M","T","R","?","R","E","M","R","B"],"character_chosen":"IRONCLAD","items_purchased":[],"campfire_rested":1,"item_purchase_floors":[],"current_hp_per_floor":[65,65,65,65,65,65,66,50,50,50,50,50,21,17,41,0],"gold":180,"neow_bonus":"TEN_PERCENT_HP_BONUS","is_prod":false,"is_daily":false,"chose_seed":false,"campfire_upgraded":3,"win_rate":0,"timestamp":1551569770,"path_taken":["M","?","?","$","?","R","M","M","T","R","?","R","E","M","R","BOSS"],"build_version":"2019-01-23","purchased_purges":1,"victory":false,"max_hp_per_floor":[82,82,82,82,82,82,82,82,82,82,82,82,82,82,82,82],"card_choices":[{"not_picked":["Fire Breathing","Twin Strike"],"picked":"Infernal Blade","floor":1},{"not_picked":["True Grit","Havoc"],"picked":"Thunderclap","floor":5},{"not_picked":["Anger","Thunderclap"],"picked":"Armaments","floor":7},{"not_picked":["Body Slam","Sword Boomerang"],"picked":"Infernal Blade","floor":8},{"not_picked":["Body Slam","True Grit"],"picked":"Dropkick","floor":13},{"not_picked":["Havoc","Clash"],"picked":"Searing Blow","floor":14}],"player_experience":1322752,"relics_obtained":[{"floor":13,"key":"Bag of Preparation"}],"event_choices":[{"cards_removed":["Strike_R"],"damage_healed":0,"gold_gain":0,"player_choice":"Forget","damage_taken":0,"max_hp_gain":0,"max_hp_loss":0,"event_name":"Living Wall","floor":2,"gold_loss":0},{"damage_healed":0,"gold_gain":0,"player_choice":"Trade","damage_taken":0,"relics_obtained":["NlothsMask"],"max_hp_gain":0,"max_hp_loss":0,"event_name":"FaceTrader","floor":3,"gold_loss":0},{"damage_healed":0,"gold_gain":0,"player_choice":"Bought 1 Potion","damage_taken":0,"max_hp_gain":0,"max_hp_loss":0,"event_name":"The Woman in Blue","floor":11,"gold_loss":0}],"is_beta":false,"boss_relics":[],"items_purged_floors":[4],"is_endless":false,"potions_floor_spawned":[1,5,14],"killed_by":"Slime Boss","ascension_level":20}