{"gold_per_floor":[112,122,142,62,72,72,104,104,104,54,54,67,84,84,84,158,158,173,50,50],"floor_reached":20,"playtime":944,"items_purged":["Defend_B","Defend_B"],"score":305,"play_id":"4bcaf24d-6cbf-49f6-b2c6-4ed46c36ff70","local_time":"20190209130330","is_ascension_mode":true,"campfire_choices":[{"data":"Zap","floor":6,"key":"SMITH"},{"floor":8,"key":"REST"},{"data":"Genetic Algorithm","floor":11,"key":"SMITH"},{"floor":15,"key":"REST"}],"neow_cost":"NONE","seed_source_timestamp":1880293848392597,"circlet_count":0,"master_deck":["AscendersBane","Strike_B","Strike_B","Strike_B","Strike_B","Defend_B","Zap+1","Dualcast","Genetic Algorithm+1","Ball Lightning+1","Beam Cell","Capacitor","Cold Snap+1","Blizzard","Redo","Creative AI","Electrodynamics","Hologram","Static Discharge"],"relics":["Cracked Core","DataDisk","Smiling Mask","Eternal Feather"],"potions_floor_usage":[12,16,20],"damage_taken":[{"damage":6,"enemies":"Jaw Worm","floor":1,"turns":4},{"damage":3,"enemies":"Small Slimes","floor":2,"turns":2},{"damage":2,"enemies":"2 Louse","floor":3,"turns":3},{"damage":12,"enemies":"2 Fungi Beasts","floor":5,"turns":3},{"damage":16,"enemies":"Lagavulin","floor":7,"turns":5},{"damage":0,"enemies":"Exordium Thugs","floor":12,"turns":3},{"damage":5,"enemies":"Large Slime","floor":13,"turns":4},{"damage":15,"enemies":"Slime Boss","floor":16,"turns":8},{"damage":34,"enemies":"3 Byrds","floor":18,"turns":5},{"damage":26,"enemies":"Shell Parasite","floor":20,"turns":3}],"seed_played":"-5924646358646436721","potions_obtained":[{"floor":3,"key":"Dexterity Potion"},{"floor":5,"key":"Explosive Potion"},{"floor":12,"key":"Poison Potion"}],"is_trial":false,"path_per_floor":["M","M","M","$","M","R","E","R","T","$","R","M","M","?","R","B",null,"M","$","M"],"character_chosen":"DEFECT","items_purchased":["Capacitor","Static Discharge"],"campfire_rested":2,"item_purchase_floors":[4,19],"current_hp_per_floor":[58,55,53,53,41,41,25,46,46,46,46,46,41,20,41,26,60,26,26,0],"gold":50,"neow_bonus":"REMOVE_CARD","is_prod":false,"is_daily":false,"chose_seed":false,"campfire_upgraded":2,"win_rate":0,"timestamp":1549742610,"path_taken":["M","M","M","$","M","R","E","R","T","$","R","M","M","?","R","BOSS","M","$","M"],"build_version":"2019-01-23","purchased_purges":2,"victory":false,"max_hp_per_floor":[71,71,71,71,71,71,71,71,71,71,71,71,71,71,71,71,71,71,71,71],"card_choices":[{"not_picked":["Streamline","Rip and Tear"],"picked":"Genetic Algorithm","floor":1},{"not_picked":["Hologram","Sunder"],"picked":"Ball Lightning","floor":2},{"not_picked":["Barrage","Double Energy"],"picked":"Beam Cell","floor":3},{"not_picked":["Streamline","Ball Lightning"],"picked":"Cold Snap","floor":5},{"not_picked":["Beam Cell","Melter"],"picked":"Blizzard","floor":7},{"not_picked":["Leap","Compile Driver"],"picked":"Redo","floor":12},{"not_picked":["Chaos","Capacitor"],"picked":"Creative AI","floor":13},{"not_picked":["Machine Learning","Core Surge"],"picked":"Electrodynamics","floor":16},{"not_picked":["Gash","Rebound"],"picked":"Hologram","floor":18}],"player_experience":1031912,"relics_obtained":[{"floor":7,"key":"DataDisk"},{"floor":9,"key":"Smiling Mask"}],"event_choices":[{"damage_healed":0,"gold_gain":0,"player_choice":"Entered Light","damage_taken":21,"max_hp_gain":0,"max_hp_loss":0,"event_name":"Shining Light","floor":14,"gold_loss":0,"cards_upgraded":["Cold Snap","Ball Lightning"]}],"is_beta":false,"boss_relics":[{"not_picked":["Velvet Choker","Pandora\u0027s Box"],"picked":"Eternal Feather"}],"items_purged_floors":[10,19],"is_endless":false,"potions_floor_spawned":[3,5,12],"killed_by":"Shell Parasite","ascension_level":15}