{"path_per_floor":["M","$","M","?","M","E","R","E","T","R","?","?","R","E","R","B",null,"M","M","M","?","?","R","E","R","T","M","?","R","M","E","R","B",null,"M","$","M","M","$","R"],"character_chosen":"DEFECT","items_purchased":["Mummified Hand"],"gold_per_floor":[111,36,55,55,73,106,106,135,135,135,135,135,135,163,163,264,264,281,291,305,305,305,305,330,330,330,344,344,344,356,381,381,484,484,495,155,170,190,65,65,65],"floor_reached":41,"campfire_rested":5,"playtime":2855,"current_hp_per_floor":[75,75,75,75,75,44,66,45,45,67,60,53,53,46,46,27,82,54,38,20,20,20,32,27,27,27,23,23,23,23,18,30,25,41,24,24,21,6,6,18,0],"items_purged":["Strike_B","Doubt","Writhe"],"gold":65,"score":561,"play_id":"b51d4f33-d126-4dc1-924a-3c0ab731ee16","local_time":"20180510232737","is_prod":false,"is_daily":false,"chose_seed":false,"is_ascension_mode":true,"campfire_upgraded":4,"timestamp":1526016457,"path_taken":["M","$","M","?","?","E","R","E","T","R","?","?","R","E","R","BOSS","M","M","M","?","?","R","E","R","T","M","?","R","M","E","R","BOSS","M","$","M","M","$","R","E"],"build_version":"2018-05-10","seed_source_timestamp":0,"purchased_purges":3,"victory":false,"master_deck":["Strike_B","Defend_B","Defend_B","Defend_B","Defend_B","Zap+1","Dualcast+1","Ball Lightning","Defragment+1","Cold Snap","All For One","Beam Cell","Capacitor","Thunder Strike+1","Injury","Beam Cell","Go for the Eyes","Ghostly+1","Ghostly+1","Ghostly+1","Ghostly+1","Ghostly+1","Scrape+1","Loop+1","Force Field+1","Creative AI","Blizzard+1","FTL+1","White Noise+1"],"max_hp_per_floor":[75,75,75,75,75,75,75,75,75,75,75,75,75,75,75,75,82,82,82,82,41,41,41,41,41,41,41,41,41,41,41,41,41,41,41,41,41,41,41,41,41],"relics":["Cracked Core","NeowsBlessing","Turnip","Ginger","Ice Cream","Toxic Egg 2","Lantern","Calling Bell","Emotion Chip","Strawberry","Shuriken","Ornamental Fan","Centennial Puzzle","Pantograph","Inserter","Mummified Hand"],"card_choices":[{"not_picked":["Skim","Stack"],"picked":"Ball Lightning","floor":1.0},{"not_picked":["Consume","Genetic Algorithm"],"picked":"Defragment","floor":3.0},{"not_picked":["Beam Cell","Capacitor"],"picked":"Cold Snap","floor":5.0},{"not_picked":["Heatsinks","Doom and Gloom"],"picked":"All For One","floor":6.0},{"not_picked":["Cold Snap","Stack"],"picked":"Beam Cell","floor":8.0},{"not_picked":["Ball Lightning","Leap"],"picked":"Capacitor","floor":14.0},{"not_picked":["Multi-Cast","Rainbow"],"picked":"Thunder Strike","floor":16.0},{"not_picked":["Gash","Streamline"],"picked":"Beam Cell","floor":19.0},{"not_picked":["Turbo","Impulse"],"picked":"Go for the Eyes","floor":20.0},{"not_picked":["Axe Kick","Cold Snap"],"picked":"Scrape","floor":24.0},{"not_picked":["Undo","Ball Lightning"],"picked":"Loop","floor":30.0},{"not_picked":["Impulse","Fission"],"picked":"Force Field","floor":31},{"not_picked":["Amplify","Meteor Strike"],"picked":"Creative AI","floor":33},{"not_picked":["Lockon","Coolheaded"],"picked":"Blizzard","floor":35},{"not_picked":["Steam","Turbo"],"picked":"FTL","floor":37},{"not_picked":["Rip and Tear","Lockon"],"picked":"White Noise","floor":38}],"player_experience":85221,"potions_floor_usage":[33,41,41],"damage_taken":[{"damage":0.0,"enemies":"Small Slimes","floor":1.0,"turns":1.0},{"damage":0.0,"enemies":"2 Louse","floor":3.0,"turns":1.0},{"damage":0.0,"enemies":"Cultist","floor":5.0,"turns":1.0},{"damage":31.0,"enemies":"Lagavulin","floor":6.0,"turns":5.0},{"damage":21.0,"enemies":"3 Sentries","floor":8.0,"turns":6.0},{"damage":13.0,"enemies":"Gremlin Nob","floor":14.0,"turns":3.0},{"damage":19.0,"enemies":"The Guardian","floor":16.0,"turns":7.0},{"damage":28.0,"enemies":"3 Byrds","floor":18.0,"turns":4.0},{"damage":16.0,"enemies":"Shell Parasite","floor":19.0,"turns":3.0},{"damage":18.0,"enemies":"Snecko","floor":20.0,"turns":3.0},{"damage":5.0,"enemies":"Gremlin Leader","floor":24.0,"turns":8.0},{"damage":4.0,"enemies":"3 Cultists","floor":27.0,"turns":5.0},{"damage":0.0,"enemies":"Centurion and Healer","floor":30.0,"turns":6.0},{"damage":5.0,"enemies":"Book of Stabbing","floor":31.0,"turns":4.0},{"damage":16,"enemies":"Champ","floor":33,"turns":9},{"damage":17,"enemies":"Orb Walker","floor":35,"turns":5},{"damage":3,"enemies":"3 Shapes","floor":37,"turns":5},{"damage":15,"enemies":"Spire Growth","floor":38,"turns":4},{"damage":20,"enemies":"2 Orb Walkers","floor":41,"turns":2}],"event_choices":[{"event_name":"Living Wall","player_choice":"Forget","floor":4.0,"damage_taken":0.0},{"event_name":"Scrap Ooze","player_choice":"success","floor":11.0,"damage_taken":7.0},{"event_name":"Golden Wing","player_choice":"Card Removal","floor":12.0,"damage_taken":0.0},{"event_name":"Ghosts","player_choice":"Became a Ghost","floor":21.0,"damage_taken":0.0},{"event_name":"Vampires","player_choice":"Ignored","floor":22.0,"damage_taken":0.0},{"event_name":"The Lab","player_choice":"Got Potions","floor":28.0,"damage_taken":0.0}],"boss_relics":[{"not_picked":["Snecko Eye","Black Star"],"picked":"Inserter"}],"potions_floor_spawned":[8,16,27,30,31,38],"seed_played":"-84451673502408762","killed_by":"2 Orb Walkers","ascension_level":4,"is_trial":false}