{"gold_per_floor":[17,29,45,45,45,45,45,64,64,64,64,64,25,56,56,154,154,166,166,166,177,31,31,8,43,67,100,120,133,133,146,146,249,249,260,28,28,28,40,40,40],"floor_reached":41,"playtime":3350,"items_purged":["Defend_G"],"score":500,"play_id":"e1238f89-8335-4290-8c7b-4124180b0c60","local_time":"20190127013341","is_ascension_mode":true,"campfire_choices":[{"data":"Neutralize","floor":6.0,"key":"SMITH"},{"data":"Choke","floor":10.0,"key":"SMITH"},{"data":"Terror","floor":12.0,"key":"SMITH"},{"data":"Bouncing Flask","floor":15.0,"key":"SMITH"},{"data":"Envenom","floor":23,"key":"SMITH"},{"data":"Blade Dance","floor":30,"key":"SMITH"},{"data":"Infinite Blades","floor":32,"key":"SMITH"},{"data":"Phantasmal Killer","floor":40,"key":"SMITH"}],"neow_cost":"NO_GOLD","seed_source_timestamp":716459654278650,"circlet_count":0,"master_deck":["Survivor","Neutralize+1","Dodge and Roll","Terror+1","Poisoned Stab","Choke+1","Bouncing Flask+1","Sucker Punch","Envenom+1","Bane","Flechettes","Blade Dance+1","PiercingWail","Dodge and Roll","Dagger Spray","Bite+1","Bite","Bite","Bite","Bite+1","PiercingWail","Poisoned Stab","Bullet Time","Envenom","Flying Knee+1","Noxious Fumes+1","Infinite Blades+1","Phantasmal Killer+1","Backflip+1","Doppelganger+1","Glass Knife+1","Panacea"],"special_seed":0,"relics":["Ring of the Snake","Ninja Scroll","Kunai","Gremlin Horn","Oddly Smooth Stone","Orrery","Whetstone","Boot","Juzu Bracelet","Vajra","Astrolabe","Lantern"],"potions_floor_usage":[33,33,33],"damage_taken":[{"damage":1.0,"enemies":"Cultist","floor":1.0,"turns":5.0},{"damage":0.0,"enemies":"2 Louse","floor":2.0,"turns":3.0},{"damage":5.0,"enemies":"Jaw Worm","floor":3.0,"turns":5.0},{"damage":10.0,"enemies":"3 Louse","floor":8.0,"turns":3.0},{"damage":5.0,"enemies":"3 Sentries","floor":14.0,"turns":6.0},{"damage":31.0,"enemies":"Slime Boss","floor":16.0,"turns":13.0},{"damage":3.0,"enemies":"Chosen","floor":18.0,"turns":4.0},{"damage":0,"enemies":"2 Thieves","floor":21,"turns":2},{"damage":11,"enemies":"Slavers","floor":25,"turns":8},{"damage":14,"enemies":"Gremlin Leader","floor":27,"turns":5},{"damage":8,"enemies":"Snake Plant","floor":28,"turns":2},{"damage":19,"enemies":"Cultist and Chosen","floor":29,"turns":8},{"damage":2,"enemies":"3 Cultists","floor":31,"turns":4},{"damage":39,"enemies":"Champ","floor":33,"turns":10},{"damage":26,"enemies":"Orb Walker","floor":35,"turns":4},{"damage":0,"enemies":"3 Shapes","floor":39,"turns":2},{"damage":63,"enemies":"Nemesis","floor":41,"turns":3}],"seed_played":"3367973591162719486","potions_obtained":[{"floor":14.0,"key":"SteroidPotion"},{"floor":16.0,"key":"Poison Potion"},{"floor":18.0,"key":"SpeedPotion"},{"floor":31,"key":"SpeedPotion"}],"is_trial":false,"path_per_floor":["M","M","M","$","?","R","?","M","T","R","?","R","$","E","R","B",null,"M","?","?","M","$","R","$","E","T","E","M","M","R","M","R","B",null,"M","$","?","$","M","R","E"],"character_chosen":"THE_SILENT","items_purchased":["Bouncing Flask","Whetstone","Poisoned Stab","Lantern"],"campfire_rested":0,"item_purchase_floors":[13,22,24,36],"current_hp_per_floor":[69,69,64,64,64,64,64,54,54,54,51,51,51,46,46,15,70,67,49,49,49,49,49,49,44,44,38,30,22,22,27,27,5,49,27,27,27,27,27,27,0],"gold":40,"neow_bonus":"REMOVE_TWO","is_prod":false,"is_daily":false,"chose_seed":false,"campfire_upgraded":8,"win_rate":0,"timestamp":1548578021,"path_taken":["M","M","M","$","?","R","?","M","T","R","?","R","?","E","R","BOSS","M","?","?","?","?","R","$","E","T","E","M","M","R","M","R","BOSS","M","$","?","$","M","R","E"],"build_version":"2019-01-23","purchased_purges":1,"victory":false,"max_hp_per_floor":[70,70,70,70,70,70,70,70,70,70,70,70,70,70,70,70,70,70,49,49,49,49,49,49,49,49,49,49,49,49,49,49,49,49,49,49,49,49,49,49,49],"card_choices":[{"not_picked":["Outmaneuver","Deflect"],"picked":"Dodge and Roll","floor":1.0},{"not_picked":["Finisher","Distraction"],"picked":"Terror","floor":2.0},{"not_picked":["Dagger Spray","Distraction"],"picked":"Poisoned Stab","floor":3.0},{"not_picked":["Predator","Slice"],"picked":"Choke","floor":8.0},{"not_picked":["Acrobatics","Malaise"],"picked":"Sucker Punch","floor":14.0},{"not_picked":["Phantasmal Killer","Malaise"],"picked":"Envenom","floor":16.0},{"not_picked":["Quick Slash","Calculated Gamble"],"picked":"Bane","floor":17.0},{"not_picked":["Tactician","Skewer"],"picked":"Flechettes","floor":17.0},{"not_picked":["Slice","Prepared"],"picked":"Blade Dance","floor":17.0},{"not_picked":["Quick Slash","Backflip"],"picked":"PiercingWail","floor":17.0},{"not_picked":["Calculated Gamble","Crippling Poison"],"picked":"Dodge and Roll","floor":17.0},{"not_picked":["Skewer","Well Laid Plans+1"],"picked":"Dagger Spray","floor":18.0},{"not_picked":["Eviscerate","Dagger Spray"],"picked":"PiercingWail","floor":21},{"not_picked":["Dodge and Roll+1","Tactician"],"picked":"Bullet Time","floor":25},{"not_picked":["Prepared","Dagger Spray"],"picked":"Envenom","floor":27},{"not_picked":["Dodge and Roll+1","Sucker Punch"],"picked":"Flying Knee+1","floor":28},{"not_picked":["Dagger Throw","Bouncing Flask"],"picked":"Noxious Fumes+1","floor":29},{"not_picked":["Endless Agony","Skewer"],"picked":"Infinite Blades","floor":31},{"not_picked":["Bullet Time","Doppelganger"],"picked":"Phantasmal Killer","floor":33},{"not_picked":["Terror","Poisoned Stab","Backflip+1"],"picked":"SKIP","floor":35},{"not_picked":["Forethought","Madness"],"picked":"Panacea","floor":37},{"not_picked":["Infinite Blades","Predator","Acrobatics"],"picked":"SKIP","floor":39}],"player_experience":23916,"relics_obtained":[{"floor":9.0,"key":"Kunai"},{"floor":14.0,"key":"Oddly Smooth Stone"},{"floor":25,"key":"Boot"},{"floor":26,"key":"Juzu Bracelet"},{"floor":27,"key":"Vajra"}],"event_choices":[{"damage_healed":0.0,"max_hp_gain":0.0,"max_hp_loss":0.0,"gold_gain":0.0,"event_name":"Liars Game","player_choice":"Ignored","floor":5.0,"gold_loss":0.0,"damage_taken":0.0},{"damage_healed":0.0,"max_hp_gain":0.0,"max_hp_loss":0.0,"gold_gain":0.0,"event_name":"Big Fish","player_choice":"Box","floor":7.0,"gold_loss":0.0,"damage_taken":0.0,"relics_obtained":["Ninja Scroll"],"cards_obtained":["Regret"]},{"damage_healed":0.0,"max_hp_gain":0.0,"max_hp_loss":0.0,"gold_gain":0.0,"event_name":"Scrap Ooze","player_choice":"Success","floor":11.0,"gold_loss":0.0,"damage_taken":3.0,"relics_obtained":["Gremlin Horn"]},{"damage_healed":0.0,"max_hp_gain":0.0,"max_hp_loss":21.0,"gold_gain":0.0,"event_name":"Vampires","player_choice":"Became a vampire","floor":19.0,"gold_loss":0.0,"damage_taken":0.0,"cards_obtained":["Bite","Bite","Bite","Bite","Bite"]},{"cards_removed":["Regret"],"damage_healed":0,"gold_gain":0,"player_choice":"Elegance","damage_taken":0,"max_hp_gain":0,"max_hp_loss":0,"event_name":"Back to Basics","floor":20,"gold_loss":0},{"damage_healed":0,"gold_gain":0,"player_choice":"Memory 1","damage_taken":0,"max_hp_gain":0,"max_hp_loss":0,"event_name":"SensoryStone","floor":37,"gold_loss":0}],"is_beta":false,"boss_relics":[{"not_picked":["Ring of the Serpent","Ectoplasm"],"picked":"Orrery"},{"not_picked":["Snecko Eye","Velvet Choker"],"picked":"Astrolabe"}],"items_purged_floors":[36],"is_endless":false,"potions_floor_spawned":[14,16,18,31],"killed_by":"Nemesis","ascension_level":1}