{"gold_per_floor":[17,27,27,27,27,68,68,68,68,68,88,88,128,147,147,147],"floor_reached":16,"playtime":629,"items_purged":[],"score":211,"play_id":"3fd5d4f0-9082-4738-b435-08b54fb344b1","local_time":"20190224215620","is_ascension_mode":true,"campfire_choices":[{"floor":7,"key":"REST"},{"data":"Flex","floor":10,"key":"SMITH"},{"data":"True Grit","floor":12,"key":"SMITH"},{"floor":15,"key":"REST"}],"neow_cost":"NO_GOLD","seed_source_timestamp":185021717967755,"circlet_count":0,"master_deck":["AscendersBane","Strike_R","Strike_R","Strike_R","Defend_R+1","Defend_R+1","Defend_R","Defend_R","Bash","Reckless Charge","Armaments+1","Whirlwind+1","Flex+1","True Grit+1","Seeing Red","Iron Wave"],"relics":["Burning Blood","Golden Idol","War Paint","Paper Frog","Dodecahedron"],"potions_floor_usage":[6],"damage_taken":[{"damage":9,"enemies":"Jaw Worm","floor":1,"turns":5},{"damage":0,"enemies":"2 Louse","floor":2,"turns":1},{"damage":32,"enemies":"Gremlin Nob","floor":6,"turns":4},{"damage":0,"enemies":"Small Slimes","floor":11,"turns":2},{"damage":31,"enemies":"Lagavulin","floor":13,"turns":6},{"damage":8,"enemies":"Blue Slaver","floor":14,"turns":3},{"damage":43,"enemies":"Hexaghost","floor":16,"turns":9}],"seed_played":"1883896603961574065","potions_obtained":[{"floor":1,"key":"PowerPotion"}],"is_trial":false,"path_per_floor":["M","M","?","?","?","E","R","$","T","R","M","R","E","M","R","B"],"character_chosen":"IRONCLAD","items_purchased":[],"campfire_rested":2,"item_purchase_floors":[],"current_hp_per_floor":[65,71,68,68,48,22,42,42,42,42,48,48,23,21,41,0],"gold":147,"neow_bonus":"TRANSFORM_TWO_CARDS","is_prod":false,"is_daily":false,"chose_seed":false,"campfire_upgraded":2,"win_rate":0,"timestamp":1551070580,"path_taken":["M","M","?","?","?","E","R","?","T","R","?","R","E","M","R","BOSS"],"build_version":"2019-01-23","purchased_purges":0,"victory":false,"max_hp_per_floor":[75,75,68,68,68,68,68,68,68,68,68,68,68,68,68,68],"card_choices":[{"not_picked":["Sentinel","Havoc"],"picked":"Whirlwind","floor":1},{"not_picked":["Sentinel","Havoc"],"picked":"Flex","floor":2},{"not_picked":["Fire Breathing","Warcry","Rupture"],"picked":"SKIP","floor":6},{"not_picked":["Clash","Heavy Blade"],"picked":"True Grit","floor":11},{"not_picked":["Disarm","Cleave"],"picked":"Seeing Red","floor":13},{"not_picked":["Bloodletting","Clothesline"],"picked":"Iron Wave","floor":14}],"player_experience":1255178,"relics_obtained":[{"floor":6,"key":"War Paint"},{"floor":9,"key":"Paper Frog"},{"floor":13,"key":"Dodecahedron"}],"event_choices":[{"damage_healed":0,"gold_gain":0,"player_choice":"Lose Max HP","damage_taken":0,"relics_obtained":["Golden Idol"],"max_hp_gain":0,"max_hp_loss":7,"event_name":"Golden Idol","floor":3,"gold_loss":0},{"damage_healed":0,"gold_gain":0,"player_choice":"Ignored","damage_taken":0,"max_hp_gain":0,"max_hp_loss":0,"event_name":"Liars Game","floor":4,"gold_loss":0},{"damage_healed":0,"gold_gain":0,"player_choice":"Entered Light","damage_taken":20,"max_hp_gain":0,"max_hp_loss":0,"event_name":"Shining Light","floor":5,"gold_loss":0,"cards_upgraded":["Whirlwind","Armaments"]}],"is_beta":false,"boss_relics":[],"items_purged_floors":[],"is_endless":false,"potions_floor_spawned":[1],"killed_by":"Hexaghost","ascension_level":19}