{"gold_per_floor":[116,116,41,91,101,134,134,163,163,163,88,101,101,127,127,203,203,217,66,79,79,93,93,127,127,152,179,195,206,60,72,72,72],"floor_reached":33,"playtime":2163,"items_purged":["Strike_B"],"score":530,"play_id":"9d00dba9-8dec-4e4e-84fe-a608ce634d7c","local_time":"20190208201426","is_ascension_mode":true,"campfire_choices":[{"floor":7,"key":"REST"},{"floor":10,"key":"REST"},{"floor":13,"key":"REST"},{"floor":15,"key":"REST"},{"floor":23,"key":"REST"},{"floor":25,"key":"REST"},{"floor":32,"key":"REST"}],"neow_cost":"NONE","seed_source_timestamp":1818527835269500,"circlet_count":0,"master_deck":["AscendersBane","Strike_B","Strike_B","Defend_B","Defend_B","Defend_B","Defend_B","Zap","Dualcast","Blind","Stack","Conserve Battery","Seek","Rainbow","Redo","Ball Lightning","Electrodynamics","Scrape","Self Repair","Chaos+1","Cold Snap+1","Blizzard","Capacitor"],"relics":["Cracked Core","Darkstone Periapt","DataDisk","Cables","Shuriken","Letter Opener","Busted Crown","Lantern","Potion Belt","Gambling Chip","Bronze Scales","Ginger"],"potions_floor_usage":[6,24,31],"damage_taken":[{"damage":1,"enemies":"Cultist","floor":1,"turns":4},{"damage":5,"enemies":"2 Louse","floor":5,"turns":3},{"damage":42,"enemies":"Gremlin Nob","floor":6,"turns":6},{"damage":29,"enemies":"Lagavulin","floor":8,"turns":8},{"damage":5,"enemies":"Small Slimes","floor":12,"turns":4},{"damage":14,"enemies":"3 Sentries","floor":14,"turns":10},{"damage":12,"enemies":"Hexaghost","floor":16,"turns":9},{"damage":16,"enemies":"2 Thieves","floor":18,"turns":3},{"damage":0,"enemies":"Spheric Guardian","floor":20,"turns":2},{"damage":18,"enemies":"Snake Plant","floor":22,"turns":3},{"damage":45,"enemies":"Book of Stabbing","floor":24,"turns":7},{"damage":1,"enemies":"Gremlin Leader","floor":27,"turns":5},{"damage":7,"enemies":"Chosen and Byrds","floor":28,"turns":3},{"damage":0,"enemies":"3 Cultists","floor":29,"turns":2},{"damage":12,"enemies":"Shelled Parasite and Fungi","floor":31,"turns":4},{"damage":62,"enemies":"Champ","floor":33,"turns":8}],"seed_played":"7464396594682211536","potions_obtained":[{"floor":1,"key":"Ancient Potion"},{"floor":12,"key":"SpeedPotion"},{"floor":14,"key":"SteroidPotion"},{"floor":16,"key":"Dexterity Potion"},{"floor":24,"key":"Fruit Juice"},{"floor":27,"key":"Poison Potion"},{"floor":31,"key":"SteroidPotion"}],"is_trial":false,"path_per_floor":["M","T","?","?","M","E","R","E","T","R","$","M","R","E","R","B",null,"M","$","M","?","M","R","E","R","T","E","M","M","$","M","R","B"],"character_chosen":"DEFECT","items_purchased":["Lantern","Blizzard","Capacitor"],"campfire_rested":7,"item_purchase_floors":[19,30,30],"current_hp_per_floor":[63,63,63,56,51,9,30,1,1,22,22,17,38,24,45,33,62,46,46,46,46,28,49,9,31,31,30,23,30,30,25,47,0],"gold":72,"neow_bonus":"RANDOM_COLORLESS","is_prod":false,"is_daily":false,"chose_seed":false,"campfire_upgraded":0,"win_rate":0,"timestamp":1549682066,"path_taken":["M","?","?","?","?","E","R","E","T","R","$","M","R","E","R","BOSS","M","$","M","?","M","R","E","R","T","E","?","M","$","M","R","BOSS"],"build_version":"2019-01-23","purchased_purges":1,"victory":false,"max_hp_per_floor":[71,71,71,71,71,71,71,71,71,71,71,71,71,71,71,71,71,71,71,71,71,71,71,76,76,76,76,76,76,76,76,76,76],"card_choices":[{"not_picked":["Steam","Barrage"],"picked":"Stack","floor":1},{"not_picked":["Hello World","Fusion"],"picked":"Conserve Battery","floor":5},{"not_picked":["Stack","Beam Cell"],"picked":"Seek","floor":6},{"not_picked":["Rebound","Coolheaded"],"picked":"Rainbow","floor":8},{"not_picked":["Turbo","Rip and Tear"],"picked":"Redo","floor":12},{"not_picked":["Seek","BootSequence"],"picked":"Ball Lightning","floor":14},{"not_picked":["Reboot","Meteor Strike"],"picked":"Electrodynamics","floor":16},{"not_picked":["Undo"],"picked":"SKIP","floor":18},{"not_picked":[],"picked":"Scrape","floor":20},{"not_picked":["Streamline"],"picked":"SKIP","floor":22},{"not_picked":["Streamline"],"picked":"SKIP","floor":24},{"not_picked":[],"picked":"Self Repair","floor":27},{"not_picked":[],"picked":"Chaos+1","floor":28},{"not_picked":[],"picked":"Cold Snap+1","floor":29},{"not_picked":["Steam"],"picked":"SKIP","floor":31}],"player_experience":1004080,"relics_obtained":[{"floor":2,"key":"Darkstone Periapt"},{"floor":6,"key":"DataDisk"},{"floor":8,"key":"Cables"},{"floor":9,"key":"Shuriken"},{"floor":14,"key":"Letter Opener"},{"floor":24,"key":"Gambling Chip"},{"floor":26,"key":"Bronze Scales"},{"floor":27,"key":"Ginger"}],"event_choices":[{"cards_removed":["Strike_B"],"damage_healed":0,"gold_gain":0,"player_choice":"Card Removal","damage_taken":0,"max_hp_gain":0,"max_hp_loss":0,"event_name":"The Cleric","floor":3,"gold_loss":75},{"damage_healed":0,"gold_gain":50,"player_choice":"Touch","damage_taken":7,"max_hp_gain":0,"max_hp_loss":0,"event_name":"FaceTrader","floor":4,"gold_loss":0},{"damage_healed":0,"gold_gain":0,"player_choice":"Gave Potion","damage_taken":0,"relics_obtained":["Potion Belt"],"max_hp_gain":0,"max_hp_loss":0,"event_name":"WeMeetAgain","floor":21,"gold_loss":0}],"is_beta":false,"boss_relics":[{"not_picked":["Sozu","Runic Pyramid"],"picked":"Busted Crown"}],"items_purged_floors":[11],"is_endless":false,"potions_floor_spawned":[1,12,14,16,24,27,31],"killed_by":"Champ","ascension_level":15}