{"gold_per_floor":[110,129,143,25,37,37,54,54,54,69,82,82,107,125,125,197,197,212,223,15,90,107,107,32,32,56,56],"floor_reached":27,"playtime":1399,"items_purged":["Defend_B"],"score":358,"play_id":"5053f9d2-504d-4cc5-b7fc-6b1615719956","local_time":"20190224162824","is_ascension_mode":true,"campfire_choices":[{"data":"Capacitor","floor":6,"key":"SMITH"},{"data":"Blizzard","floor":8,"key":"SMITH"},{"data":"Glacier","floor":12,"key":"SMITH"},{"data":"Blizzard","floor":15,"key":"SMITH"},{"data":"Fission","floor":23,"key":"SMITH"}],"neow_cost":"NONE","seed_source_timestamp":852874331852118,"circlet_count":0,"master_deck":["AscendersBane","Strike_B","Strike_B","Strike_B","Strike_B","Defend_B","Defend_B","Defend_B","Zap","Dualcast","Capacitor+1","Cold Snap","Glacier+1","Blizzard+1","BootSequence","FTL","Blizzard+1","Reboot","Cold Snap","Genetic Algorithm","Fission+1","Compile Driver","Stack","Decay"],"relics":["Cracked Core","Boot","Bottled Lightning","Dream Catcher","Busted Crown","Runic Capacitor","Vajra"],"potions_floor_usage":[16,16],"damage_taken":[{"damage":1,"enemies":"Cultist","floor":1,"turns":3},{"damage":7,"enemies":"Jaw Worm","floor":2,"turns":3},{"damage":0,"enemies":"Small Slimes","floor":3,"turns":3},{"damage":9,"enemies":"3 Louse","floor":5,"turns":4},{"damage":0,"enemies":"Gremlin Gang","floor":7,"turns":5},{"damage":0,"enemies":"Red Slaver","floor":10,"turns":5},{"damage":0,"enemies":"3 Louse","floor":11,"turns":3},{"damage":5,"enemies":"Lagavulin","floor":13,"turns":8},{"damage":10,"enemies":"2 Fungi Beasts","floor":14,"turns":3},{"damage":28,"enemies":"Slime Boss","floor":16,"turns":9},{"damage":17,"enemies":"Spheric Guardian","floor":18,"turns":6},{"damage":11,"enemies":"Shell Parasite","floor":19,"turns":6},{"damage":5,"enemies":"3 Cultists","floor":22,"turns":5},{"damage":19,"enemies":"Cultist and Chosen","floor":27,"turns":6}],"seed_played":"522082954913330811","potions_obtained":[{"floor":1,"key":"Poison Potion"},{"floor":7,"key":"SkillPotion"},{"floor":10,"key":"Fire Potion"},{"floor":16,"key":"FearPotion"},{"floor":19,"key":"Dexterity Potion"}],"is_trial":false,"path_per_floor":["M","M","M","$","M","R","M","R","T","M","M","R","E","M","R","B",null,"M","M","$","?","M","R","$","?","T","M"],"character_chosen":"DEFECT","items_purchased":["Blizzard","BootSequence","Runic Capacitor"],"campfire_rested":0,"item_purchase_floors":[4,4,20],"current_hp_per_floor":[67,60,60,60,51,51,51,51,51,51,51,51,46,36,36,8,58,41,30,30,23,18,18,18,18,18,0],"gold":56,"neow_bonus":"RANDOM_COMMON_RELIC","is_prod":false,"is_daily":false,"chose_seed":false,"campfire_upgraded":5,"win_rate":0,"timestamp":1551047304,"path_taken":["M","M","M","$","M","R","M","R","T","M","M","R","E","M","R","BOSS","M","M","?","?","?","R","$","?","T","M"],"build_version":"2019-01-23","purchased_purges":1,"victory":false,"max_hp_per_floor":[75,75,75,75,75,75,75,75,75,75,75,75,75,75,75,75,75,75,75,75,75,75,75,75,75,75,75],"card_choices":[{"not_picked":["Consume","Double Energy"],"picked":"Capacitor","floor":1},{"not_picked":["Turbo","Leap"],"picked":"Cold Snap","floor":2},{"not_picked":["Go for the Eyes","Chill"],"picked":"Glacier","floor":3},{"not_picked":["Stack","Chill"],"picked":"FTL","floor":5},{"not_picked":["Skim","Streamline"],"picked":"Blizzard","floor":7},{"not_picked":["Gash","Go for the Eyes"],"picked":"Reboot","floor":10},{"not_picked":["Skim","Turbo","Stack"],"picked":"SKIP","floor":11},{"not_picked":["Go for the Eyes","Stack"],"picked":"Cold Snap","floor":13},{"not_picked":["Redo","Rebound"],"picked":"Genetic Algorithm","floor":14},{"not_picked":["Thunder Strike","Meteor Strike"],"picked":"Fission","floor":16},{"not_picked":["Steam Power"],"picked":"SKIP","floor":18},{"not_picked":[],"picked":"Compile Driver","floor":19},{"not_picked":[],"picked":"Stack","floor":22}],"player_experience":521781,"relics_obtained":[{"floor":9,"key":"Bottled Lightning"},{"floor":13,"key":"Dream Catcher"},{"floor":26,"key":"Vajra"}],"event_choices":[{"damage_healed":0,"gold_gain":75,"player_choice":"Touch","damage_taken":7,"max_hp_gain":0,"max_hp_loss":0,"event_name":"FaceTrader","floor":21,"gold_loss":0},{"damage_healed":0,"gold_gain":0,"player_choice":"Smashed Altar","damage_taken":0,"max_hp_gain":0,"max_hp_loss":0,"event_name":"Forgotten Altar","floor":25,"gold_loss":0,"cards_obtained":["Decay"]}],"is_beta":false,"boss_relics":[{"not_picked":["Inserter","Eternal Feather"],"picked":"Busted Crown"}],"items_purged_floors":[24],"is_endless":false,"potions_floor_spawned":[1,7,10,16,19],"killed_by":"Cultist and Chosen","ascension_level":13}