{"gold_per_floor":[112,127,53,53,71,100,133,133,133,133,25,25,43,56,56,154,154,167,0,14,34,34,34,54,84,110,110,129,4,24,35,35,137,137,147,147,162,177,191,191,220,237,262,262,362,381,398,417,417,417],"floor_reached":50,"playtime":3402,"items_purged":["Strike_B","Strike_B","Strike_B"],"score":585,"play_id":"c1631dc3-d598-431f-9827-4f48b7e0de8e","local_time":"20190314203158","is_ascension_mode":false,"campfire_choices":[{"floor":10,"key":"REST"},{"floor":12,"key":"REST"},{"data":"Buffer","floor":15,"key":"SMITH"},{"data":"Storm","floor":23,"key":"SMITH"},{"floor":27,"key":"REST"},{"floor":32,"key":"REST"},{"floor":40,"key":"REST"},{"data":"Conserve Battery","floor":44,"key":"SMITH"},{"floor":49,"key":"REST"}],"neow_cost":"NONE","seed_source_timestamp":174179830301760,"circlet_count":0,"master_deck":["Defend_B","Defend_B","Zap+1","Dualcast","Leap","Storm+1","Static Discharge","Conserve Battery+1","Ball Lightning","Buffer+1","Defragment+1","Static Discharge+1","Coolheaded+1","Biased Cognition+1","Storm+1","Leap+1","Genetic Algorithm","Redo","Streamline+1","Storm+1","Conserve Battery","Fusion+1","Parasite","Darkness+1","Rebound+1"],"relics":["Cracked Core","WingedGreaves","Shuriken","Frozen Egg 2","Busted Crown","War Paint","PreservedInsect","Empty Cage","Singing Bowl","Oddly Smooth Stone","Emotion Chip"],"potions_floor_usage":[16,16,20,31,33,33,42,50,50],"damage_taken":[{"damage":7,"enemies":"Small Slimes","floor":1,"turns":3},{"damage":0,"enemies":"2 Louse","floor":2,"turns":2},{"damage":2,"enemies":"Jaw Worm","floor":5,"turns":4},{"damage":26,"enemies":"3 Sentries","floor":6,"turns":7},{"damage":30,"enemies":"Gremlin Nob","floor":7,"turns":4},{"damage":12,"enemies":"Blue Slaver","floor":13,"turns":3},{"damage":0,"enemies":"2 Fungi Beasts","floor":14,"turns":3},{"damage":0,"enemies":"Slime Boss","floor":16,"turns":7},{"damage":0,"enemies":"Chosen","floor":18,"turns":4},{"damage":11,"enemies":"3 Byrds","floor":20,"turns":2},{"damage":13,"enemies":"Shelled Parasite and Fungi","floor":21,"turns":3},{"damage":0,"enemies":"Centurion and Healer","floor":24,"turns":5},{"damage":33,"enemies":"Slavers","floor":25,"turns":3},{"damage":7,"enemies":"Snecko","floor":28,"turns":3},{"damage":0,"enemies":"Sentry and Sphere","floor":30,"turns":3},{"damage":0,"enemies":"Centurion and Healer","floor":31,"turns":1},{"damage":9,"enemies":"Collector","floor":33,"turns":7},{"damage":1,"enemies":"3 Darklings","floor":35,"turns":4},{"damage":9,"enemies":"3 Shapes","floor":37,"turns":2},{"damage":0,"enemies":"Transient","floor":38,"turns":5},{"damage":14,"enemies":"Writhing Mass","floor":39,"turns":3},{"damage":0,"enemies":"Giant Head","floor":41,"turns":5},{"damage":16,"enemies":"Spire Growth","floor":42,"turns":3},{"damage":0,"enemies":"Mind Bloom Boss Battle","floor":45,"turns":4},{"damage":8,"enemies":"Sphere and 2 Shapes","floor":46,"turns":3},{"damage":11,"enemies":"4 Shapes","floor":47,"turns":4},{"damage":40,"enemies":"Jaw Worm Horde","floor":48,"turns":3},{"damage":40,"enemies":"Awakened One","floor":50,"turns":3}],"seed_played":"-3989452799750539090","potions_obtained":[{"floor":6,"key":"GamblersBrew"},{"floor":7,"key":"Energy Potion"},{"floor":14,"key":"GamblersBrew"},{"floor":18,"key":"LiquidBronze"},{"floor":25,"key":"PowerPotion"},{"floor":28,"key":"SpeedPotion"},{"floor":31,"key":"SkillPotion"},{"floor":33,"key":"SteroidPotion"},{"floor":35,"key":"GamblersBrew"},{"floor":41,"key":"Regen Potion"},{"floor":48,"key":"Block Potion"}],"is_trial":false,"path_per_floor":["M","M","$","?","M","E","E","?","T","R","$","R","M","M","R","B",null,"M","$","M","M","?","R","M","E","T","R","M","$","M","M","R","B",null,"M","?","M","M","M","R","E","M","T","R","?","M","M","M","R","B"],"character_chosen":"DEFECT","items_purchased":["Static Discharge","Defragment+1","Storm+1"],"campfire_rested":6,"item_purchase_floors":[3,11,19],"current_hp_per_floor":[68,68,68,68,66,40,10,10,10,32,32,54,42,42,42,42,75,75,75,64,51,51,51,51,18,18,40,33,33,33,33,55,46,75,74,74,65,65,51,73,75,67,67,67,67,61,52,12,36,0],"gold":417,"neow_bonus":"REMOVE_CARD","is_prod":false,"is_daily":false,"chose_seed":false,"campfire_upgraded":3,"win_rate":0,"timestamp":1552606318,"path_taken":["M","M","$","?","M","E","E","?","T","R","$","R","M","M","R","BOSS","M","$","M","M","?","R","M","E","T","R","M","$","M","M","R","BOSS","M","?","M","M","M","R","E","M","T","R","?","M","M","M","R","BOSS"],"build_version":"2019-01-23","purchased_purges":3,"victory":false,"max_hp_per_floor":[75,75,75,75,75,75,75,75,75,75,75,75,75,75,75,75,75,75,75,75,75,75,75,75,75,75,75,75,75,75,75,75,75,75,75,75,75,75,75,75,77,79,79,79,79,81,83,83,83,83],"card_choices":[{"not_picked":["Barrage","Double Energy"],"picked":"Leap","floor":1},{"not_picked":["Steam","Recycle"],"picked":"Storm","floor":2},{"not_picked":["Hello World","Chill"],"picked":"Conserve Battery","floor":5},{"not_picked":["Sweeping Beam","Turbo"],"picked":"Ball Lightning","floor":6},{"not_picked":["Coolheaded","Glacier"],"picked":"Buffer","floor":7},{"not_picked":["Cold Snap","FTL"],"picked":"Static Discharge+1","floor":13},{"not_picked":["Sweeping Beam","Conserve Battery"],"picked":"Coolheaded","floor":14},{"not_picked":["Multi-Cast","Amplify"],"picked":"Biased Cognition+1","floor":16},{"not_picked":["Stack"],"picked":"SKIP","floor":18},{"not_picked":[],"picked":"Leap+1","floor":20},{"not_picked":[],"picked":"Genetic Algorithm","floor":21},{"not_picked":[],"picked":"Redo","floor":24},{"not_picked":[],"picked":"Leap","floor":25},{"not_picked":[],"picked":"Streamline+1","floor":28},{"not_picked":[],"picked":"Storm+1","floor":30},{"not_picked":[],"picked":"Conserve Battery","floor":31},{"not_picked":["Sweeping Beam+1"],"picked":"SKIP","floor":35},{"not_picked":[],"picked":"Fusion+1","floor":37},{"not_picked":["Gash+1"],"picked":"SKIP","floor":38},{"not_picked":["Steam Power"],"picked":"SKIP","floor":39},{"not_picked":["Fusion"],"picked":"Singing Bowl","floor":41},{"not_picked":["Lockon"],"picked":"Singing Bowl","floor":42},{"not_picked":[],"picked":"Darkness+1","floor":45},{"not_picked":["FTL"],"picked":"Singing Bowl","floor":46},{"not_picked":["Genetic Algorithm"],"picked":"Singing Bowl","floor":47},{"not_picked":[],"picked":"Rebound+1","floor":48}],"player_experience":185648,"relics_obtained":[{"floor":6,"key":"WingedGreaves"},{"floor":7,"key":"Shuriken"},{"floor":9,"key":"Frozen Egg 2"},{"floor":25,"key":"War Paint"},{"floor":26,"key":"PreservedInsect"},{"floor":41,"key":"Singing Bowl"},{"floor":43,"key":"Oddly Smooth Stone"},{"floor":45,"key":"Emotion Chip"}],"event_choices":[{"damage_healed":0,"gold_gain":0,"player_choice":"Ignored","damage_taken":0,"max_hp_gain":0,"max_hp_loss":0,"event_name":"Liars Game","floor":4,"gold_loss":0},{"damage_healed":0,"gold_gain":0,"player_choice":"Ignored","damage_taken":0,"max_hp_gain":0,"max_hp_loss":0,"event_name":"Golden Idol","floor":8,"gold_loss":0},{"damage_healed":0,"gold_gain":0,"player_choice":"Ignored","damage_taken":0,"max_hp_gain":0,"max_hp_loss":0,"event_name":"Vampires","floor":22,"gold_loss":0},{"cards_removed":["Leap"],"damage_healed":0,"gold_gain":0,"player_choice":"Removed Skill","damage_taken":0,"max_hp_gain":0,"max_hp_loss":0,"event_name":"Falling","floor":36,"gold_loss":0},{"damage_healed":0,"gold_gain":0,"player_choice":"Fight","damage_taken":0,"max_hp_gain":0,"max_hp_loss":0,"event_name":"MindBloom","floor":45,"gold_loss":0}],"is_beta":false,"boss_relics":[{"not_picked":["Sozu","Snecko Eye"],"picked":"Busted Crown"},{"not_picked":["Calling Bell","Tiny House"],"picked":"Empty Cage"}],"items_purged_floors":[11,19,29],"is_endless":false,"potions_floor_spawned":[6,7,14,18,25,28,31,33,35,38,41,48],"killed_by":"Awakened One","ascension_level":0}