{"gold_per_floor":[115,134,59,75,75,104,115,135,135,155,174,2,2,2,2,80,80,96,82,82],"floor_reached":20,"playtime":1246,"items_purged":["Strike_G","Strike_G"],"score":355,"play_id":"4076bba0-d487-45b0-aa6f-8f647ff86dc5","local_time":"20190210224216","is_ascension_mode":true,"campfire_choices":[{"data":"Catalyst","floor":13,"key":"SMITH"},{"floor":15,"key":"REST"}],"neow_cost":"NONE","seed_source_timestamp":2001123782916050,"circlet_count":0,"master_deck":["AscendersBane","Defend_G","Defend_G","Defend_G","Defend_G","Defend_G","Strike_G","Strike_G","Strike_G","Survivor+1","Neutralize","All Out Attack","Prepared","Dagger Spray","Bouncing Flask","Storm of Steel+1","Underhanded Strike","Dash","Catalyst+1","Noxious Fumes","Die Die Die","Writhe","Parasite","Regret","Accuracy","Deflect"],"relics":["Ring of the Snake","NeowsBlessing","Letter Opener","Bottled Lightning","Calling Bell","Art of War","Dodecahedron","Shovel"],"potions_floor_usage":[6,6,16,18],"damage_taken":[{"damage":0,"enemies":"Cultist","floor":1,"turns":1},{"damage":0,"enemies":"Jaw Worm","floor":2,"turns":1},{"damage":0,"enemies":"Small Slimes","floor":4,"turns":1},{"damage":20,"enemies":"3 Sentries","floor":6,"turns":6},{"damage":11,"enemies":"Exordium Wildlife","floor":7,"turns":3},{"damage":0,"enemies":"3 Louse","floor":8,"turns":3},{"damage":0,"enemies":"2 Fungi Beasts","floor":10,"turns":2},{"damage":4,"enemies":"Looter","floor":11,"turns":3},{"damage":20,"enemies":"The Guardian","floor":16,"turns":8},{"damage":29,"enemies":"Shell Parasite","floor":18,"turns":5},{"damage":22,"enemies":"2 Thieves","floor":19,"turns":4},{"damage":4,"enemies":"Shelled Parasite and Fungi","floor":20,"turns":1}],"seed_played":"-5455691574216865509","potions_obtained":[{"floor":1,"key":"SneckoOil"},{"floor":5,"key":"LiquidBronze"},{"floor":5,"key":"Regen Potion"},{"floor":10,"key":"Explosive Potion"},{"floor":16,"key":"GamblersBrew"}],"is_trial":false,"path_per_floor":["M","M","$","M","?","E","M","M","T","M","M","$","R","?","R","B",null,"M","M","M"],"character_chosen":"THE_SILENT","items_purchased":["Noxious Fumes"],"campfire_rested":1,"item_purchase_floors":[12],"current_hp_per_floor":[59,59,59,59,59,52,41,41,41,41,37,37,37,17,36,16,54,25,3,0],"gold":82,"neow_bonus":"THREE_ENEMY_KILL","is_prod":false,"is_daily":false,"chose_seed":false,"campfire_upgraded":1,"win_rate":0,"timestamp":1549863736,"path_taken":["M","M","$","?","?","E","M","?","T","M","M","$","R","?","R","BOSS","M","M","M"],"build_version":"2019-01-23","purchased_purges":2,"victory":false,"max_hp_per_floor":[66,66,66,66,66,66,66,66,66,66,66,66,66,66,66,66,66,66,66,66],"card_choices":[{"not_picked":["Deadly Poison","Cloak And Dagger"],"picked":"All Out Attack","floor":1},{"not_picked":["PiercingWail","Outmaneuver"],"picked":"Prepared","floor":2},{"not_picked":["Deadly Poison","Backflip"],"picked":"Dagger Spray","floor":4},{"not_picked":["Backflip","Blade Dance"],"picked":"Bouncing Flask","floor":6},{"not_picked":["Cloak And Dagger","Concentrate"],"picked":"Storm of Steel","floor":7},{"not_picked":["Slice","Acrobatics"],"picked":"Underhanded Strike","floor":8},{"not_picked":["Quick Slash","Deadly Poison"],"picked":"Dash","floor":10},{"not_picked":["Underhanded Strike","Bouncing Flask"],"picked":"Catalyst","floor":11},{"not_picked":["Wraith Form v2","Bullet Time"],"picked":"Die Die Die","floor":16},{"not_picked":["Backflip","PiercingWail"],"picked":"Accuracy","floor":18},{"not_picked":["Dash","Setup"],"picked":"Deflect","floor":19}],"player_experience":1057283,"relics_obtained":[{"floor":6,"key":"Letter Opener"},{"floor":9,"key":"Bottled Lightning"},{"floor":17,"key":"Art of War"},{"floor":17,"key":"Dodecahedron"},{"floor":17,"key":"Shovel"}],"event_choices":[{"damage_healed":0,"gold_gain":0,"player_choice":"Got Potions","damage_taken":0,"max_hp_gain":0,"max_hp_loss":0,"event_name":"Lab","floor":5,"gold_loss":0},{"damage_healed":0,"gold_gain":0,"player_choice":"Entered Light","damage_taken":20,"max_hp_gain":0,"max_hp_loss":0,"event_name":"Shining Light","floor":14,"gold_loss":0,"cards_upgraded":["Survivor","Storm of Steel"]}],"is_beta":false,"boss_relics":[{"not_picked":["Fusion Hammer","Astrolabe"],"picked":"Calling Bell"}],"items_purged_floors":[3,12],"is_endless":false,"potions_floor_spawned":[1,10,16],"killed_by":"Shelled Parasite and Fungi","ascension_level":15}