{"gold_per_floor":[213,34,34,34,109,148,160,186,198,210,265,296,343,371,383,520,532,568,580,612,256,270,270],"floor_reached":23,"playtime":2186,"items_purged":["Injury"],"score":230,"play_id":"95d4612b-9898-4816-9395-77a31d552806","local_time":"20181214212423","is_ascension_mode":true,"campfire_choices":[{"floor":7,"key":"REST"},{"floor":15,"key":"RECALL"}],"neow_cost":"NONE","seed_source_timestamp":92209914714965,"circlet_count":0,"master_deck":["Strike_R","Strike_R","Strike_R","Strike_R","Strike_R","Defend_R","Defend_R","Defend_R","Defend_R","Bash","Pommel Strike","Perfected Strike","Disarm","Spot Weakness","Thunderclap","Warcry","Shrug It Off","Inflame","Double Tap","Whirlwind+1","Warcry","Armaments"],"relics":["Burning Blood","Bag of Preparation","Vajra","Golden Idol","MawBank","Thread and Needle","Dead Branch","Letter Opener","Runic Cube","Membership Card","Orichalcum","Tiny Chest"],"potions_floor_usage":[13,16,16,22,23,23],"damage_taken":[{"damage":0,"enemies":"Small Slimes","floor":1,"turns":4},{"damage":39,"enemies":"Lagavulin","floor":6,"turns":6},{"damage":1,"enemies":"2 Louse","floor":8,"turns":2},{"damage":8,"enemies":"3 Sentries","floor":11,"turns":8},{"damage":0,"enemies":"Cultist","floor":12,"turns":3},{"damage":17,"enemies":"Gremlin Nob","floor":13,"turns":4},{"damage":0,"enemies":"Blue Slaver","floor":14,"turns":3},{"damage":37,"enemies":"Slime Boss","floor":16,"turns":9},{"damage":36,"enemies":"2 Thieves","floor":18,"turns":4},{"damage":21,"enemies":"Spheric Guardian","floor":20,"turns":4},{"damage":25,"enemies":"Centurion and Healer","floor":22,"turns":5},{"damage":24,"enemies":"Gremlin Leader","floor":23,"turns":2}],"seed_played":"2176874211884457195","potions_obtained":[{"floor":6,"key":"Dexterity Potion"},{"floor":11,"key":"FearPotion"},{"floor":14,"key":"Dexterity Potion"},{"floor":16,"key":"Dexterity Potion"},{"floor":18,"key":"AttackPotion"},{"floor":20,"key":"BloodPotion"}],"is_trial":false,"path_per_floor":["M","$","?","?","?","E","R","M","T","?","E","M","E","M","R","B",null,"M","?","M","$","M","E"],"character_chosen":"IRONCLAD","items_purchased":["Bag of Preparation","Perfected Strike","Membership Card","Orichalcum","Tiny Chest"],"campfire_rested":1,"item_purchase_floors":[2,2,21,21,21],"current_hp_per_floor":[80,80,77,77,66,33,57,62,62,62,60,66,55,61,61,30,80,50,50,35,35,24,0],"gold":270,"neow_bonus":"HUNDRED_GOLD","is_prod":false,"is_daily":false,"chose_seed":false,"campfire_upgraded":0,"win_rate":0,"timestamp":1544840663,"path_taken":["M","$","?","?","?","E","R","M","T","?","E","?","E","M","R","BOSS","M","?","M","$","M","E"],"build_version":"2018-12-13","purchased_purges":1,"victory":false,"max_hp_per_floor":[80,80,80,80,80,80,80,80,80,80,80,80,80,80,80,80,80,80,80,80,80,80,80],"card_choices":[{"not_picked":["Havoc","Body Slam"],"picked":"Pommel Strike","floor":1},{"not_picked":["Wild Strike","Infernal Blade"],"picked":"Disarm","floor":6},{"not_picked":["Hemokinesis","Entrench","Clash"],"picked":"SKIP","floor":8},{"not_picked":["Wild Strike","Rage"],"picked":"Warcry","floor":11},{"not_picked":["Thunderclap","Searing Blow"],"picked":"Shrug It Off","floor":12},{"not_picked":["Anger","Hemokinesis","Combust"],"picked":"SKIP","floor":13},{"not_picked":["Uppercut","Perfected Strike"],"picked":"Inflame","floor":14},{"not_picked":["Dark Embrace","Impervious"],"picked":"Double Tap","floor":16},{"not_picked":["Clash","Rampage+1"],"picked":"Whirlwind+1","floor":18},{"not_picked":["Body Slam","Clash+1"],"picked":"Warcry","floor":20},{"not_picked":["Second Wind","Warcry"],"picked":"Armaments","floor":22}],"player_experience":233311,"relics_obtained":[{"floor":6,"key":"MawBank"},{"floor":9,"key":"Thread and Needle"},{"floor":11,"key":"Dead Branch"},{"floor":13,"key":"Letter Opener"}],"event_choices":[{"damage_healed":0,"gold_gain":0,"player_choice":"Success","damage_taken":3,"relics_obtained":["Vajra"],"max_hp_gain":0,"max_hp_loss":0,"event_name":"Scrap Ooze","floor":3,"gold_loss":0},{"damage_healed":0,"gold_gain":0,"player_choice":"Take Wound","damage_taken":0,"relics_obtained":["Golden Idol"],"max_hp_gain":0,"max_hp_loss":0,"event_name":"Golden Idol","floor":4,"gold_loss":0,"cards_obtained":["Injury"]},{"damage_healed":0,"gold_gain":75,"player_choice":"Gather Gold","damage_taken":11,"max_hp_gain":0,"max_hp_loss":0,"event_name":"World of Goop","floor":5,"gold_loss":0},{"damage_healed":0,"gold_gain":0,"player_choice":"2 cards matched","damage_taken":0,"max_hp_gain":0,"max_hp_loss":0,"event_name":"Match and Keep!","floor":10,"gold_loss":0,"cards_obtained":["Spot Weakness","Thunderclap"]},{"damage_healed":0,"gold_gain":0,"player_choice":"Ignored","damage_taken":0,"max_hp_gain":0,"max_hp_loss":0,"event_name":"Ghosts","floor":19,"gold_loss":0}],"is_beta":false,"boss_relics":[{"not_picked":["Runic Dome","Velvet Choker"],"picked":"Runic Cube"}],"items_purged_floors":[21],"is_endless":false,"potions_floor_spawned":[6,11,14,16,18,20],"killed_by":"Gremlin Leader","ascension_level":2}