{"gold_per_floor":[16,28,47,63,63,90,90,15,15,15,31,66,36,49,49,49],"floor_reached":16,"playtime":1094,"items_purged":["Strike_R"],"score":224,"play_id":"5fb34103-6a61-4e81-803a-9825e5ca0e69","local_time":"20190312205110","is_ascension_mode":true,"campfire_choices":[{"floor":7,"key":"REST"},{"data":"Body Slam","floor":10,"key":"SMITH"},{"floor":15,"key":"REST"}],"neow_cost":"NO_GOLD","seed_source_timestamp":505111079108975,"circlet_count":0,"master_deck":["AscendersBane","Strike_R","Strike_R","Strike_R","Strike_R","Defend_R","Defend_R","Defend_R","Defend_R","Bash","Thinking Ahead","Magnetism","Power Through","Uppercut","Blood for Blood","Body Slam+1","Metallicize","Double Tap","Warcry","Corruption","Shrug It Off","Clash"],"relics":["Burning Blood","Prayer Wheel","Unceasing Top","Blue Candle"],"potions_floor_usage":[6,6,12,12],"damage_taken":[{"damage":7,"enemies":"Cultist","floor":1,"turns":5},{"damage":0,"enemies":"2 Louse","floor":2,"turns":4},{"damage":20,"enemies":"Small Slimes","floor":3,"turns":5},{"damage":17,"enemies":"Exordium Wildlife","floor":4,"turns":5},{"damage":33,"enemies":"Gremlin Nob","floor":6,"turns":6},{"damage":15,"enemies":"Large Slime","floor":11,"turns":6},{"damage":15,"enemies":"Lagavulin","floor":12,"turns":6},{"damage":8,"enemies":"2 Fungi Beasts","floor":14,"turns":4},{"damage":47,"enemies":"The Guardian","floor":16,"turns":9}],"seed_played":"5066066189554518240","potions_obtained":[{"floor":1,"key":"Fire Potion"},{"floor":2,"key":"Ancient Potion"},{"floor":6,"key":"Poison Potion"},{"floor":11,"key":"GamblersBrew"}],"is_trial":false,"path_per_floor":["M","M","M","M","?","E","R","$","T","R","M","E","$","M","R","B"],"character_chosen":"IRONCLAD","items_purchased":["Shrug It Off"],"campfire_rested":2,"item_purchase_floors":[13],"current_hp_per_floor":[67,73,59,48,48,21,43,43,43,43,34,25,25,23,45,0],"gold":49,"neow_bonus":"RANDOM_COLORLESS_2","is_prod":false,"is_daily":false,"chose_seed":false,"campfire_upgraded":1,"win_rate":0,"timestamp":1552445470,"path_taken":["M","M","M","?","?","E","R","$","T","R","M","E","?","?","R","BOSS"],"build_version":"2019-01-23","purchased_purges":1,"victory":false,"max_hp_per_floor":[75,75,75,75,75,75,75,75,75,75,75,75,75,75,75,75],"card_choices":[{"not_picked":["Flex","Headbutt"],"picked":"Power Through","floor":1},{"not_picked":["Clash","Clothesline"],"picked":"Uppercut","floor":2},{"not_picked":["Power Through","Heavy Blade"],"picked":"Blood for Blood","floor":3},{"not_picked":["Perfected Strike","Reckless Charge"],"picked":"Body Slam","floor":4},{"not_picked":["Flex","Anger"],"picked":"Metallicize","floor":6},{"not_picked":["Burning Pact","Infernal Blade"],"picked":"Double Tap","floor":11},{"not_picked":["Heavy Blade","True Grit"],"picked":"Warcry","floor":11},{"not_picked":["Havoc","Heavy Blade"],"picked":"Corruption","floor":12},{"not_picked":["Infernal Blade","Headbutt"],"picked":"Clash","floor":14},{"not_picked":["Uppercut","Corruption","Heavy Blade"],"picked":"SKIP","floor":14}],"player_experience":1406983,"relics_obtained":[{"floor":6,"key":"Prayer Wheel"},{"floor":9,"key":"Unceasing Top"},{"floor":12,"key":"Blue Candle"}],"event_choices":[{"damage_healed":0,"gold_gain":0,"player_choice":"Got Potions","damage_taken":0,"max_hp_gain":0,"max_hp_loss":0,"event_name":"Lab","floor":5,"gold_loss":0}],"is_beta":false,"boss_relics":[],"items_purged_floors":[8],"is_endless":false,"potions_floor_spawned":[1,2,6,11],"killed_by":"The Guardian","ascension_level":20}