{"gold_per_floor":[118,138,63,75,75,75,75,75,75,75,91,117,117,132,132,132],"floor_reached":16,"playtime":591,"items_purged":["Strike_R"],"score":195,"play_id":"d57ba459-a5c9-4964-ae02-6a1e755a5197","local_time":"20190225213038","is_ascension_mode":true,"campfire_choices":[{"data":"Armaments","floor":6,"key":"SMITH"},{"data":"Pommel Strike","floor":8,"key":"SMITH"},{"data":"Spot Weakness","floor":10,"key":"SMITH"},{"floor":13,"key":"REST"},{"data":"Searing Blow","floor":15,"key":"SMITH"}],"neow_cost":"NONE","seed_source_timestamp":269921139647143,"circlet_count":0,"master_deck":["AscendersBane","Strike_R","Strike_R","Strike_R","Defend_R","Defend_R","Defend_R","Defend_R","Bash","Pommel Strike+1","Armaments+1","Spot Weakness+1","Decay","Cleave","Clash","Searing Blow+1"],"relics":["Burning Blood","NeowsBlessing","Du-Vu Doll","Bottled Lightning"],"potions_floor_usage":[12,12],"damage_taken":[{"damage":0,"enemies":"Cultist","floor":1,"turns":1},{"damage":0,"enemies":"2 Louse","floor":2,"turns":1},{"damage":0,"enemies":"Small Slimes","floor":4,"turns":1},{"damage":50,"enemies":"Exordium Thugs","floor":11,"turns":6},{"damage":15,"enemies":"Lagavulin","floor":12,"turns":5},{"damage":9,"enemies":"Looter","floor":14,"turns":3},{"damage":42,"enemies":"The Guardian","floor":16,"turns":9}],"seed_played":"8600666669652856758","potions_obtained":[{"floor":4,"key":"LiquidBronze"},{"floor":11,"key":"EssenceOfSteel"},{"floor":14,"key":"Ancient Potion"}],"is_trial":false,"path_per_floor":["M","M","$","M","?","R","?","R","T","R","M","E","R","M","R","B"],"character_chosen":"IRONCLAD","items_purchased":[],"campfire_rested":1,"item_purchase_floors":[],"current_hp_per_floor":[74,75,75,75,75,75,75,75,75,75,31,22,44,41,41,0],"gold":132,"neow_bonus":"THREE_ENEMY_KILL","is_prod":false,"is_daily":false,"chose_seed":false,"campfire_upgraded":4,"win_rate":0,"timestamp":1551155438,"path_taken":["M","?","$","M","?","R","?","R","T","R","?","E","R","M","R","BOSS"],"build_version":"2019-01-23","purchased_purges":1,"victory":false,"max_hp_per_floor":[75,75,75,75,75,75,75,75,75,75,75,75,75,75,75,75],"card_choices":[{"not_picked":["Hemokinesis","Heavy Blade"],"picked":"Pommel Strike","floor":1},{"not_picked":["Rampage","Clash"],"picked":"Armaments","floor":2},{"not_picked":["Iron Wave","Headbutt"],"picked":"Spot Weakness","floor":4},{"not_picked":["Twin Strike","Whirlwind"],"picked":"Cleave","floor":11},{"not_picked":["Sword Boomerang","Iron Wave"],"picked":"Clash","floor":12},{"not_picked":["Warcry","Demon Form"],"picked":"Searing Blow","floor":14}],"player_experience":1260014,"relics_obtained":[{"floor":9,"key":"Du-Vu Doll"},{"floor":12,"key":"Bottled Lightning"}],"event_choices":[{"cards_removed":["Strike_R"],"damage_healed":0,"gold_gain":0,"player_choice":"Forget","damage_taken":0,"max_hp_gain":0,"max_hp_loss":0,"event_name":"Living Wall","floor":5,"gold_loss":0},{"damage_healed":0,"gold_gain":0,"player_choice":"Cursed","damage_taken":0,"max_hp_gain":0,"max_hp_loss":0,"event_name":"Wheel of Change","floor":7,"gold_loss":0,"cards_obtained":["Decay"]}],"is_beta":false,"boss_relics":[],"items_purged_floors":[3],"is_endless":false,"potions_floor_spawned":[4,11,14],"killed_by":"The Guardian","ascension_level":19}