{"gold_per_floor":[18,36,52,71,82,82,82,82,82,111,121,133,55,72,72,147,147,158,158,158,83,8,8,8,8,8,8,34,34,25,55,55,129,129,146,162,162,173,273,273,298,298,298,317,346,356,356,356,356,356],"floor_reached":51,"playtime":4620,"items_purged":["Strike_R"],"score":1287,"play_id":"4d0450ed-3684-4fbc-8d7b-c7c438fa2cb0","local_time":"20190211024142","is_ascension_mode":true,"campfire_choices":[{"data":"Barricade","floor":6,"key":"SMITH"},{"data":"Flame Barrier","floor":8,"key":"SMITH"},{"floor":15,"key":"REST"},{"data":"True Grit","floor":23,"key":"SMITH"},{"data":"Flame Barrier","floor":27,"key":"SMITH"},{"floor":29,"key":"REST"},{"data":"Metallicize","floor":32,"key":"SMITH"},{"data":"Entrench","floor":40,"key":"SMITH"},{"data":"Feel No Pain","floor":42,"key":"SMITH"},{"data":"Pommel Strike","floor":47,"key":"SMITH"},{"floor":49,"key":"REST"}],"neow_cost":"NO_GOLD","seed_source_timestamp":2012101697501411,"circlet_count":0,"master_deck":["AscendersBane","Strike_R","Defend_R","Defend_R","Defend_R","Defend_R","Bash+1","Pommel Strike+1","Barricade+1","Flame Barrier+1","Cleave","True Grit+1","Pommel Strike+1","Headbutt","Metallicize+1","Impervious","Dark Embrace","Flame Barrier+1","Flame Barrier+1","Reaper","Whirlwind+1","Juggernaut","Fiend Fire","Feel No Pain+1","Warcry+1","Entrench+1","Evolve+1","Shrug It Off","Metallicize"],"relics":["Burning Blood","Ice Cream","Incense Burner","Mark of Pain","NlothsMask","Mango","Dream Catcher","Velvet Choker","Charon\u0027s Ashes","Whetstone","Singing Bowl","Paper Frog"],"potions_floor_usage":[4,14,16,30,33,36,50],"damage_taken":[{"damage":6,"enemies":"Cultist","floor":1,"turns":4},{"damage":0,"enemies":"2 Louse","floor":2,"turns":2},{"damage":4,"enemies":"Small Slimes","floor":3,"turns":4},{"damage":29,"enemies":"Exordium Thugs","floor":4,"turns":5},{"damage":10,"enemies":"Blue Slaver","floor":5,"turns":5},{"damage":31,"enemies":"3 Sentries","floor":10,"turns":10},{"damage":7,"enemies":"2 Fungi Beasts","floor":11,"turns":5},{"damage":7,"enemies":"Red Slaver","floor":12,"turns":4},{"damage":12,"enemies":"Exordium Thugs","floor":14,"turns":4},{"damage":9,"enemies":"The Guardian","floor":16,"turns":19},{"damage":0,"enemies":"Chosen","floor":18,"turns":7},{"damage":45,"enemies":"Slavers","floor":28,"turns":9},{"damage":4,"enemies":"2 Thieves","floor":30,"turns":4},{"damage":0,"enemies":"Book of Stabbing","floor":31,"turns":8},{"damage":65,"enemies":"Collector","floor":33,"turns":24},{"damage":11,"enemies":"Orb Walker","floor":35,"turns":6},{"damage":10,"enemies":"3 Darklings","floor":36,"turns":7},{"damage":2,"enemies":"Sphere and 2 Shapes","floor":38,"turns":8},{"damage":0,"enemies":"Mind Bloom Boss Battle","floor":39,"turns":7},{"damage":0,"enemies":"Maw","floor":44,"turns":9},{"damage":0,"enemies":"Giant Head","floor":45,"turns":15},{"damage":13,"enemies":"Spire Growth","floor":46,"turns":6},{"damage":23,"enemies":"Time Eater","floor":50,"turns":16}],"seed_played":"-1462684377576348933","potions_obtained":[{"floor":2,"key":"Poison Potion"},{"floor":10,"key":"EssenceOfSteel"},{"floor":11,"key":"Strength Potion"},{"floor":28,"key":"Regen Potion"},{"floor":31,"key":"Poison Potion"},{"floor":35,"key":"Regen Potion"},{"floor":39,"key":"SkillPotion"},{"floor":45,"key":"Strength Potion"}],"is_trial":false,"path_per_floor":["M","M","M","M","M","R","?","R","T","E","M","M","$","M","R","B",null,"M","?","$","?","$","R","?","$","T","R","E","R","M","E","R","B",null,"M","M","$","M","?","R","T","R","T","M","E","M","R","?","R","B",null],"character_chosen":"IRONCLAD","items_purchased":["Metallicize"],"campfire_rested":3,"item_purchase_floors":[13],"current_hp_per_floor":[68,74,75,52,48,48,48,48,48,23,22,21,21,15,37,34,65,71,71,71,71,71,71,71,71,71,71,46,72,88,89,89,39,77,78,89,89,89,89,89,89,89,89,89,89,88,88,88,91,74],"gold":356,"neow_bonus":"REMOVE_TWO","is_prod":false,"is_daily":false,"chose_seed":false,"campfire_upgraded":8,"win_rate":0,"timestamp":1549878102,"path_taken":["M","M","M","M","?","R","?","R","T","E","?","M","$","M","R","BOSS","M","?","?","?","$","R","?","$","T","R","E","R","M","E","R","BOSS","M","M","$","M","?","R","?","R","T","M","E","M","R","?","R","BOSS"],"build_version":"2019-01-23","purchased_purges":1,"victory":true,"max_hp_per_floor":[75,75,75,75,75,75,75,75,75,75,75,75,75,75,75,75,75,75,75,75,75,75,75,75,75,75,75,89,89,89,89,89,89,89,89,89,89,89,89,89,89,89,89,89,89,91,91,91,91,91],"card_choices":[{"not_picked":["Anger","Havoc"],"picked":"Pommel Strike","floor":1},{"not_picked":["Cleave","Headbutt"],"picked":"Barricade","floor":2},{"not_picked":["True Grit","Blood for Blood"],"picked":"Flame Barrier","floor":3},{"not_picked":["Corruption","Evolve"],"picked":"Cleave","floor":4},{"not_picked":["Clothesline","Cleave"],"picked":"True Grit","floor":5},{"not_picked":["Perfected Strike","Clothesline"],"picked":"Intimidate","floor":10},{"not_picked":["Evolve","Brutality"],"picked":"Headbutt","floor":11},{"not_picked":["Heavy Blade","Combust","True Grit"],"picked":"SKIP","floor":12},{"not_picked":["Havoc","Perfected Strike"],"picked":"Impervious","floor":14},{"not_picked":["Double Tap","Limit Break"],"picked":"Dark Embrace","floor":16},{"not_picked":["Uppercut","Cleave"],"picked":"Flame Barrier","floor":18},{"not_picked":["Sentinel","Power Through"],"picked":"Reaper","floor":28},{"not_picked":["Heavy Blade","Wild Strike"],"picked":"Whirlwind+1","floor":30},{"not_picked":["Sword Boomerang","Clash"],"picked":"Juggernaut","floor":31},{"not_picked":["Exhume","Feed"],"picked":"Fiend Fire","floor":33},{"not_picked":["Pommel Strike","Cleave","Carnage"],"picked":"SKIP","floor":35},{"not_picked":["Headbutt+1","Uppercut"],"picked":"Feel No Pain","floor":36},{"not_picked":["Infernal Blade","Perfected Strike+1"],"picked":"Warcry+1","floor":38},{"not_picked":["Thunderclap+1","Spot Weakness"],"picked":"Entrench","floor":39},{"not_picked":["Hemokinesis","Armaments+1"],"picked":"Evolve+1","floor":44},{"not_picked":["Burning Pact","Rupture"],"picked":"Shrug It Off","floor":45},{"not_picked":["Clash","Perfected Strike","Clothesline+1"],"picked":"Singing Bowl","floor":46},{"not_picked":["Inflame","Entrench"],"picked":"Metallicize","floor":49}],"player_experience":1068167,"relics_obtained":[{"floor":9,"key":"Ice Cream"},{"floor":10,"key":"Incense Burner"},{"floor":28,"key":"Mango"},{"floor":31,"key":"Dream Catcher"},{"floor":39,"key":"Charon\u0027s Ashes"},{"floor":41,"key":"Whetstone"},{"floor":43,"key":"Singing Bowl"},{"floor":45,"key":"Paper Frog"}],"event_choices":[{"damage_healed":0,"gold_gain":0,"player_choice":"1 cards matched","damage_taken":0,"max_hp_gain":0,"max_hp_loss":0,"event_name":"Match and Keep!","floor":7,"gold_loss":0,"cards_obtained":["Pommel Strike"]},{"damage_healed":0,"gold_gain":0,"player_choice":"Trade","damage_taken":0,"relics_obtained":["NlothsMask"],"max_hp_gain":0,"max_hp_loss":0,"event_name":"FaceTrader","floor":19,"gold_loss":0},{"cards_removed":["Strike_R"],"damage_healed":0,"gold_gain":0,"player_choice":"Gave Gold","damage_taken":0,"max_hp_gain":0,"max_hp_loss":0,"event_name":"Beggar","floor":21,"gold_loss":75},{"damage_healed":0,"gold_gain":0,"player_choice":"Copied","damage_taken":0,"max_hp_gain":0,"max_hp_loss":0,"event_name":"Duplicator","floor":24,"gold_loss":0,"cards_obtained":["Flame Barrier"]},{"damage_healed":0,"gold_gain":0,"player_choice":"Fight","damage_taken":0,"max_hp_gain":0,"max_hp_loss":0,"event_name":"MindBloom","floor":39,"gold_loss":0},{"cards_removed":["Intimidate"],"damage_healed":0,"gold_gain":0,"player_choice":"Removed Skill","damage_taken":0,"max_hp_gain":0,"max_hp_loss":0,"event_name":"Falling","floor":48,"gold_loss":0}],"is_beta":false,"boss_relics":[{"not_picked":["Sozu","Pandora\u0027s Box"],"picked":"Mark of Pain"},{"not_picked":["Runic Cube","Orrery"],"picked":"Velvet Choker"}],"items_purged_floors":[22],"is_endless":false,"potions_floor_spawned":[2,10,11,12,28,31,35,39,45],"ascension_level":16}