{"path_per_floor":["M","M","$","M","?","R","M","M","T","R","?","E","R","?","R","B",null,"M","?","M","$","M","M"],"character_chosen":"DEFECT","items_purchased":[],"gold_per_floor":[112,126,51,67,67,67,85,97,120,120,70,102,102,102,102,206,206,218,218,238,138,157,171,171],"floor_reached":24,"campfire_rested":1,"playtime":1569,"current_hp_per_floor":[75,73,73,72,54,54,54,46,46,46,46,35,57,57,57,57,75,44,44,19,19,19,9,0],"items_purged":["Strike_B","Strike_B"],"gold":171,"score":298,"play_id":"de5aa79d-f21e-464a-987c-286f87d7358e","local_time":"20180512230919","is_prod":false,"is_daily":false,"chose_seed":false,"is_ascension_mode":true,"campfire_upgraded":3,"timestamp":1526188159,"path_taken":["M","M","$","M","?","R","M","M","T","R","?","E","R","?","R","BOSS","M","?","M","$","M","M","E"],"build_version":"2018-05-12v2","seed_source_timestamp":266770312302120,"purchased_purges":2,"victory":false,"master_deck":["Strike_B","Defend_B","Defend_B","Defend_B","Defend_B","Zap+1","Dualcast","Sweeping Beam+1","Cold Snap","Reboot","Reinforced Body+1","Decay","Multi-Cast","Consume","Echo Form","Defragment"],"max_hp_per_floor":[75,75,75,75,75,75,75,75,75,75,75,75,75,75,75,75,75,75,75,75,75,75,75,75],"relics":["Cracked Core","Juzu Bracelet","Lantern","Pen Nib","Inserter"],"card_choices":[{"not_picked":["Streamline","Beam Cell","Turbo"],"picked":"SKIP","floor":1},{"not_picked":["Auto Shields","Hologram","Sweeping Beam"],"picked":"SKIP","floor":2},{"not_picked":["Auto Shields","Hologram"],"picked":"Sweeping Beam","floor":2},{"not_picked":["Skim","Hologram"],"picked":"Cold Snap","floor":4},{"not_picked":["BootSequence","Gash"],"picked":"Reboot","floor":7},{"not_picked":["Rebound","Darkness","Beam Cell"],"picked":"SKIP","floor":8},{"not_picked":["Heatsinks","Loop"],"picked":"Reinforced Body","floor":12},{"not_picked":["Amplify","Biased Cognition"],"picked":"Multi-Cast","floor":16},{"not_picked":["Hologram+1","Rebound"],"picked":"Consume","floor":18},{"not_picked":["Hologram","Leap+1","Steam+1"],"picked":"SKIP","floor":20},{"not_picked":["Beam Cell","Rip and Tear","Redo"],"picked":"SKIP","floor":22},{"not_picked":["Sweeping Beam+1","Skim"],"picked":"Defragment","floor":23}],"player_experience":102598,"potions_floor_usage":[16,22,23,24],"damage_taken":[{"damage":0,"enemies":"Small Slimes","floor":1,"turns":3},{"damage":2,"enemies":"Jaw Worm","floor":2,"turns":3},{"damage":1,"enemies":"Cultist","floor":4,"turns":3},{"damage":0,"enemies":"Gremlin Gang","floor":7,"turns":2},{"damage":8,"enemies":"Looter","floor":8,"turns":3},{"damage":11,"enemies":"3 Sentries","floor":12,"turns":4},{"damage":0,"enemies":"Slime Boss","floor":16,"turns":10},{"damage":31,"enemies":"Shell Parasite","floor":18,"turns":8},{"damage":25,"enemies":"2 Thieves","floor":20,"turns":4},{"damage":0,"enemies":"Centurion and Healer","floor":22,"turns":5},{"damage":17,"enemies":"Sentry and Sphere","floor":23,"turns":6},{"damage":25,"enemies":"Gremlin Leader","floor":24,"turns":7}],"event_choices":[{"event_name":"Scrap Ooze","player_choice":"success","floor":5,"damage_taken":18},{"event_name":"The Cleric","player_choice":"Card Removal","floor":11,"damage_taken":0},{"event_name":"Wheel of Change","player_choice":"Curse","floor":14,"damage_taken":0},{"event_name":"Match and Keep!","player_choice":"1 cards matched","floor":19,"damage_taken":0}],"boss_relics":[{"not_picked":["Lizard Tail","Ectoplasm"],"picked":"Inserter"}],"potions_floor_spawned":[7,16,20,23],"seed_played":"-5431221403588010430","killed_by":"Gremlin Leader","ascension_level":4,"is_trial":false}