{"gold_per_floor":[111,4,17,92,102,102,102,102,102,102,112,112],"floor_reached":12,"playtime":517,"items_purged":[],"score":136,"play_id":"0a1a9398-a951-44a9-b521-fc1f0ccaa76e","local_time":"20190307022456","is_ascension_mode":true,"campfire_choices":[{"data":"Body Slam","floor":6,"key":"SMITH"},{"data":"Body Slam","floor":8,"key":"SMITH"},{"data":"Disarm","floor":10,"key":"SMITH"}],"neow_cost":"TEN_PERCENT_HP_LOSS","seed_source_timestamp":10886635439093,"circlet_count":0,"master_deck":["AscendersBane","Strike_R","Strike_R","Defend_R","Defend_R","Defend_R","Defend_R","Bash","Body Slam+1","Feel No Pain","Body Slam+1","Headbutt","Disarm+1","Disarm"],"relics":["Burning Blood","Torii"],"potions_floor_usage":[11],"damage_taken":[{"damage":16,"enemies":"Small Slimes","floor":1,"turns":4},{"damage":8,"enemies":"Jaw Worm","floor":3,"turns":7},{"damage":1,"enemies":"Cultist","floor":5,"turns":4},{"damage":14,"enemies":"Large Slime","floor":11,"turns":6},{"damage":36,"enemies":"Lagavulin","floor":12,"turns":10}],"seed_played":"-3344831552537405","potions_obtained":[{"floor":5,"key":"SkillPotion"}],"is_trial":false,"path_per_floor":["M","$","M","?","M","R","?","R","T","R","M","E"],"character_chosen":"IRONCLAD","items_purchased":["Feel No Pain","Body Slam"],"campfire_rested":0,"item_purchase_floors":[2,2],"current_hp_per_floor":[58,58,56,45,50,50,43,43,43,43,35,0],"gold":112,"neow_bonus":"REMOVE_TWO","is_prod":false,"is_daily":false,"chose_seed":false,"campfire_upgraded":3,"win_rate":0,"timestamp":1551950696,"path_taken":["M","$","M","?","M","R","?","R","T","R","M","E"],"build_version":"2019-01-23","purchased_purges":0,"victory":false,"max_hp_per_floor":[68,68,68,68,68,68,68,68,68,68,68,68],"card_choices":[{"not_picked":["Iron Wave","True Grit"],"picked":"Body Slam","floor":1},{"not_picked":["Armaments","Rampage"],"picked":"Headbutt","floor":3},{"not_picked":["Perfected Strike","Cleave"],"picked":"Disarm","floor":5},{"not_picked":["Shrug It Off","Inflame"],"picked":"Disarm","floor":11}],"player_experience":1374174,"relics_obtained":[{"floor":9,"key":"Torii"}],"event_choices":[{"damage_healed":0,"gold_gain":75,"player_choice":"Gather Gold","damage_taken":11,"max_hp_gain":0,"max_hp_loss":0,"event_name":"World of Goop","floor":4,"gold_loss":0},{"cards_removed":["Strike_R"],"damage_healed":0,"gold_gain":0,"player_choice":"Card Removal","damage_taken":7,"max_hp_gain":0,"max_hp_loss":0,"event_name":"Golden Wing","floor":7,"gold_loss":0}],"is_beta":false,"boss_relics":[],"items_purged_floors":[],"is_endless":false,"potions_floor_spawned":[5],"killed_by":"Lagavulin","ascension_level":20}