{"gold_per_floor":[214,232,251,201,90,90,115,115,142,161,83,83,95,106,106,201,201,220,248,248],"floor_reached":20,"playtime":1289,"items_purged":["Strike_B"],"score":261,"play_id":"15b57a40-030c-4eab-81b1-13e64394c837","local_time":"20190201224320","is_ascension_mode":true,"campfire_choices":[{"data":"Zap","floor":6,"key":"SMITH"},{"data":"Dualcast","floor":8,"key":"SMITH"},{"data":"Creative AI","floor":12,"key":"SMITH"},{"floor":15,"key":"REST"}],"neow_cost":"NONE","seed_source_timestamp":1223515383353730,"circlet_count":0,"master_deck":["AscendersBane","Strike_B","Strike_B","Defend_B","Defend_B","Defend_B","Defend_B","Zap+1","Dualcast+1","Ball Lightning","Amplify","Go for the Eyes","Capacitor","Self Repair","Melter","Creative AI+1","Rebound","Ball Lightning","Seek"],"relics":["Cracked Core","Strawberry","Orichalcum","Busted Crown","Red Mask"],"potions_floor_usage":[7,7,20],"damage_taken":[{"damage":1,"enemies":"Cultist","floor":1,"turns":4},{"damage":7,"enemies":"Jaw Worm","floor":2,"turns":3},{"damage":4,"enemies":"Small Slimes","floor":3,"turns":3},{"damage":19,"enemies":"Gremlin Nob","floor":7,"turns":4},{"damage":10,"enemies":"2 Fungi Beasts","floor":10,"turns":3},{"damage":22,"enemies":"Exordium Wildlife","floor":13,"turns":5},{"damage":14,"enemies":"3 Louse","floor":14,"turns":3},{"damage":26,"enemies":"Hexaghost","floor":16,"turns":8},{"damage":25,"enemies":"Shell Parasite","floor":18,"turns":5},{"damage":50,"enemies":"Masked Bandits","floor":19,"turns":4},{"damage":16,"enemies":"Colosseum Slavers","floor":20,"turns":2}],"seed_played":"-7385005945978161712","potions_obtained":[{"floor":2,"key":"Ancient Potion"},{"floor":3,"key":"Block Potion"},{"floor":16,"key":"Ancient Potion"}],"is_trial":false,"path_per_floor":["M","M","M","?","$","R","E","R","T","M","$","R","M","M","R","B",null,"M","?","?"],"character_chosen":"DEFECT","items_purchased":["Capacitor","Creative AI"],"campfire_rested":1,"item_purchase_floors":[5,11],"current_hp_per_floor":[67,60,56,56,56,56,44,44,44,41,41,41,33,26,50,31,69,51,15,0],"gold":248,"neow_bonus":"HUNDRED_GOLD","is_prod":false,"is_daily":false,"chose_seed":false,"campfire_upgraded":3,"win_rate":0,"timestamp":1549086200,"path_taken":["M","M","?","?","$","R","E","R","T","M","$","R","M","M","R","BOSS","M","?","?"],"build_version":"2019-01-23","purchased_purges":1,"victory":false,"max_hp_per_floor":[75,75,75,75,75,75,82,82,82,82,82,82,82,82,82,82,82,82,82,82],"card_choices":[{"not_picked":["Barrage","BootSequence"],"picked":"Ball Lightning","floor":1},{"not_picked":["Leap","Hello World"],"picked":"Amplify","floor":2},{"not_picked":["Beam Cell","Blizzard"],"picked":"Go for the Eyes","floor":3},{"not_picked":["Gash","Skim"],"picked":"Self Repair","floor":7},{"not_picked":["Stack","Steam"],"picked":"Melter","floor":10},{"not_picked":["Capacitor","Steam"],"picked":"Rebound","floor":13},{"not_picked":["Undo","Chill"],"picked":"Ball Lightning","floor":14},{"not_picked":["Core Surge","Fission"],"picked":"Seek","floor":16},{"not_picked":["Turbo+1"],"picked":"SKIP","floor":18}],"player_experience":936120,"relics_obtained":[{"floor":7,"key":"Strawberry"},{"floor":9,"key":"Orichalcum"},{"floor":19,"key":"Red Mask"}],"event_choices":[{"cards_removed":["Strike_B"],"damage_healed":0,"gold_gain":0,"player_choice":"Card Removal","damage_taken":0,"max_hp_gain":0,"max_hp_loss":0,"event_name":"The Cleric","floor":4,"gold_loss":50},{"damage_healed":0,"gold_gain":0,"player_choice":"Fought Bandits","damage_taken":0,"max_hp_gain":0,"max_hp_loss":0,"event_name":"Masked Bandits","floor":19,"gold_loss":0},{"damage_healed":0,"gold_gain":0,"player_choice":"Fight","damage_taken":0,"max_hp_gain":0,"max_hp_loss":0,"event_name":"Colosseum","floor":20,"gold_loss":0}],"is_beta":false,"boss_relics":[{"not_picked":["Lizard Tail","Black Star"],"picked":"Busted Crown"}],"items_purged_floors":[5],"is_endless":false,"potions_floor_spawned":[2,3,16],"killed_by":"Colosseum Slavers","ascension_level":10}