{"gold_per_floor":[111,36,49,61,81,81,99,99,99,130,146,146,181,237,237,309,309,322,42,53,53,3,30,30,65,65,100,119,119,119,119,119,196,196,206,260,125,141,16,16,44,44,44,75,75,104,104,0,0,0],"floor_reached":51,"playtime":3369,"items_purged":["Strike_G","Strike_G","Strike_G"],"score":1645,"play_id":"6faa49ca-5cf1-4000-b867-817c19c62836","local_time":"20190216125437","is_ascension_mode":true,"campfire_choices":[{"floor":6,"key":"REST"},{"floor":8,"key":"REST"},{"floor":12,"key":"REST"},{"floor":15,"key":"REST"},{"floor":24,"key":"REST"},{"floor":29,"key":"REST"},{"floor":32,"key":"REST"},{"floor":40,"key":"REST"},{"floor":42,"key":"REST"},{"floor":47,"key":"REST"},{"floor":49,"key":"REST"}],"neow_cost":"NONE","seed_source_timestamp":71719446537015,"circlet_count":0,"master_deck":["AscendersBane","Defend_G","Defend_G+1","Defend_G","Defend_G","Defend_G+1","Strike_G","Strike_G","Survivor","Neutralize","Flying Knee","Well Laid Plans","Accuracy","Terror","Corpse Explosion","Bouncing Flask","Cloak And Dagger+1","Calculated Gamble+1","Burst+1","Reflex+1","Apotheosis+1","Bouncing Flask+1","Cloak And Dagger+1","Footwork","Infinite Blades","Ghostly+1","Ghostly+1","Ghostly+1","Tools of the Trade","Blade Dance+1","Footwork+1","Crippling Poison+1","Cloak And Dagger+1"],"relics":["Fusion Hammer","War Paint","PreservedInsect","Toxic Egg 2","Bag of Preparation","Black Star","Membership Card","Centennial Puzzle","Sundial","Orichalcum","Lantern","Pear","Singing Bowl","Anchor","Nilry\u0027s Codex","Philosopher\u0027s Stone","Unceasing Top","Blood Vial","Bottled Tornado","Pantograph","Potion Belt","Paper Crane","Mercury Hourglass","Kunai","Boot","Strawberry","Red Mask"],"potions_floor_usage":[10,13,16,25,27,27,38,41,50],"damage_taken":[{"damage":0,"enemies":"Jaw Worm","floor":1,"turns":4},{"damage":1,"enemies":"2 Louse","floor":3,"turns":3},{"damage":1,"enemies":"Small Slimes","floor":4,"turns":4},{"damage":2,"enemies":"2 Fungi Beasts","floor":5,"turns":5},{"damage":16,"enemies":"3 Louse","floor":7,"turns":4},{"damage":21,"enemies":"Lagavulin","floor":10,"turns":8},{"damage":0,"enemies":"Red Slaver","floor":11,"turns":4},{"damage":12,"enemies":"3 Sentries","floor":13,"turns":4},{"damage":24,"enemies":"Lagavulin Event","floor":14,"turns":5},{"damage":29,"enemies":"The Guardian","floor":16,"turns":7},{"damage":10,"enemies":"Spheric Guardian","floor":18,"turns":5},{"damage":12,"enemies":"Chosen","floor":20,"turns":5},{"damage":16,"enemies":"Slavers","floor":23,"turns":4},{"damage":5,"enemies":"Book of Stabbing","floor":25,"turns":3},{"damage":19,"enemies":"Slavers","floor":27,"turns":3},{"damage":10,"enemies":"3 Cultists","floor":28,"turns":3},{"damage":0,"enemies":"Champ","floor":33,"turns":8},{"damage":16,"enemies":"3 Darklings","floor":35,"turns":3},{"damage":17,"enemies":"2 Orb Walkers","floor":36,"turns":4},{"damage":4,"enemies":"3 Shapes","floor":38,"turns":6},{"damage":0,"enemies":"Nemesis","floor":41,"turns":5},{"damage":0,"enemies":"Reptomancer","floor":44,"turns":5},{"damage":0,"enemies":"Giant Head","floor":46,"turns":6},{"damage":23,"enemies":"Donu and Deca","floor":50,"turns":6}],"seed_played":"1961155597989378538","potions_obtained":[{"floor":3,"key":"Swift Potion"},{"floor":4,"key":"Block Potion"},{"floor":5,"key":"Fire Potion"},{"floor":10,"key":"SkillPotion"},{"floor":14,"key":"Explosive Potion"},{"floor":16,"key":"Poison Potion"},{"floor":25,"key":"SpeedPotion"},{"floor":27,"key":"Ancient Potion"},{"floor":36,"key":"Ancient Potion"},{"floor":41,"key":"Explosive Potion"}],"is_trial":false,"path_per_floor":["M","$","M","M","M","R","M","R","T","E","M","R","E","?","R","B",null,"M","$","M","?","$","E","R","E","T","E","M","R","?","?","R","B",null,"M","?","$","M","$","R","E","R","T","E","?","E","R","?","R","B",null],"character_chosen":"THE_SILENT","items_purchased":["Membership Card","Apotheosis+1","Blood Vial","Bottled Tornado"],"campfire_rested":11,"item_purchase_floors":[19,19,37,39],"current_hp_per_floor":[59,59,58,57,55,66,50,66,66,45,45,64,52,28,47,18,54,44,44,32,45,45,29,48,43,53,34,24,46,38,17,28,28,36,20,3,3,1,1,12,16,28,28,30,30,41,49,49,49,26],"gold":0,"neow_bonus":"BOSS_RELIC","is_prod":false,"is_daily":false,"chose_seed":false,"campfire_upgraded":0,"win_rate":0,"timestamp":1550346877,"path_taken":["M","$","M","M","M","R","M","R","T","E","M","R","E","?","R","BOSS","M","$","M","?","$","E","R","E","T","E","M","R","?","?","R","BOSS","M","?","$","M","$","R","E","R","T","E","?","E","R","?","R","BOSS"],"build_version":"2019-01-23","purchased_purges":3,"victory":true,"max_hp_per_floor":[66,66,66,66,66,66,66,66,66,66,66,66,66,66,66,66,66,66,66,66,66,66,66,66,66,76,76,76,76,38,38,38,38,38,38,38,38,38,38,38,40,40,40,40,40,49,49,49,49,49],"card_choices":[{"not_picked":["Deadly Poison","Acrobatics"],"picked":"Flying Knee","floor":1},{"not_picked":["Flechettes","Bouncing Flask"],"picked":"Well Laid Plans","floor":3},{"not_picked":["Endless Agony","Blade Dance"],"picked":"Accuracy","floor":4},{"not_picked":["PiercingWail","Phantasmal Killer"],"picked":"Terror","floor":5},{"not_picked":["Terror","Eviscerate","Concentrate"],"picked":"SKIP","floor":7},{"not_picked":["Quick Slash","Crippling Poison"],"picked":"Corpse Explosion","floor":10},{"not_picked":["Bane","Dodge and Roll"],"picked":"Bouncing Flask","floor":11},{"not_picked":["Flying Knee","Expertise"],"picked":"Cloak And Dagger","floor":13},{"not_picked":["Flechettes","Prepared+1"],"picked":"Calculated Gamble+1","floor":14},{"not_picked":["Unload","Doppelganger+1"],"picked":"Burst+1","floor":16},{"not_picked":["Dagger Spray","Deflect+1"],"picked":"Reflex+1","floor":18},{"not_picked":["Sucker Punch","Prepared+1"],"picked":"Bouncing Flask+1","floor":20},{"not_picked":["Predator","Masterful Stab"],"picked":"Cloak And Dagger+1","floor":23},{"not_picked":["Bane","Heel Hook","Sucker Punch"],"picked":"SKIP","floor":25},{"not_picked":["Heel Hook","Sucker Punch"],"picked":"Bane","floor":25},{"not_picked":["Dodge and Roll+1","Backstab"],"picked":"Footwork","floor":27},{"not_picked":["Slice","Dagger Spray"],"picked":"Infinite Blades","floor":28},{"not_picked":["Corpse Explosion+1","Storm of Steel+1"],"picked":"Tools of the Trade","floor":33},{"not_picked":["Prepared+1","Dodge and Roll+1"],"picked":"Blade Dance+1","floor":35},{"not_picked":["Calculated Gamble+1","PiercingWail+1"],"picked":"Footwork+1","floor":36},{"not_picked":["Choke","Heel Hook"],"picked":"Crippling Poison+1","floor":38},{"not_picked":["Acrobatics+1","Concentrate+1","PiercingWail+1"],"picked":"Singing Bowl","floor":41},{"not_picked":["Riddle With Holes+1","Deflect+1"],"picked":"Cloak And Dagger+1","floor":44},{"not_picked":["Dagger Spray","Deadly Poison+1","Crippling Poison+1"],"picked":"Singing Bowl","floor":46}],"player_experience":1108926,"relics_obtained":[{"floor":9,"key":"War Paint"},{"floor":10,"key":"PreservedInsect"},{"floor":13,"key":"Toxic Egg 2"},{"floor":14,"key":"Bag of Preparation"},{"floor":23,"key":"Centennial Puzzle"},{"floor":23,"key":"Sundial"},{"floor":25,"key":"Orichalcum"},{"floor":25,"key":"Lantern"},{"floor":26,"key":"Pear"},{"floor":27,"key":"Singing Bowl"},{"floor":27,"key":"Anchor"},{"floor":31,"key":"Nilry\u0027s Codex"},{"floor":36,"key":"Unceasing Top"},{"floor":41,"key":"Pantograph"},{"floor":41,"key":"Potion Belt"},{"floor":43,"key":"Paper Crane"},{"floor":44,"key":"Mercury Hourglass"},{"floor":44,"key":"Kunai"},{"floor":46,"key":"Boot"},{"floor":46,"key":"Strawberry"}],"event_choices":[{"damage_healed":0,"gold_gain":0,"player_choice":"Searched \u00272\u0027 times","damage_taken":0,"max_hp_gain":0,"max_hp_loss":0,"event_name":"Dead Adventurer","floor":14,"gold_loss":0},{"damage_healed":13,"gold_gain":0,"player_choice":"Heal","damage_taken":0,"max_hp_gain":0,"max_hp_loss":0,"event_name":"The Library","floor":21,"gold_loss":0},{"damage_healed":0,"gold_gain":0,"player_choice":"Became a Ghost","damage_taken":0,"max_hp_gain":0,"max_hp_loss":38,"event_name":"Ghosts","floor":30,"gold_loss":0,"cards_obtained":["Ghostly","Ghostly","Ghostly"]},{"damage_healed":0,"gold_gain":0,"player_choice":"Obtained Book","damage_taken":21,"max_hp_gain":0,"max_hp_loss":0,"event_name":"Cursed Tome","floor":31,"gold_loss":0},{"damage_healed":0,"gold_gain":0,"player_choice":"Fight","damage_taken":0,"max_hp_gain":0,"max_hp_loss":0,"event_name":"Mysterious Sphere","floor":36,"gold_loss":0},{"cards_removed":["Bane"],"damage_healed":0,"gold_gain":0,"player_choice":"Removed Attack","damage_taken":0,"max_hp_gain":0,"max_hp_loss":0,"event_name":"Falling","floor":45,"gold_loss":0},{"damage_healed":0,"gold_gain":0,"player_choice":"Paid","damage_taken":0,"relics_obtained":["Red Mask"],"max_hp_gain":0,"max_hp_loss":0,"event_name":"Tomb of Lord Red Mask","floor":48,"gold_loss":104}],"is_beta":false,"boss_relics":[{"not_picked":["Velvet Choker","Orrery"],"picked":"Black Star"},{"not_picked":["Runic Dome","Tiny House"],"picked":"Philosopher\u0027s Stone"}],"items_purged_floors":[2,22,37],"is_endless":false,"potions_floor_spawned":[3,4,5,10,14,16,23,25,27,36,41],"ascension_level":15}