{"path_per_floor":["M","?","?","M","$","R","?","R","T","M","M","$","R","M","R","B",null,"M","?","M","$","M","R"],"character_chosen":"DEFECT","items_purchased":[],"gold_per_floor":[119,119,119,137,62,62,132,132,132,155,175,75,75,98,98,219,219,203,203,218,93,116,116,116],"floor_reached":24,"campfire_rested":2,"playtime":1152,"current_hp_per_floor":[75,57,54,54,54,54,45,45,45,43,26,26,48,48,48,24,75,59,75,38,38,30,52,0],"items_purged":["Strike_B","Strike_B","Defend_B"],"gold":116,"score":223,"play_id":"9beb856e-5437-4155-be57-305295211e5f","local_time":"20180512234642","is_prod":false,"is_daily":false,"chose_seed":false,"is_ascension_mode":true,"campfire_upgraded":3,"timestamp":1526190402,"path_taken":["M","?","?","?","$","R","?","R","T","M","M","?","R","M","R","BOSS","M","?","M","?","M","R","E"],"build_version":"2018-05-12v2","seed_source_timestamp":269429634277881,"purchased_purges":3,"victory":false,"master_deck":["Strike_B","Strike_B","Defend_B","Defend_B","Defend_B","Zap","Dualcast","Sweeping Beam+1","Streamline+1","Reinforced Body+1","Creative AI+1","Recycle+1"],"max_hp_per_floor":[75,75,75,75,75,75,75,75,75,75,75,75,75,75,75,75,75,75,75,75,75,75,75,75],"relics":["Cracked Core","Potion Belt","Golden Idol","Bag of Preparation","Orichalcum","Frozen Egg 2","Philosopher\u0027s Stone"],"card_choices":[{"not_picked":["Undo","Skim"],"picked":"Sweeping Beam","floor":1},{"not_picked":["Darkness","Steam","Capacitor"],"picked":"SKIP","floor":4},{"not_picked":["Rip and Tear","Capacitor"],"picked":"Streamline","floor":7},{"not_picked":["Skim","Glacier","Rebound"],"picked":"SKIP","floor":10},{"not_picked":["Ball Lightning","Cold Snap"],"picked":"Reinforced Body","floor":11},{"not_picked":["Redo","Hello World+1","Axe Kick"],"picked":"SKIP","floor":14},{"not_picked":["Biased Cognition+1","Hyperbeam"],"picked":"Creative AI+1","floor":16},{"not_picked":["Axe Kick+1","Skim","Rebound+1"],"picked":"SKIP","floor":18},{"not_picked":["Reinforced Body","Capacitor+1","BootSequence"],"picked":"SKIP","floor":20},{"not_picked":["Axe Kick","Sweeping Beam+1"],"picked":"Recycle+1","floor":22}],"player_experience":105234,"potions_floor_usage":[7,24],"damage_taken":[{"damage":0,"enemies":"2 Louse","floor":1,"turns":1},{"damage":0,"enemies":"Small Slimes","floor":4,"turns":4},{"damage":9,"enemies":"3 Sentries","floor":7,"turns":5},{"damage":2,"enemies":"Jaw Worm","floor":10,"turns":3},{"damage":17,"enemies":"Exordium Thugs","floor":11,"turns":4},{"damage":0,"enemies":"Exordium Wildlife","floor":14,"turns":2},{"damage":24,"enemies":"Slime Boss","floor":16,"turns":10},{"damage":16,"enemies":"2 Thieves","floor":18,"turns":4},{"damage":37,"enemies":"Shell Parasite","floor":20,"turns":7},{"damage":8,"enemies":"Snecko","floor":22,"turns":7},{"damage":54,"enemies":"Gremlin Leader","floor":24,"turns":4}],"event_choices":[{"event_name":"Golden Idol","player_choice":"Take Damage","floor":2,"damage_taken":0},{"event_name":"Scrap Ooze","player_choice":"success","floor":3,"damage_taken":3},{"event_name":"Dead Adventurer","player_choice":"Searched \u00273\u0027 times","floor":7,"damage_taken":0},{"event_name":"The Library","player_choice":"Heal","floor":19,"damage_taken":0}],"boss_relics":[{"not_picked":["Tiny House","Runic Pyramid"],"picked":"Philosopher\u0027s Stone"}],"potions_floor_spawned":[4,10],"seed_played":"-3737848582334911713","killed_by":"Gremlin Leader","ascension_level":4,"is_trial":false}