{"gold_per_floor":[116,3,78,78,97,126,26,26,26,26,26,26,54,70,70,165,165,177,52,52,72,86,86,86],"floor_reached":24,"playtime":1123,"items_purged":["Strike_B","Defend_B","Strike_B"],"score":306,"play_id":"a709554f-070a-457b-b770-c3b27021640f","local_time":"20180704001233","is_ascension_mode":true,"campfire_choices":[{"data":"Zap","floor":8,"key":"SMITH"},{"data":"Go for the Eyes","floor":10,"key":"SMITH"},{"data":"Creative AI","floor":15,"key":"SMITH"},{"floor":23,"key":"REST"}],"neow_cost":"NONE","seed_source_timestamp":1747559886469897,"circlet_count":0,"master_deck":["Strike_B","Defend_B","Defend_B","Defend_B","Zap+1","Dualcast","Go for the Eyes+1","Storm","Glacier","Conserve Battery","Creative AI+1","Beam Cell","Buffer","Recycle","Turbo","Multi-Cast"],"relics":["Cracked Core","NeowsBlessing","Thread and Needle","Omamori","Pantograph","Busted Crown"],"potions_floor_usage":[13,24],"damage_taken":[{"damage":0,"enemies":"Small Slimes","floor":1,"turns":1},{"damage":0,"enemies":"Jaw Worm","floor":5,"turns":1},{"damage":0,"enemies":"3 Sentries","floor":6,"turns":1},{"damage":21,"enemies":"Gremlin Nob","floor":13,"turns":6},{"damage":2,"enemies":"2 Louse","floor":14,"turns":3},{"damage":35,"enemies":"Hexaghost","floor":16,"turns":9},{"damage":7,"enemies":"Shell Parasite","floor":18,"turns":4},{"damage":11,"enemies":"Spheric Guardian","floor":21,"turns":4},{"damage":19,"enemies":"Centurion and Healer","floor":22,"turns":6},{"damage":48,"enemies":"Gremlin Leader","floor":24,"turns":7}],"seed_played":"2559319169793845082","potions_obtained":[{"floor":6,"key":"Dexterity Potion"},{"floor":13,"key":"Ancient Potion"},{"floor":16,"key":"Energy Potion"}],"is_trial":false,"path_per_floor":["M","$","?","?","M","E","$","R","T","R","$","$","E","M","R","B",null,"M","$","?","M","M","R"],"character_chosen":"DEFECT","items_purchased":["Storm"],"campfire_rested":1,"item_purchase_floors":[2],"current_hp_per_floor":[68,68,57,50,50,50,50,50,50,50,50,50,29,27,27,17,61,54,54,54,43,24,46,0],"gold":86,"neow_bonus":"THREE_ENEMY_KILL","is_prod":false,"is_daily":false,"chose_seed":false,"campfire_upgraded":3,"win_rate":0,"timestamp":1530684753,"path_taken":["M","$","?","?","?","E","?","R","T","R","?","$","E","?","R","BOSS","M","$","?","?","M","R","E"],"build_version":"2018-06-28","purchased_purges":3,"victory":false,"max_hp_per_floor":[75,75,75,75,75,75,75,75,75,75,75,75,75,75,75,75,75,75,75,75,75,75,75,75],"card_choices":[{"not_picked":["Gash","Redo"],"picked":"Go for the Eyes","floor":1},{"not_picked":["Redo","Beam Cell"],"picked":"Glacier","floor":5},{"not_picked":["Rebound","Steam"],"picked":"Conserve Battery","floor":6},{"not_picked":["Scrape","Streamline"],"picked":"Creative AI","floor":13},{"not_picked":["Go for the Eyes","Leap"],"picked":"Beam Cell","floor":14},{"not_picked":["Machine Learning","Meteor Strike"],"picked":"Buffer","floor":16},{"not_picked":[],"picked":"Recycle","floor":18},{"not_picked":["Reprogram"],"picked":"SKIP","floor":21},{"not_picked":["Coolheaded"],"picked":"SKIP","floor":22}],"player_experience":906640,"relics_obtained":[{"floor":6,"key":"Thread and Needle"},{"floor":9,"key":"Omamori"},{"floor":13,"key":"Pantograph"}],"event_choices":[{"event_name":"World of Goop","player_choice":"Gather Gold","floor":3,"damage_taken":0},{"event_name":"Golden Wing","player_choice":"Card Removal","floor":4,"damage_taken":0},{"event_name":"Match and Keep!","player_choice":"2 cards matched","floor":20,"damage_taken":0}],"boss_relics":[{"not_picked":["White Beast Statue","Runic Dome"],"picked":"Busted Crown"}],"items_purged_floors":[2,7,19],"is_endless":false,"potions_floor_spawned":[6,13,16],"killed_by":"Gremlin Leader","ascension_level":7}