{"gold_per_floor":[110,7,7,7,157,189,189,189,189,216,216,216,230,240,240,240],"floor_reached":16,"playtime":481,"items_purged":["Strike_R"],"score":304,"play_id":"ee586952-d7c4-4240-aea4-c660c621ce5f","local_time":"20190226192845","is_ascension_mode":true,"campfire_choices":[{"data":"True Grit","floor":7,"key":"SMITH"},{"data":"Flex","floor":15,"key":"SMITH"}],"neow_cost":"NONE","seed_source_timestamp":349119480815333,"circlet_count":0,"master_deck":["AscendersBane","Strike_R","Strike_R","Strike_R","Strike_R","Defend_R","Defend_R","Defend_R","Defend_R","Bash","Flex+1","Regret","Doubt","True Grit+1","Feed","Cleave","Headbutt"],"relics":["Burning Blood","NeowsBlessing","Lantern","Pear","Art of War","Bottled Flame","Bronze Scales","Oddly Smooth Stone","CultistMask"],"potions_floor_usage":[16,16],"damage_taken":[{"damage":0,"enemies":"Cultist","floor":1,"turns":1},{"damage":0,"enemies":"Gremlin Nob","floor":6,"turns":1},{"damage":0,"enemies":"Lagavulin","floor":10,"turns":2},{"damage":1,"enemies":"2 Louse","floor":13,"turns":3},{"damage":12,"enemies":"Jaw Worm","floor":14,"turns":2},{"damage":89,"enemies":"The Guardian","floor":16,"turns":11}],"seed_played":"-4150111291973690","potions_obtained":[{"floor":1,"key":"Block Potion"},{"floor":6,"key":"Energy Potion"}],"is_trial":false,"path_per_floor":["M","$","?","$","?","E","R","?","T","E","T","?","M","M","R","B"],"character_chosen":"IRONCLAD","items_purchased":["Flex"],"campfire_rested":0,"item_purchase_floors":[2],"current_hp_per_floor":[74,74,74,74,74,85,85,80,80,85,85,85,88,85,85,0],"gold":240,"neow_bonus":"THREE_ENEMY_KILL","is_prod":false,"is_daily":false,"chose_seed":false,"campfire_upgraded":2,"win_rate":0,"timestamp":1551234525,"path_taken":["M","?","?","$","?","E","R","?","T","E","?","?","?","M","R","BOSS"],"build_version":"2019-01-23","purchased_purges":1,"victory":false,"max_hp_per_floor":[75,75,75,75,75,85,85,85,85,85,85,85,88,91,91,91],"card_choices":[{"not_picked":["Combust","Sword Boomerang","Warcry"],"picked":"SKIP","floor":1},{"not_picked":["Pommel Strike","Spot Weakness"],"picked":"True Grit","floor":6},{"not_picked":["Ghostly Armor","Battle Trance"],"picked":"Feed","floor":10},{"not_picked":["Sword Boomerang","Combust"],"picked":"Cleave","floor":13},{"not_picked":["Heavy Blade","Reckless Charge"],"picked":"Headbutt","floor":14}],"player_experience":1267364,"relics_obtained":[{"floor":6,"key":"Pear"},{"floor":9,"key":"Bottled Flame"},{"floor":10,"key":"Bronze Scales"},{"floor":11,"key":"Oddly Smooth Stone"}],"event_choices":[{"damage_healed":0,"gold_gain":0,"player_choice":"Box","damage_taken":0,"relics_obtained":["Lantern"],"max_hp_gain":0,"max_hp_loss":0,"event_name":"Big Fish","floor":3,"gold_loss":0,"cards_obtained":["Regret"]},{"damage_healed":0,"gold_gain":150,"player_choice":"AGREE","damage_taken":0,"max_hp_gain":0,"max_hp_loss":0,"event_name":"Liars Game","floor":5,"gold_loss":0,"cards_obtained":["Doubt"]},{"damage_healed":0,"gold_gain":0,"player_choice":"Success","damage_taken":5,"relics_obtained":["Art of War"],"max_hp_gain":0,"max_hp_loss":0,"event_name":"Scrap Ooze","floor":8,"gold_loss":0},{"damage_healed":0,"gold_gain":0,"player_choice":"Trade","damage_taken":0,"relics_obtained":["CultistMask"],"max_hp_gain":0,"max_hp_loss":0,"event_name":"FaceTrader","floor":12,"gold_loss":0}],"is_beta":false,"boss_relics":[],"items_purged_floors":[2],"is_endless":false,"potions_floor_spawned":[1,6],"killed_by":"The Guardian","ascension_level":19}