{"gold_per_floor":[16,32,32,32,42,42,57,57,57,57,118,43,72,72,72,72],"floor_reached":16,"playtime":674,"items_purged":["Strike_R"],"score":196,"play_id":"a855f41a-8fe7-47ba-a6c2-e90fd2b49898","local_time":"20190307014227","is_ascension_mode":true,"campfire_choices":[{"floor":6,"key":"REST"},{"data":"Uppercut","floor":8,"key":"SMITH"},{"data":"Double Tap","floor":10,"key":"SMITH"},{"floor":15,"key":"REST"}],"neow_cost":"NO_GOLD","seed_source_timestamp":8180779721478,"circlet_count":0,"master_deck":["AscendersBane","Strike_R","Strike_R","Strike_R","Defend_R","Defend_R","Defend_R","Defend_R","Bash","Dropkick","Shockwave","Uppercut+1","Double Tap+1","Intimidate","Entrench"],"relics":["Burning Blood","Champion Belt","Question Card","Pear","Pantograph","Bag of Preparation","Golden Idol"],"potions_floor_usage":[7,16],"damage_taken":[{"damage":7,"enemies":"Small Slimes","floor":1,"turns":4},{"damage":4,"enemies":"Jaw Worm","floor":2,"turns":4},{"damage":0,"enemies":"Cultist","floor":5,"turns":4},{"damage":8,"enemies":"Looter","floor":7,"turns":4},{"damage":8,"enemies":"Gremlin Nob","floor":11,"turns":3},{"damage":46,"enemies":"3 Sentries","floor":13,"turns":12},{"damage":74,"enemies":"Slime Boss","floor":16,"turns":7}],"seed_played":"-6512398118013245883","potions_obtained":[{"floor":2,"key":"Block Potion"},{"floor":13,"key":"GamblersBrew"}],"is_trial":false,"path_per_floor":["M","M","?","?","M","R","M","R","T","R","?","$","E","?","R","B"],"character_chosen":"IRONCLAD","items_purchased":[],"campfire_rested":2,"item_purchase_floors":[],"current_hp_per_floor":[67,69,34,27,33,55,53,53,63,63,61,61,21,21,44,0],"gold":72,"neow_bonus":"ONE_RARE_RELIC","is_prod":false,"is_daily":false,"chose_seed":false,"campfire_upgraded":2,"win_rate":0,"timestamp":1551948147,"path_taken":["M","M","?","?","M","R","M","R","T","R","?","$","E","?","R","BOSS"],"build_version":"2019-01-23","purchased_purges":1,"victory":false,"max_hp_per_floor":[75,75,75,75,75,75,75,75,85,85,85,85,85,77,77,77],"card_choices":[{"not_picked":["Perfected Strike","True Grit"],"picked":"Dropkick","floor":1},{"not_picked":["True Grit","Heavy Blade"],"picked":"Shockwave","floor":2},{"not_picked":["Perfected Strike","Iron Wave","Havoc"],"picked":"Uppercut","floor":5},{"not_picked":["Twin Strike","Perfected Strike","Warcry"],"picked":"Double Tap","floor":7},{"not_picked":["Twin Strike","Headbutt","Iron Wave"],"picked":"Intimidate","floor":11},{"not_picked":["Fire Breathing","Clash","True Grit"],"picked":"Entrench","floor":13}],"player_experience":1371509,"relics_obtained":[{"floor":9,"key":"Pear"},{"floor":11,"key":"Pantograph"},{"floor":13,"key":"Bag of Preparation"}],"event_choices":[{"damage_healed":0,"gold_gain":0,"player_choice":"Success","damage_taken":35,"relics_obtained":["Question Card"],"max_hp_gain":0,"max_hp_loss":0,"event_name":"Scrap Ooze","floor":3,"gold_loss":0},{"cards_removed":["Strike_R"],"damage_healed":0,"gold_gain":0,"player_choice":"Card Removal","damage_taken":7,"max_hp_gain":0,"max_hp_loss":0,"event_name":"Golden Wing","floor":4,"gold_loss":0},{"damage_healed":0,"gold_gain":30,"player_choice":"Searched \u00273\u0027 times","damage_taken":0,"max_hp_gain":0,"max_hp_loss":0,"event_name":"Dead Adventurer","floor":11,"gold_loss":0},{"damage_healed":0,"gold_gain":0,"player_choice":"Lose Max HP","damage_taken":0,"relics_obtained":["Golden Idol"],"max_hp_gain":0,"max_hp_loss":8,"event_name":"Golden Idol","floor":14,"gold_loss":0}],"is_beta":false,"boss_relics":[],"items_purged_floors":[12],"is_endless":false,"potions_floor_spawned":[2,13],"killed_by":"Slime Boss","ascension_level":20}