{"gold_per_floor":[118,118,9,284,8,43,43,62,62,62,96,96,114,146,146,219,219,229,241,41,60,60],"floor_reached":22,"playtime":1487,"items_purged":["Strike_G","Regret"],"score":397,"play_id":"c0b4df69-06c7-4297-9b63-d41f6552387a","local_time":"20190213021213","is_ascension_mode":true,"campfire_choices":[{"data":"Neutralize","floor":7,"key":"SMITH"},{"data":"Leg Sweep","floor":10,"key":"SMITH"},{"floor":12,"key":"REST"},{"floor":15,"key":"REST"}],"neow_cost":"NONE","seed_source_timestamp":2091759427595,"circlet_count":0,"master_deck":["AscendersBane","Defend_G","Defend_G","Defend_G","Defend_G","Defend_G","Strike_G","Strike_G","Strike_G","Strike_G","Survivor","Neutralize+1","Backflip","Leg Sweep+1","Poisoned Stab","Prepared","Prepared","Infinite Blades","Corpse Explosion","Backstab","Envenom","Tactician","Dash+1","Noxious Fumes","Bane","Terror"],"relics":["Ring of the Snake","NeowsBlessing","Potion Belt","Matryoshka","Bottled Flame","Pen Nib","Mango","Question Card","The Specimen","Philosopher\u0027s Stone"],"potions_floor_usage":[11,16,16,21,22],"damage_taken":[{"damage":0,"enemies":"Jaw Worm","floor":1,"turns":1},{"damage":0,"enemies":"3 Sentries","floor":6,"turns":2},{"damage":0,"enemies":"Small Slimes","floor":8,"turns":1},{"damage":23,"enemies":"Lagavulin","floor":11,"turns":10},{"damage":0,"enemies":"Cultist","floor":13,"turns":4},{"damage":9,"enemies":"3 Sentries","floor":14,"turns":5},{"damage":29,"enemies":"Slime Boss","floor":16,"turns":12},{"damage":33,"enemies":"Spheric Guardian","floor":18,"turns":7},{"damage":15,"enemies":"Shell Parasite","floor":19,"turns":7},{"damage":19,"enemies":"Snake Plant","floor":21,"turns":6},{"damage":12,"enemies":"Sentry and Sphere","floor":22,"turns":3}],"seed_played":"-5787371983976777001","potions_obtained":[{"floor":6,"key":"Block Potion"},{"floor":11,"key":"Swift Potion"},{"floor":14,"key":"FearPotion"},{"floor":19,"key":"AttackPotion"},{"floor":21,"key":"Poison Potion"}],"is_trial":false,"path_per_floor":["M","?","$","?","$","E","R","M","T","R","E","R","M","E","R","B",null,"M","M","$","M","M"],"character_chosen":"THE_SILENT","items_purchased":["Leg Sweep","Matryoshka","Poisoned Stab","Noxious Fumes","Bane"],"campfire_rested":2,"item_purchase_floors":[3,5,5,20,20],"current_hp_per_floor":[59,33,33,33,33,33,33,33,47,47,24,48,48,39,63,34,69,36,21,21,2,0],"gold":60,"neow_bonus":"THREE_ENEMY_KILL","is_prod":false,"is_daily":false,"chose_seed":false,"campfire_upgraded":2,"win_rate":0,"timestamp":1550049133,"path_taken":["M","?","$","?","$","E","R","M","T","R","E","R","?","E","R","BOSS","M","?","?","?","M"],"build_version":"2019-01-23","purchased_purges":2,"victory":false,"max_hp_per_floor":[66,66,66,66,66,66,66,66,80,80,80,80,80,80,80,80,80,80,80,80,80,80],"card_choices":[{"not_picked":["Prepared","Deadly Poison"],"picked":"Backflip","floor":1},{"not_picked":["Catalyst","Outmaneuver"],"picked":"Prepared","floor":6},{"not_picked":["Masterful Stab","Deadly Poison"],"picked":"Prepared","floor":8},{"not_picked":["Cloak And Dagger","PiercingWail"],"picked":"Infinite Blades","floor":11},{"not_picked":["Underhanded Strike","PiercingWail","Flying Knee"],"picked":"Corpse Explosion","floor":13},{"not_picked":["Outmaneuver","Infinite Blades","Deadly Poison"],"picked":"Backstab","floor":14},{"not_picked":["Grand Finale","Adrenaline","Wraith Form v2"],"picked":"Envenom","floor":16},{"not_picked":["Accuracy","PiercingWail","Predator"],"picked":"Tactician","floor":18},{"not_picked":["PiercingWail","Slice","Escape Plan"],"picked":"Dash+1","floor":19},{"not_picked":["Prepared","Flechettes","Underhanded Strike+1"],"picked":"Terror","floor":21}],"player_experience":1100639,"relics_obtained":[{"floor":6,"key":"Bottled Flame"},{"floor":9,"key":"Pen Nib"},{"floor":9,"key":"Mango"},{"floor":11,"key":"Question Card"},{"floor":14,"key":"The Specimen"}],"event_choices":[{"damage_healed":0,"gold_gain":0,"player_choice":"Success","damage_taken":26,"relics_obtained":["Potion Belt"],"max_hp_gain":0,"max_hp_loss":0,"event_name":"Scrap Ooze","floor":2,"gold_loss":0},{"damage_healed":0,"gold_gain":275,"player_choice":"Desecrate","damage_taken":0,"max_hp_gain":0,"max_hp_loss":0,"event_name":"Golden Shrine","floor":4,"gold_loss":0,"cards_obtained":["Regret"]}],"is_beta":false,"boss_relics":[{"not_picked":["Runic Pyramid","Sozu"],"picked":"Philosopher\u0027s Stone"}],"items_purged_floors":[3,20],"is_endless":false,"potions_floor_spawned":[6,11,14,19,21],"killed_by":"Sentry and Sphere","ascension_level":15}