{"path_per_floor":["M","$","?","M","M","E","R","E","T","M","M","E","M","M","R","B",null,"M","M","$","?"],"character_chosen":"DEFECT","items_purchased":["Ancient Tea Set"],"gold_per_floor":[110,35,35,45,60,94,94,125,125,141,158,190,203,213,213,308,308,323,336,82,82,82],"floor_reached":22,"campfire_rested":1,"playtime":1092,"item_purchase_floors":[20],"current_hp_per_floor":[75,75,75,75,75,52,52,33,33,36,38,23,19,10,32,29,75,51,27,27,27,0],"items_purged":["Strike_B","Normality"],"gold":82,"score":254,"play_id":"80dbd0a2-9b48-40a7-a22f-47975a75e1f3","local_time":"20180601213600","is_prod":false,"is_daily":false,"chose_seed":false,"is_ascension_mode":true,"campfire_upgraded":1,"win_rate":0,"timestamp":1527910560,"campfire_choices":[{"data":"Static Discharge","floor":7,"key":"SMITH"},{"floor":15,"key":"REST"}],"path_taken":["M","$","?","M","?","E","R","E","T","M","M","E","?","M","R","BOSS","M","M","$","?","?"],"build_version":"2018-05-31","seed_source_timestamp":186358768503894,"purchased_purges":2,"victory":false,"master_deck":["Defend_B","Defend_B","Defend_B","Defend_B","Zap","Dualcast","Go for the Eyes","White Noise","Static Discharge+1","Beam Cell","Doom and Gloom","Self Repair","Heatsinks","FTL","Fusion","White Noise","Amplify","Doubt","Injury","Self Repair","Redo","Bite","Bite","Bite","Bite","Bite"],"max_hp_per_floor":[75,75,75,75,75,75,75,75,75,75,75,75,75,75,75,75,75,75,75,75,52,52],"relics":["Cracked Core","NeowsBlessing","Pantograph","Potion Belt","Bottled Flame","Ginger","Calling Bell","Lantern","Ornamental Fan","Ice Cream","Ancient Tea Set"],"card_choices":[{"not_picked":["Coolheaded","Barrage"],"picked":"Go for the Eyes","floor":1},{"not_picked":["Leap","Conserve Battery"],"picked":"Static Discharge","floor":4},{"not_picked":["Hologram","Go for the Eyes"],"picked":"Beam Cell","floor":5},{"not_picked":["Reboot","BootSequence"],"picked":"Doom and Gloom","floor":6},{"not_picked":["Loop","Glacier"],"picked":"Self Repair","floor":8},{"not_picked":["Gash","Sunder"],"picked":"Heatsinks","floor":10},{"not_picked":["Undo","Aggregate","Compile Driver"],"picked":"SKIP","floor":11},{"not_picked":["Sunder","Reprogram"],"picked":"FTL","floor":12},{"not_picked":["Stack","Coolheaded"],"picked":"Fusion","floor":13},{"not_picked":["Ball Lightning","Chaos"],"picked":"White Noise","floor":14},{"not_picked":["Meteor Strike","Machine Learning"],"picked":"Amplify","floor":16},{"not_picked":["Double Energy","Fusion"],"picked":"Self Repair","floor":18},{"not_picked":["Conserve Battery","Skim"],"picked":"Redo","floor":19}],"player_experience":849174,"potions_floor_usage":[12,12,16,22],"damage_taken":[{"damage":0,"enemies":"2 Louse","floor":1,"turns":1},{"damage":0,"enemies":"Cultist","floor":4,"turns":1},{"damage":0,"enemies":"Small Slimes","floor":5,"turns":1},{"damage":23,"enemies":"Gremlin Nob","floor":6,"turns":4},{"damage":19,"enemies":"3 Sentries","floor":8,"turns":4},{"damage":4,"enemies":"Red Slaver","floor":10,"turns":3},{"damage":5,"enemies":"3 Louse","floor":11,"turns":3},{"damage":22,"enemies":"Gremlin Nob","floor":12,"turns":3},{"damage":4,"enemies":"Blue Slaver","floor":13,"turns":2},{"damage":9,"enemies":"Exordium Wildlife","floor":14,"turns":2},{"damage":35,"enemies":"Slime Boss","floor":16,"turns":6},{"damage":38,"enemies":"Shell Parasite","floor":18,"turns":6},{"damage":31,"enemies":"2 Thieves","floor":19,"turns":4},{"damage":61,"enemies":"3 Cultists","floor":22,"turns":4}],"relics_obtained":[{"floor":6,"key":"Pantograph"},{"floor":8,"key":"Potion Belt"},{"floor":9,"key":"Bottled Flame"},{"floor":12,"key":"Ginger"},{"floor":17,"key":"Lantern"},{"floor":17,"key":"Ornamental Fan"},{"floor":17,"key":"Ice Cream"}],"event_choices":[{"event_name":"Transmorgrifier","player_choice":"Transform","floor":3,"damage_taken":0},{"event_name":"Vampires","player_choice":"Became a vampire","floor":21,"damage_taken":0}],"boss_relics":[{"not_picked":["Pandora\u0027s Box","Tiny House"],"picked":"Calling Bell"}],"items_purged_floors":[2,20],"potions_floor_spawned":[4,6,11,14,19],"seed_played":"8437045883923183533","killed_by":"3 Cultists","ascension_level":2,"potions_obtained":[{"floor":4,"key":"FairyPotion"},{"floor":6,"key":"Poison Potion"},{"floor":11,"key":"Energy Potion"},{"floor":14,"key":"Fire Potion"},{"floor":19,"key":"SkillPotion"}],"is_trial":false}