{"gold_per_floor":[118,133,144,23,73,73,106,106,106,138,150,180,204,214,214,288,288,308,233,249,249,3,36,36,63,63,89,89,117,117,96,96,169,169,185,13,60,60,71,71,71,71,71,100,0,0,28,40,40,40],"floor_reached":51,"playtime":4403,"items_purged":["Normality","Strike_R","Regret"],"score":1416,"play_id":"374fc305-8436-4ed9-bc36-e0ac63f5cd0d","local_time":"20190210135429","is_ascension_mode":true,"campfire_choices":[{"data":"Whirlwind","floor":6,"key":"SMITH"},{"data":"Body Slam","floor":8,"key":"SMITH"},{"data":"Iron Wave","floor":15,"key":"SMITH"},{"data":"Iron Wave","floor":24,"key":"SMITH"},{"data":"Offering","floor":28,"key":"SMITH"},{"data":"Exhume","floor":30,"key":"SMITH"},{"data":"Body Slam","floor":32,"key":"SMITH"},{"data":"Battle Trance","floor":40,"key":"SMITH"},{"floor":42,"key":"REST"},{"data":"True Grit","floor":49,"key":"SMITH"}],"neow_cost":"CURSE","seed_source_timestamp":1966282096300108,"circlet_count":0,"master_deck":["AscendersBane","Strike_R","Strike_R","Strike_R+1","Defend_R","Defend_R","Defend_R","Defend_R","Bash","Iron Wave+1","Whirlwind+1","Thunderclap","Body Slam+1","Ghostly Armor","Battle Trance+1","Offering+1","Impervious","Iron Wave+1","Spot Weakness","Reaper","Exhume+1","Evolve","Shrug It Off+1","Body Slam+1","Dark Embrace","Flex","Feel No Pain","Feel No Pain","Rage","Madness","Madness","True Grit+1"],"relics":["Burning Blood","Magic Flower","Calipers","StoneCalendar","Juzu Bracelet","Centennial Puzzle","Odd Mushroom","Busted Crown","Kunai","Shuriken","Letter Opener","The Courier","Pantograph","Singing Bowl","Cursed Key","Mango","Self Forming Clay","Oddly Smooth Stone","Ice Cream"],"potions_floor_usage":[10,12,16,16,25,27,29,44,44,48],"damage_taken":[{"damage":4,"enemies":"2 Louse","floor":1,"turns":3},{"damage":9,"enemies":"Cultist","floor":2,"turns":5},{"damage":3,"enemies":"Small Slimes","floor":3,"turns":5},{"damage":30,"enemies":"Gremlin Nob","floor":7,"turns":5},{"damage":15,"enemies":"3 Sentries","floor":10,"turns":6},{"damage":1,"enemies":"Exordium Thugs","floor":11,"turns":3},{"damage":28,"enemies":"Lagavulin","floor":12,"turns":7},{"damage":2,"enemies":"The Mushroom Lair","floor":13,"turns":2},{"damage":6,"enemies":"Exordium Wildlife","floor":14,"turns":2},{"damage":22,"enemies":"Hexaghost","floor":16,"turns":7},{"damage":3,"enemies":"3 Byrds","floor":18,"turns":4},{"damage":0,"enemies":"Chosen","floor":20,"turns":3},{"damage":46,"enemies":"Gremlin Leader","floor":23,"turns":6},{"damage":6,"enemies":"Book of Stabbing","floor":25,"turns":3},{"damage":37,"enemies":"Gremlin Leader","floor":27,"turns":5},{"damage":25,"enemies":"Slavers","floor":29,"turns":4},{"damage":34,"enemies":"Champ","floor":33,"turns":7},{"damage":6,"enemies":"Orb Walker","floor":35,"turns":3},{"damage":20,"enemies":"2 Orb Walkers","floor":37,"turns":4},{"damage":29,"enemies":"3 Darklings","floor":39,"turns":7},{"damage":38,"enemies":"Nemesis","floor":44,"turns":9},{"damage":65,"enemies":"Reptomancer","floor":47,"turns":7},{"damage":16,"enemies":"Jaw Worm Horde","floor":48,"turns":4},{"damage":35,"enemies":"Time Eater","floor":50,"turns":10}],"seed_played":"5645754451310850998","potions_obtained":[{"floor":1,"key":"Explosive Potion"},{"floor":10,"key":"Dexterity Potion"},{"floor":11,"key":"Regen Potion"},{"floor":13,"key":"Dexterity Potion"},{"floor":18,"key":"Explosive Potion"},{"floor":23,"key":"PowerPotion"},{"floor":27,"key":"Regen Potion"},{"floor":35,"key":"BloodPotion"},{"floor":41,"key":"Energy Potion"},{"floor":47,"key":"Energy Potion"},{"floor":48,"key":"Fruit Juice"}],"is_trial":false,"path_per_floor":["M","M","M","$","?","R","E","R","T","E","M","E","?","M","R","B",null,"M","?","M","T","$","E","R","E","T","E","R","E","R","$","R","B",null,"M","$","?","?","M","R","?","R","T","E","$","?","E","M","R","B",null],"character_chosen":"IRONCLAD","items_purchased":["Body Slam","Exhume","Body Slam","Feel No Pain","Feel No Pain","Rage"],"campfire_rested":1,"item_purchase_floors":[4,22,31,36,36,36],"current_hp_per_floor":[73,73,75,75,75,75,54,54,54,48,56,61,68,71,71,58,71,75,75,75,75,75,50,50,64,64,54,54,57,57,57,57,50,69,75,75,91,75,57,57,57,84,84,83,83,83,27,80,80,94],"gold":40,"neow_bonus":"ONE_RARE_RELIC","is_prod":false,"is_daily":false,"chose_seed":false,"campfire_upgraded":9,"win_rate":0,"timestamp":1549832069,"path_taken":["M","M","M","$","?","R","E","R","T","E","M","E","?","M","R","BOSS","M","?","M","?","?","E","R","E","T","E","R","E","R","$","R","BOSS","M","$","?","?","M","R","?","R","T","E","$","?","E","M","R","BOSS"],"build_version":"2019-01-23","purchased_purges":3,"victory":true,"max_hp_per_floor":[75,75,75,75,75,75,75,75,75,75,75,75,75,75,75,75,75,75,75,75,75,75,75,75,75,75,75,75,75,75,75,75,75,75,75,75,91,91,93,93,93,93,93,95,95,95,95,102,102,102],"card_choices":[{"not_picked":["Carnage","Clothesline"],"picked":"Iron Wave","floor":1},{"not_picked":["Clothesline","Battle Trance"],"picked":"Whirlwind","floor":2},{"not_picked":["Armaments","Anger"],"picked":"Thunderclap","floor":3},{"not_picked":["Headbutt","Clothesline"],"picked":"Ghostly Armor","floor":7},{"not_picked":["Perfected Strike","Fire Breathing"],"picked":"Battle Trance","floor":10},{"not_picked":["True Grit","Clothesline"],"picked":"Offering","floor":11},{"not_picked":["Cleave","Body Slam"],"picked":"Impervious","floor":12},{"not_picked":["Cleave","Perfected Strike"],"picked":"Iron Wave","floor":13},{"not_picked":["Rampage","Searing Blow"],"picked":"Spot Weakness","floor":14},{"not_picked":["Dark Embrace","Juggernaut"],"picked":"Reaper","floor":16},{"not_picked":["Wild Strike"],"picked":"SKIP","floor":18},{"not_picked":["Clothesline"],"picked":"SKIP","floor":20},{"not_picked":["Clash"],"picked":"SKIP","floor":23},{"not_picked":[],"picked":"Evolve","floor":25},{"not_picked":["Thunderclap"],"picked":"SKIP","floor":27},{"not_picked":[],"picked":"Shrug It Off+1","floor":29},{"not_picked":[],"picked":"Dark Embrace","floor":33},{"not_picked":[],"picked":"Flex","floor":35},{"not_picked":["Shrug It Off"],"picked":"Singing Bowl","floor":37},{"not_picked":["Flex"],"picked":"Singing Bowl","floor":39},{"not_picked":["Battle Trance"],"picked":"Singing Bowl","floor":44},{"not_picked":[],"picked":"True Grit","floor":47},{"not_picked":["Twin Strike"],"picked":"Singing Bowl","floor":48}],"player_experience":1052880,"relics_obtained":[{"floor":7,"key":"Calipers"},{"floor":9,"key":"StoneCalendar"},{"floor":10,"key":"Juzu Bracelet"},{"floor":12,"key":"Centennial Puzzle"},{"floor":13,"key":"Odd Mushroom"},{"floor":21,"key":"Kunai"},{"floor":23,"key":"Shuriken"},{"floor":25,"key":"Letter Opener"},{"floor":26,"key":"The Courier"},{"floor":27,"key":"Pantograph"},{"floor":29,"key":"Singing Bowl"},{"floor":37,"key":"Mango"},{"floor":43,"key":"Self Forming Clay"},{"floor":44,"key":"Oddly Smooth Stone"},{"floor":47,"key":"Ice Cream"}],"event_choices":[{"damage_healed":0,"gold_gain":50,"player_choice":"Pray","damage_taken":0,"max_hp_gain":0,"max_hp_loss":0,"event_name":"Golden Shrine","floor":5,"gold_loss":0},{"damage_healed":0,"gold_gain":0,"player_choice":"Fought Mushrooms","damage_taken":0,"max_hp_gain":0,"max_hp_loss":0,"event_name":"Mushrooms","floor":13,"gold_loss":0},{"cards_removed":["Strike_R"],"damage_healed":0,"gold_gain":0,"player_choice":"Gave Gold","damage_taken":0,"max_hp_gain":0,"max_hp_loss":0,"event_name":"Beggar","floor":19,"gold_loss":75},{"damage_healed":0,"gold_gain":0,"player_choice":"Fight","damage_taken":0,"max_hp_gain":0,"max_hp_loss":0,"event_name":"Mysterious Sphere","floor":37,"gold_loss":0},{"damage_healed":0,"gold_gain":0,"player_choice":"Embrace Madness","damage_taken":16,"max_hp_gain":0,"max_hp_loss":0,"event_name":"Winding Halls","floor":38,"gold_loss":0,"cards_obtained":["Madness","Madness"]},{"damage_healed":0,"gold_gain":0,"player_choice":"Got Potions","damage_taken":0,"max_hp_gain":0,"max_hp_loss":0,"event_name":"Lab","floor":41,"gold_loss":0},{"damage_healed":0,"gold_gain":0,"player_choice":"Forge","damage_taken":0,"max_hp_gain":0,"max_hp_loss":0,"event_name":"Accursed Blacksmith","floor":46,"gold_loss":0,"cards_upgraded":["Strike_R"]}],"is_beta":false,"boss_relics":[{"not_picked":["Snecko Eye","Philosopher\u0027s Stone"],"picked":"Busted Crown"},{"not_picked":["Lizard Tail","Black Blood"],"picked":"Cursed Key"}],"items_purged_floors":[4,22,45],"is_endless":false,"potions_floor_spawned":[1,10,11,13,14,18,23,27,35,47,48],"ascension_level":15}