{"path_per_floor":["M","?","M","?","M","E","R","M","T","M","$","M","?","?","R","B",null,"M","?","M","M","M","R","M","?","T","R","$","M","$","M","R"],"character_chosen":"THE_SILENT","items_purchased":["Dagger Spray","Well Laid Plans","Pear"],"gold_per_floor":[119,119,135,135,148,179,179,149,149,165,139,157,157,211,211,335,335,359,359,383,408,433,433,458,458,539,539,388,408,151,172,172,172],"floor_reached":33,"campfire_rested":5,"playtime":3590,"current_hp_per_floor":[70,70,70,70,70,38,60,60,60,60,60,59,59,59,75,16,75,50,50,45,29,11,33,24,15,15,37,37,6,16,10,35,0],"items_purged":["Injury"],"gold":172,"score":274,"play_id":"08e17e7d-291e-4782-8bea-88ca9ca5998d","local_time":"20180513195936","is_prod":false,"is_daily":false,"chose_seed":false,"is_ascension_mode":false,"campfire_upgraded":0,"timestamp":1526209176,"path_taken":["M","?","M","?","M","E","R","?","T","M","$","M","?","?","R","BOSS","M","?","M","M","M","R","M","?","T","R","$","M","$","?","R","BOSS"],"build_version":"2018-05-10","seed_source_timestamp":31705959265484,"purchased_purges":3,"victory":false,"master_deck":["Defend_G","Defend_G","Defend_G","Defend_G","Defend_G","Strike_G","Strike_G","Strike_G","Strike_G","Strike_G","Survivor","Neutralize+1","Choke","Quick Slash","Backflip","Skewer","Backstab","Leg Sweep","Dagger Spray","Flying Knee","Envenom","Quick Slash+1","Escape Plan","Terror+1","Prepared+1","All Out Attack","Well Laid Plans","Endless Agony","Deadly Poison"],"max_hp_per_floor":[70,70,70,70,70,75,75,75,75,75,75,75,75,75,75,75,75,75,75,75,75,75,75,75,75,75,75,75,75,85,85,85,85],"relics":["Ring of the Snake","Shuriken","Bag of Marbles","Golden Idol","Black Star","Tough Bandages","Pear"],"card_choices":[{"not_picked":["Acrobatics","Deflect"],"picked":"Choke","floor":1.0},{"not_picked":["Underhanded Strike","Sucker Punch"],"picked":"Quick Slash","floor":3.0},{"not_picked":["Acrobatics","Escape Plan"],"picked":"Backflip","floor":5.0},{"not_picked":["Die Die Die","Night Terror"],"picked":"Skewer","floor":6.0},{"not_picked":["Dagger Spray","Footwork"],"picked":"Backstab","floor":8.0},{"not_picked":["Eviscerate","Backflip"],"picked":"Leg Sweep","floor":10.0},{"not_picked":["Quick Slash","Acrobatics"],"picked":"Flying Knee","floor":12.0},{"not_picked":["Glass Knife","Night Terror"],"picked":"Envenom","floor":16.0},{"not_picked":["Sucker Punch","Backflip"],"picked":"Quick Slash","floor":18},{"not_picked":["Underhanded Strike","Quick Slash"],"picked":"Escape Plan","floor":20},{"not_picked":["Malaise","Slice"],"picked":"Terror","floor":21},{"not_picked":["Deadly Poison","Dagger Throw"],"picked":"Prepared","floor":22},{"not_picked":["Quick Slash","Outmaneuver"],"picked":"All Out Attack","floor":24},{"not_picked":["Sucker Punch","Predator"],"picked":"Endless Agony","floor":29},{"not_picked":["Bouncing Flask","Terror"],"picked":"Deadly Poison","floor":31}],"player_experience":5128,"potions_floor_usage":[21,22,24,33,33],"damage_taken":[{"damage":0.0,"enemies":"2 Louse","floor":1.0,"turns":5.0},{"damage":0.0,"enemies":"Cultist","floor":3.0,"turns":3.0},{"damage":0.0,"enemies":"Small Slimes","floor":5.0,"turns":3.0},{"damage":37.0,"enemies":"Lagavulin","floor":6.0,"turns":12.0},{"damage":0.0,"enemies":"Looter","floor":8.0,"turns":4.0},{"damage":0.0,"enemies":"Blue Slaver","floor":10.0,"turns":2.0},{"damage":1.0,"enemies":"Exordium Thugs","floor":12.0,"turns":3.0},{"damage":59.0,"enemies":"Hexaghost","floor":16.0,"turns":16.0},{"damage":25,"enemies":"3 Byrds","floor":18,"turns":6},{"damage":5,"enemies":"2 Thieves","floor":20,"turns":4},{"damage":16,"enemies":"Snake Plant","floor":21,"turns":3},{"damage":18,"enemies":"Cultist and Chosen","floor":22,"turns":6},{"damage":9,"enemies":"Centurion and Healer","floor":24,"turns":4},{"damage":31,"enemies":"Chosen and Byrds","floor":29,"turns":8},{"damage":6,"enemies":"Snecko","floor":31,"turns":5},{"damage":77,"enemies":"Automaton","floor":33,"turns":6}],"event_choices":[{"event_name":"Upgrade Shrine","player_choice":"Upgraded","floor":2.0,"damage_taken":0.0},{"event_name":"The Cleric","player_choice":"Leave","floor":4.0,"damage_taken":0.0},{"event_name":"Golden Idol","player_choice":"Take Wound","floor":13.0,"damage_taken":0.0},{"event_name":"Golden Wing","player_choice":"Gained Gold","floor":14.0,"damage_taken":0.0},{"event_name":"Vampires","player_choice":"Ignored","floor":19,"damage_taken":0},{"event_name":"Cursed Tome","player_choice":"Stopped","floor":25,"damage_taken":0}],"boss_relics":[{"not_picked":["Astrolabe","Orrery"],"picked":"Black Star"}],"potions_floor_spawned":[5,12,16,18,21,22,29],"seed_played":"-5054876257610571136","killed_by":"Automaton","ascension_level":0,"is_trial":false}