{"path_per_floor":["M","$","M","M","?","R","E","R","T","R","?","E","M","M","R","B",null,"M","$","?","?","?","R","M","R","T","E","$","R","E","M","R","B",null,"M","M","M","?","$","R","?","E","T","R","M","M","M","?","R","B"],"character_chosen":"DEFECT","items_purchased":["Cold Snap","Reinforced Body"],"gold_per_floor":[117,42,57,73,73,73,101,101,101,101,101,132,143,158,158,256,256,256,134,49,49,49,49,49,49,49,49,15,15,15,15,15,15,15,15,15,15,15,15,15,15,15,15,15,15,15,15,15,15,15],"floor_reached":51,"campfire_rested":5,"playtime":4397,"current_hp_per_floor":[72,72,65,64,46,46,20,42,42,42,75,71,61,61,61,19,66,58,58,58,42,42,66,57,57,57,54,54,54,29,13,37,6,63,63,63,69,69,69,69,61,26,26,65,80,74,69,69,82,53],"items_purged":["Defend_B","Strike_B"],"gold":15,"score":841,"play_id":"fde8d04e-66ad-433e-8c13-9df0756d9a33","local_time":"20180514230813","is_prod":false,"is_daily":false,"chose_seed":false,"is_ascension_mode":true,"campfire_upgraded":6,"timestamp":1526360893,"path_taken":["M","$","M","M","?","R","E","R","T","R","?","E","M","M","R","BOSS","M","$","?","?","?","R","M","R","T","E","$","R","E","?","R","BOSS","M","?","M","?","$","R","?","E","T","R","?","M","M","?","R","BOSS"],"build_version":"2018-05-12v2","seed_source_timestamp":436674191242851,"purchased_purges":2,"victory":true,"master_deck":["Strike_B+1","Strike_B+1","Strike_B+1","Defend_B+1","Defend_B+1","Zap+1","Dualcast+1","Consume+1","Beam Cell","Creative AI+1","Doom and Gloom","Sweeping Beam","Rainbow+1","Go for the Eyes","Cold Snap","FTL+1","Ball Lightning","Reinforced Body+1","Hyperbeam+1","Sweeping Beam+1","Amplify+1","Defragment","Self Repair+1"],"max_hp_per_floor":[75,75,75,75,75,75,75,75,75,75,75,82,82,82,82,82,82,82,82,82,82,82,82,82,82,82,82,82,82,82,82,82,82,82,82,82,82,82,82,82,82,82,82,82,82,82,82,82,82,82],"relics":["Cracked Core","Happy Flower","Letter Opener","Thread and Needle","Bottled Lightning","Strawberry","Ectoplasm","Ice Cream","Nilry\u0027s Codex","Cables","Orichalcum","Molten Egg 2","Black Star","Anchor","War Paint","Regal Pillow"],"card_choices":[{"not_picked":["Cold Snap","Chill"],"picked":"Consume","floor":1},{"not_picked":["Reprogram","Coolheaded","Steam Power"],"picked":"SKIP","floor":3},{"not_picked":["Barrage","Turbo"],"picked":"Beam Cell","floor":4},{"not_picked":["Lockon","Stack"],"picked":"Creative AI","floor":7},{"not_picked":["Chill","Blizzard"],"picked":"Doom and Gloom","floor":12},{"not_picked":["Hello World","Barrage","Beam Cell"],"picked":"SKIP","floor":13},{"not_picked":["Turbo","Reprogram"],"picked":"Sweeping Beam","floor":14},{"not_picked":["Electrodynamics","Thunder Strike"],"picked":"Rainbow","floor":16},{"not_picked":["Turbo","Darkness"],"picked":"Go for the Eyes","floor":18},{"not_picked":["Leap","Streamline"],"picked":"FTL+1","floor":24},{"not_picked":["Sweeping Beam+1","Stack"],"picked":"Ball Lightning","floor":27},{"not_picked":["Skim","Cold Snap+1"],"picked":"Hyperbeam","floor":30},{"not_picked":["Cold Snap+1","Steam"],"picked":"Sweeping Beam+1","floor":31},{"not_picked":["All For One+1","Creative AI"],"picked":"Amplify","floor":33},{"not_picked":["Ball Lightning+1","Turbo+1","Cold Snap+1"],"picked":"SKIP","floor":35},{"not_picked":["Capacitor+1","Turbo","Coolheaded+1"],"picked":"SKIP","floor":36},{"not_picked":["Ball Lightning+1","Go for the Eyes+1"],"picked":"Defragment","floor":37},{"not_picked":["Doom and Gloom+1","Beam Cell+1"],"picked":"Self Repair+1","floor":42},{"not_picked":["Steam Power","Streamline+1","Lockon+1"],"picked":"SKIP","floor":45},{"not_picked":["Go for the Eyes+1","Hologram","Turbo+1"],"picked":"SKIP","floor":46},{"not_picked":["Hologram+1","Axe Kick+1","Go for the Eyes+1"],"picked":"SKIP","floor":47}],"player_experience":120378,"potions_floor_usage":[7,16,27,27,27,30,42,50,50,50,50],"damage_taken":[{"damage":3,"enemies":"2 Louse","floor":1,"turns":2},{"damage":7,"enemies":"Jaw Worm","floor":3,"turns":2},{"damage":1,"enemies":"Cultist","floor":4,"turns":3},{"damage":26,"enemies":"3 Sentries","floor":7,"turns":5},{"damage":11,"enemies":"Gremlin Nob","floor":12,"turns":5},{"damage":10,"enemies":"2 Fungi Beasts","floor":13,"turns":3},{"damage":0,"enemies":"Large Slime","floor":14,"turns":3},{"damage":42,"enemies":"Hexaghost","floor":16,"turns":7},{"damage":8,"enemies":"Spheric Guardian","floor":18,"turns":4},{"damage":9,"enemies":"Shell Parasite","floor":24,"turns":3},{"damage":3,"enemies":"Gremlin Leader","floor":27,"turns":6},{"damage":32,"enemies":"Slavers","floor":30,"turns":5},{"damage":16,"enemies":"Snecko","floor":31,"turns":5},{"damage":31,"enemies":"Automaton","floor":33,"turns":9},{"damage":0,"enemies":"Orb Walker","floor":35,"turns":3},{"damage":0,"enemies":"3 Darklings","floor":36,"turns":3},{"damage":1,"enemies":"Flame Bruiser 2 Orb","floor":37,"turns":4},{"damage":45,"enemies":"Giant Head","floor":42,"turns":8},{"damage":5,"enemies":"Spire Growth","floor":45,"turns":5},{"damage":16,"enemies":"Sphere and 2 Shapes","floor":46,"turns":4},{"damage":15,"enemies":"Maw","floor":47,"turns":8},{"damage":43,"enemies":"Awakened One","floor":50,"turns":11}],"event_choices":[{"event_name":"Scrap Ooze","player_choice":"success","floor":5,"damage_taken":18},{"event_name":"Wheel of Change","player_choice":"Full Heal","floor":11,"damage_taken":0},{"event_name":"Addict","player_choice":"Obtained Relic","floor":20,"damage_taken":0},{"event_name":"Cursed Tome","player_choice":"Obtained Book","floor":21,"damage_taken":0},{"event_name":"Back to Basics","player_choice":"Simplicity","floor":22,"damage_taken":0},{"event_name":"Wheel of Change","player_choice":"Damage","floor":41,"damage_taken":0},{"event_name":"Accursed Blacksmith","player_choice":"Ignore","floor":48,"damage_taken":0}],"boss_relics":[{"not_picked":["Lizard Tail","Runic Pyramid"],"picked":"Ectoplasm"},{"not_picked":["Runic Dome","Tiny House"],"picked":"Black Star"}],"potions_floor_spawned":[3,4,12,16,24,27,35,42,47],"seed_played":"-8505472333141312468","ascension_level":5,"is_trial":false}