{"gold_per_floor":[114,124,124,143,143,143,158,174,174,174,209,209,238,273,273,350,400,415,432,450,450,468,468,468,23,23,23,55,55,55,55,55,133,133,152,126,126,145,245,245,255,255,282,295,325,325,42,58,58,58],"floor_reached":50,"playtime":2850,"items_purged":[],"score":1041,"play_id":"aecd90dc-723b-47e1-9a91-c0a263b8d2d7","local_time":"20190315215635","is_ascension_mode":true,"campfire_choices":[{"data":"Armaments","floor":6,"key":"SMITH"},{"data":"Mayhem","floor":10,"key":"SMITH"},{"floor":12,"key":"REST"},{"floor":15,"key":"REST"},{"floor":23,"key":"REST"},{"floor":24,"key":"REST"},{"data":"Whirlwind","floor":27,"key":"SMITH"},{"floor":32,"key":"REST"},{"floor":40,"key":"REST"},{"data":"Flame Barrier","floor":42,"key":"SMITH"},{"floor":46,"key":"REST"},{"data":"Metamorphosis","floor":49,"key":"SMITH"}],"neow_cost":"TEN_PERCENT_HP_LOSS","seed_source_timestamp":179929603583632,"circlet_count":0,"master_deck":["AscendersBane","Strike_R+1","Strike_R+1","Strike_R+1","Strike_R+1","Strike_R+1","Defend_R+1","Defend_R+1","Defend_R+1","Defend_R+1","Bash","Mayhem+1","Forethought","Uppercut","Headbutt+1","Armaments+1","Twin Strike","Whirlwind+1","Inflame+1","Metallicize+1","Pommel Strike","Juggernaut+1","Headbutt","Dropkick+1","Clothesline","Twin Strike+1","Rage","Flame Barrier+1","Juggernaut+1","Entrench","Shrug It Off","Flex","Shrug It Off","Cleave","Demon Form+1","Double Tap","Metamorphosis+1","Ghostly Armor","Pommel Strike+1"],"relics":["Burning Blood","Orichalcum","Frozen Egg 2","WingedGreaves","Bag of Marbles","Bottled Tornado","Tiny House","Ancient Tea Set","Mercury Hourglass","Dodecahedron","Happy Flower","FossilizedHelix","Eternal Feather","Regal Pillow","Incense Burner","Pen Nib","Blue Candle"],"potions_floor_usage":[8,11,16,18,20,28,45,50,50],"damage_taken":[{"damage":8,"enemies":"Cultist","floor":1,"turns":5},{"damage":20,"enemies":"Small Slimes","floor":2,"turns":4},{"damage":3,"enemies":"2 Louse","floor":4,"turns":2},{"damage":8,"enemies":"Blue Slaver","floor":7,"turns":4},{"damage":14,"enemies":"Large Slime","floor":8,"turns":4},{"damage":21,"enemies":"Lagavulin","floor":11,"turns":7},{"damage":25,"enemies":"Gremlin Nob","floor":13,"turns":4},{"damage":10,"enemies":"Lagavulin","floor":14,"turns":5},{"damage":31,"enemies":"Hexaghost","floor":16,"turns":9},{"damage":24,"enemies":"Shell Parasite","floor":18,"turns":4},{"damage":21,"enemies":"2 Thieves","floor":19,"turns":4},{"damage":3,"enemies":"Chosen and Byrds","floor":20,"turns":5},{"damage":31,"enemies":"Snake Plant","floor":22,"turns":4},{"damage":27,"enemies":"Book of Stabbing","floor":28,"turns":4},{"damage":57,"enemies":"Automaton","floor":33,"turns":9},{"damage":42,"enemies":"3 Darklings","floor":35,"turns":3},{"damage":14,"enemies":"Orb Walker","floor":38,"turns":5},{"damage":0,"enemies":"Mind Bloom Boss Battle","floor":39,"turns":6},{"damage":28,"enemies":"Spire Growth","floor":41,"turns":5},{"damage":21,"enemies":"3 Darklings","floor":44,"turns":6},{"damage":28,"enemies":"Nemesis","floor":45,"turns":7},{"damage":0,"enemies":"Transient","floor":48,"turns":6},{"damage":87,"enemies":"Donu and Deca","floor":50,"turns":5}],"seed_played":"-239154662245084640","potions_obtained":[{"floor":2,"key":"FearPotion"},{"floor":4,"key":"Ancient Potion"},{"floor":8,"key":"FairyPotion"},{"floor":14,"key":"Regen Potion"},{"floor":17,"key":"SkillPotion"},{"floor":19,"key":"Weak Potion"},{"floor":22,"key":"LiquidBronze"},{"floor":39,"key":"Energy Potion"},{"floor":44,"key":"LiquidBronze"},{"floor":45,"key":"Ancient Potion"}],"is_trial":false,"path_per_floor":["M","M","?","M","?","R","M","M","T","R","E","R","E","E","R","B",null,"M","M","M","?","M","R","R","$","T","R","E","?","?","?","R","B",null,"M","$","?","M","?","R","M","R","T","M","E","R","$","M","R","B"],"character_chosen":"IRONCLAD","items_purchased":["Ancient Tea Set","Mercury Hourglass","Shrug It Off","Metamorphosis","Ghostly Armor"],"campfire_rested":7,"item_purchase_floors":[25,25,36,47,47],"current_hp_per_floor":[66,52,52,55,55,55,53,45,45,45,30,50,31,27,47,37,65,47,32,35,50,25,46,67,67,67,67,46,46,46,46,67,16,59,23,23,23,15,21,73,51,69,69,54,32,73,73,73,73,0],"gold":58,"neow_bonus":"RANDOM_COLORLESS_2","is_prod":false,"is_daily":false,"chose_seed":false,"campfire_upgraded":5,"win_rate":0,"timestamp":1552708595,"path_taken":["M","M","?","M","?","R","M","M","T","R","E","R","E","E","R","BOSS","M","M","M","?","M","R","R","$","T","R","E","?","?","?","R","BOSS","M","?","?","?","?","R","M","R","T","M","E","R","$","M","R","BOSS"],"build_version":"2019-01-23","purchased_purges":0,"victory":false,"max_hp_per_floor":[68,68,68,68,68,68,68,68,68,68,68,68,68,68,68,68,73,73,73,73,73,73,73,73,73,73,73,73,73,73,73,73,73,73,73,73,73,73,73,73,73,73,73,73,73,73,73,73,73,73],"card_choices":[{"not_picked":["Body Slam","Perfected Strike"],"picked":"Uppercut","floor":1},{"not_picked":["Armaments","True Grit"],"picked":"Headbutt","floor":2},{"not_picked":["Sever Soul","Body Slam"],"picked":"Armaments","floor":4},{"not_picked":["Sword Boomerang","Wild Strike"],"picked":"Twin Strike","floor":7},{"not_picked":["Clothesline","Armaments"],"picked":"Whirlwind","floor":8},{"not_picked":["Cleave","Hemokinesis"],"picked":"Inflame+1","floor":11},{"not_picked":["Clothesline","Dropkick"],"picked":"Metallicize+1","floor":13},{"not_picked":["Corruption+1","True Grit"],"picked":"Pommel Strike","floor":14},{"not_picked":["Feed","Immolate"],"picked":"Juggernaut+1","floor":16},{"not_picked":["Sword Boomerang","True Grit"],"picked":"Headbutt","floor":17},{"not_picked":["Clothesline","Sword Boomerang"],"picked":"Dropkick+1","floor":18},{"not_picked":["Body Slam","Twin Strike"],"picked":"Clothesline","floor":19},{"not_picked":["Immolate","Hemokinesis"],"picked":"Twin Strike+1","floor":20},{"not_picked":["Second Wind+1","Flex"],"picked":"Rage","floor":22},{"not_picked":["Havoc","Cleave"],"picked":"Flame Barrier","floor":28},{"not_picked":["Offering","Immolate"],"picked":"Juggernaut+1","floor":33},{"not_picked":["Warcry","Anger"],"picked":"Entrench","floor":35},{"not_picked":["Sever Soul+1","Clothesline"],"picked":"Flex","floor":38},{"not_picked":["Inflame+1","Power Through"],"picked":"Shrug It Off","floor":39},{"not_picked":["Wild Strike+1","Rupture+1"],"picked":"Cleave","floor":41},{"not_picked":["Wild Strike","Clash"],"picked":"Demon Form+1","floor":44},{"not_picked":["Uppercut","Burning Pact"],"picked":"Double Tap","floor":45},{"not_picked":["Perfected Strike+1","Clothesline"],"picked":"Pommel Strike+1","floor":48}],"player_experience":1442811,"relics_obtained":[{"floor":9,"key":"Frozen Egg 2"},{"floor":11,"key":"WingedGreaves"},{"floor":13,"key":"Bag of Marbles"},{"floor":14,"key":"Bottled Tornado"},{"floor":26,"key":"Dodecahedron"},{"floor":28,"key":"Happy Flower"},{"floor":39,"key":"Incense Burner"},{"floor":43,"key":"Pen Nib"},{"floor":45,"key":"Blue Candle"}],"event_choices":[{"damage_healed":0,"gold_gain":0,"player_choice":"Box","damage_taken":0,"relics_obtained":["Orichalcum"],"max_hp_gain":0,"max_hp_loss":0,"event_name":"Big Fish","floor":3,"gold_loss":0,"cards_obtained":["Regret"]},{"cards_removed":["Regret"],"damage_healed":0,"gold_gain":0,"player_choice":"Forget","damage_taken":0,"max_hp_gain":0,"max_hp_loss":0,"event_name":"Living Wall","floor":5,"gold_loss":0},{"damage_healed":15,"gold_gain":0,"player_choice":"Heal","damage_taken":0,"max_hp_gain":0,"max_hp_loss":0,"event_name":"The Library","floor":21,"gold_loss":0},{"damage_healed":0,"gold_gain":0,"player_choice":"Opened","damage_taken":0,"relics_obtained":["FossilizedHelix"],"max_hp_gain":0,"max_hp_loss":0,"event_name":"The Mausoleum","floor":29,"gold_loss":0,"cards_obtained":["Writhe"]},{"damage_healed":0,"gold_gain":0,"player_choice":"Simplicity","damage_taken":0,"max_hp_gain":0,"max_hp_loss":0,"event_name":"Back to Basics","floor":30,"gold_loss":0,"cards_upgraded":["Strike_R","Strike_R","Strike_R","Strike_R","Strike_R","Defend_R","Defend_R","Defend_R","Defend_R"]},{"cards_removed":["Writhe"],"damage_healed":0,"gold_gain":0,"player_choice":"Purged","damage_taken":0,"max_hp_gain":0,"max_hp_loss":0,"event_name":"Purifier","floor":31,"gold_loss":0},{"damage_healed":0,"gold_gain":0,"player_choice":"Gave Potion","damage_taken":0,"relics_obtained":["Regal Pillow"],"max_hp_gain":0,"max_hp_loss":0,"event_name":"WeMeetAgain","floor":37,"gold_loss":0},{"damage_healed":0,"gold_gain":0,"player_choice":"Fight","damage_taken":0,"max_hp_gain":0,"max_hp_loss":0,"event_name":"MindBloom","floor":39,"gold_loss":0}],"is_beta":false,"boss_relics":[{"not_picked":["Runic Pyramid","Velvet Choker"],"picked":"Tiny House"},{"not_picked":["Runic Dome","Coffee Dripper"],"picked":"Eternal Feather"}],"items_purged_floors":[],"is_endless":false,"potions_floor_spawned":[2,4,8,14,19,22,39,44,45],"killed_by":"Donu and Deca","ascension_level":20}