{"gold_per_floor":[11,11,26,40,52,81,6,6,30,40,71,84,84,84,84,84],"floor_reached":16,"playtime":887,"items_purged":["Strike_G"],"score":112,"play_id":"3dce2a6c-92dc-4978-afde-e6d59a086a1d","local_time":"20190124200558","is_ascension_mode":false,"campfire_choices":[{"data":"Bouncing Flask","floor":8,"key":"SMITH"},{"data":"Malaise","floor":13,"key":"SMITH"},{"data":"Neutralize","floor":15,"key":"SMITH"}],"neow_cost":"NO_GOLD","seed_source_timestamp":526508647639530,"circlet_count":0,"master_deck":["Defend_G","Defend_G","Defend_G","Defend_G","Strike_G","Strike_G","Strike_G","Survivor","Neutralize+1","Dodge and Roll","Bouncing Flask+1","Bane","Masterful Stab","Malaise+1","Blur","Well Laid Plans","Prepared"],"relics":["Ring of the Snake","Pen Nib","Ancient Tea Set","Art of War","Golden Idol"],"potions_floor_usage":[6,10,16,16],"damage_taken":[{"damage":0,"enemies":"Cultist","floor":1,"turns":4},{"damage":0,"enemies":"2 Louse","floor":3,"turns":4},{"damage":1,"enemies":"Jaw Worm","floor":4,"turns":4},{"damage":12,"enemies":"Blue Slaver","floor":5,"turns":3},{"damage":5,"enemies":"Gremlin Nob","floor":6,"turns":4},{"damage":7,"enemies":"Exordium Wildlife","floor":10,"turns":4},{"damage":16,"enemies":"Lagavulin","floor":11,"turns":5},{"damage":0,"enemies":"2 Fungi Beasts","floor":12,"turns":3},{"damage":27,"enemies":"Slime Boss","floor":16,"turns":7}],"seed_played":"-1720395931728387011","potions_obtained":[{"floor":3,"key":"Block Potion"},{"floor":6,"key":"EntropicBrew"},{"floor":11,"key":"Explosive Potion"}],"is_trial":false,"path_per_floor":["M","$","M","M","M","E","$","R","T","M","E","M","R","?","R","B"],"character_chosen":"THE_SILENT","items_purchased":[],"campfire_rested":0,"item_purchase_floors":[],"current_hp_per_floor":[70,70,70,69,57,52,52,52,52,45,29,29,29,12,12,0],"gold":84,"neow_bonus":"REMOVE_TWO","is_prod":false,"is_daily":false,"chose_seed":false,"campfire_upgraded":3,"win_rate":0,"timestamp":1548385558,"path_taken":["M","$","?","M","M","E","?","R","T","?","E","M","R","?","R","BOSS"],"build_version":"2019-01-23","purchased_purges":1,"victory":false,"max_hp_per_floor":[70,70,70,70,70,70,70,70,70,70,70,70,70,70,70,70],"card_choices":[{"not_picked":["Prepared","Deflect"],"picked":"Dodge and Roll","floor":1},{"not_picked":["Dagger Throw","Escape Plan"],"picked":"Bouncing Flask","floor":3},{"not_picked":["Prepared","Slice"],"picked":"Bane","floor":4},{"not_picked":["Backflip","Eviscerate"],"picked":"Masterful Stab","floor":5},{"not_picked":["Acrobatics","Skewer"],"picked":"Malaise","floor":6},{"not_picked":["Masterful Stab","Eviscerate"],"picked":"Blur","floor":10},{"not_picked":["Outmaneuver","Acrobatics"],"picked":"Well Laid Plans","floor":11},{"not_picked":["Outmaneuver","Deflect"],"picked":"Prepared","floor":12}],"player_experience":469444,"relics_obtained":[{"floor":6,"key":"Pen Nib"},{"floor":9,"key":"Ancient Tea Set"},{"floor":11,"key":"Art of War"}],"event_choices":[{"damage_healed":0,"gold_gain":0,"player_choice":"Take Damage","damage_taken":17,"relics_obtained":["Golden Idol"],"max_hp_gain":0,"max_hp_loss":0,"event_name":"Golden Idol","floor":14,"gold_loss":0}],"is_beta":false,"boss_relics":[],"items_purged_floors":[7],"is_endless":false,"potions_floor_spawned":[3,6,11],"killed_by":"Slime Boss","ascension_level":0}