{"gold_per_floor":[109,109,109,134,153,153,168,199,199,199,124,124,30,30,30,119,119,144,44,69,69,82,82,121,121],"floor_reached":25,"playtime":1319,"items_purged":["Regret","Defend_R"],"score":423,"play_id":"506278f5-c95b-4c4d-bd70-4d30f8d0d865","local_time":"20190222212151","is_ascension_mode":true,"campfire_choices":[{"floor":6,"key":"REST"},{"data":"Rage","floor":10,"key":"SMITH"},{"floor":12,"key":"REST"},{"data":"Cleave","floor":15,"key":"SMITH"},{"floor":23,"key":"REST"}],"neow_cost":"TEN_PERCENT_HP_LOSS","seed_source_timestamp":9454958475525,"circlet_count":0,"master_deck":["AscendersBane","Defend_R","Defend_R","Bash","Metallicize","Blood for Blood","Cleave+1","Rage+1","Metallicize","Anger","Bludgeon","Battle Trance","Thunderclap","Immolate","Metallicize+1","Pommel Strike+1","Impervious+1","Flex","Infernal Blade","Entrench"],"relics":["Burning Blood","Golden Idol","Pear","Omamori","Strawberry","Kunai","Astrolabe","Darkstone Periapt"],"potions_floor_usage":[8,24],"damage_taken":[{"damage":2,"enemies":"2 Louse","floor":1,"turns":3},{"damage":16,"enemies":"Jaw Worm","floor":5,"turns":7},{"damage":13,"enemies":"Cultist","floor":7,"turns":5},{"damage":31,"enemies":"3 Sentries","floor":8,"turns":8},{"damage":51,"enemies":"Slime Boss","floor":16,"turns":10},{"damage":3,"enemies":"Shell Parasite","floor":18,"turns":6},{"damage":23,"enemies":"2 Thieves","floor":20,"turns":3},{"damage":22,"enemies":"Centurion and Healer","floor":22,"turns":5},{"damage":55,"enemies":"Slavers","floor":24,"turns":6},{"damage":21,"enemies":"Chosen and Byrds","floor":25,"turns":5}],"seed_played":"4404407717534611787","potions_obtained":[{"floor":1,"key":"Strength Potion"},{"floor":5,"key":"FearPotion"}],"is_trial":false,"path_per_floor":["M","?","?","T","M","R","M","E","T","R","$","R","$","?","R","B",null,"M","$","M","?","M","R","E","M"],"character_chosen":"IRONCLAD","items_purchased":["Metallicize","Anger"],"campfire_rested":3,"item_purchase_floors":[13,13],"current_hp_per_floor":[68,45,55,55,45,68,61,43,43,43,43,68,68,68,68,23,70,73,73,56,56,40,65,16,0],"gold":121,"neow_bonus":"REMOVE_TWO","is_prod":false,"is_daily":false,"chose_seed":false,"campfire_upgraded":2,"win_rate":0,"timestamp":1550895711,"path_taken":["M","?","?","?","M","R","M","E","T","R","$","R","?","?","R","BOSS","M","$","M","?","M","R","E","?"],"build_version":"2019-01-23","purchased_purges":2,"victory":false,"max_hp_per_floor":[68,68,78,78,78,78,78,85,85,85,85,85,85,85,85,85,85,85,85,85,85,85,85,85,85],"card_choices":[{"not_picked":["Spot Weakness","Pommel Strike"],"picked":"Metallicize","floor":1},{"not_picked":["Perfected Strike","Hemokinesis"],"picked":"Blood for Blood","floor":5},{"not_picked":["Body Slam","Warcry"],"picked":"Cleave","floor":7},{"not_picked":["Armaments","Hemokinesis"],"picked":"Rage","floor":8},{"not_picked":["Double Tap","Reaper"],"picked":"Immolate","floor":16},{"not_picked":["Thunderclap+1","Twin Strike"],"picked":"Flex","floor":18},{"not_picked":["Warcry","Twin Strike"],"picked":"Infernal Blade","floor":20},{"not_picked":["Warcry","Thunderclap","Flex"],"picked":"SKIP","floor":22},{"not_picked":["Anger","Perfected Strike","Clothesline"],"picked":"SKIP","floor":24}],"player_experience":1216596,"relics_obtained":[{"floor":4,"key":"Omamori"},{"floor":8,"key":"Strawberry"},{"floor":9,"key":"Kunai"},{"floor":24,"key":"Darkstone Periapt"}],"event_choices":[{"damage_healed":0,"gold_gain":0,"player_choice":"Take Damage","damage_taken":23,"relics_obtained":["Golden Idol"],"max_hp_gain":0,"max_hp_loss":0,"event_name":"Golden Idol","floor":2,"gold_loss":0},{"damage_healed":0,"gold_gain":0,"player_choice":"Box","damage_taken":0,"relics_obtained":["Pear"],"max_hp_gain":0,"max_hp_loss":0,"event_name":"Big Fish","floor":3,"gold_loss":0,"cards_obtained":["Regret"]},{"damage_healed":0,"gold_gain":0,"player_choice":"3 cards matched","damage_taken":0,"max_hp_gain":0,"max_hp_loss":0,"event_name":"Match and Keep!","floor":14,"gold_loss":0,"cards_obtained":["Bludgeon","Battle Trance","Thunderclap"]},{"damage_healed":0,"gold_gain":0,"cards_transformed":["Defend_R"],"player_choice":"Transformed","damage_taken":0,"max_hp_gain":0,"max_hp_loss":0,"event_name":"Transmorgrifier","floor":21,"gold_loss":0,"cards_obtained":["Entrench"]}],"is_beta":false,"boss_relics":[{"not_picked":["Tiny House","Pandora\u0027s Box"],"picked":"Astrolabe"}],"items_purged_floors":[11,19],"is_endless":false,"potions_floor_spawned":[1,5],"killed_by":"Chosen and Byrds","ascension_level":19}