{"gold_per_floor":[116,128,128,53,73,73,105,105,128,159,159,59,59,75,75,149,149,163,183,207,217,217,217,236,236],"floor_reached":25,"playtime":1262,"items_purged":["Strike_R","Strike_R"],"score":401,"play_id":"55a63cf4-682f-4ab1-9ce6-d0439404f511","local_time":"20190220221016","is_ascension_mode":true,"campfire_choices":[{"data":"Uppercut","floor":6,"key":"SMITH"},{"data":"Pommel Strike","floor":8,"key":"SMITH"},{"data":"Limit Break","floor":13,"key":"SMITH"},{"floor":15,"key":"REST"},{"floor":23,"key":"REST"}],"neow_cost":"NONE","seed_source_timestamp":452777347348667,"circlet_count":0,"master_deck":["AscendersBane","Strike_R","Strike_R","Strike_R","Defend_R","Defend_R","Defend_R","Defend_R","Uppercut+1","Spot Weakness","Ghostly Armor","Pommel Strike+1","Limit Break+1","Flex","Barricade","Seeing Red","Body Slam","Thunderclap"],"relics":["Burning Blood","Juzu Bracelet","Ancient Tea Set","Centennial Puzzle","Boot","Sozu","Red Skull"],"potions_floor_usage":[10,16,16],"damage_taken":[{"damage":10,"enemies":"Small Slimes","floor":1,"turns":3},{"damage":0,"enemies":"Cultist","floor":2,"turns":3},{"damage":4,"enemies":"Jaw Worm","floor":5,"turns":4},{"damage":25,"enemies":"Lagavulin","floor":7,"turns":5},{"damage":25,"enemies":"3 Sentries","floor":10,"turns":7},{"damage":1,"enemies":"Red Slaver","floor":14,"turns":3},{"damage":44,"enemies":"Hexaghost","floor":16,"turns":10},{"damage":24,"enemies":"Shell Parasite","floor":18,"turns":4},{"damage":21,"enemies":"Chosen","floor":19,"turns":5},{"damage":10,"enemies":"Centurion and Healer","floor":21,"turns":4},{"damage":43,"enemies":"Snecko","floor":24,"turns":7},{"damage":15,"enemies":"Gremlin Leader","floor":25,"turns":4}],"seed_played":"-171063568401020236","potions_obtained":[{"floor":5,"key":"Explosive Potion"},{"floor":7,"key":"Weak Potion"},{"floor":10,"key":"FearPotion"}],"is_trial":false,"path_per_floor":["M","M","?","$","M","R","E","R","T","E","$","$","R","M","R","B",null,"M","M","T","M","?","R","M","E"],"character_chosen":"IRONCLAD","items_purchased":[],"campfire_rested":2,"item_purchase_floors":[],"current_hp_per_floor":[64,70,70,70,72,72,53,53,53,34,34,34,34,39,61,23,62,44,29,29,25,25,47,10,0],"gold":236,"neow_bonus":"RANDOM_COMMON_RELIC","is_prod":false,"is_daily":false,"chose_seed":false,"campfire_upgraded":3,"win_rate":0,"timestamp":1550725816,"path_taken":["M","M","?","?","M","R","E","R","T","E","?","$","R","M","R","BOSS","M","M","?","M","?","R","M","E"],"build_version":"2019-01-23","purchased_purges":2,"victory":false,"max_hp_per_floor":[75,75,75,75,75,75,75,75,75,75,75,75,75,75,75,75,75,75,75,75,75,75,75,75,75],"card_choices":[{"not_picked":["Wild Strike","Anger"],"picked":"Uppercut","floor":1},{"not_picked":["Carnage","Clash"],"picked":"Spot Weakness","floor":2},{"not_picked":["Perfected Strike","Bloodletting"],"picked":"Ghostly Armor","floor":5},{"not_picked":["Anger","Sword Boomerang"],"picked":"Pommel Strike","floor":7},{"not_picked":["Clash","Disarm"],"picked":"Limit Break","floor":10},{"not_picked":["Seeing Red","Havoc"],"picked":"Flex","floor":14},{"not_picked":["Bludgeon","Double Tap"],"picked":"Barricade","floor":16},{"not_picked":["Anger","Warcry","Wild Strike"],"picked":"SKIP","floor":18},{"not_picked":["Sword Boomerang","Clash"],"picked":"Seeing Red","floor":19},{"not_picked":["Hemokinesis","Perfected Strike"],"picked":"Body Slam","floor":21},{"not_picked":["Pommel Strike+1","Anger"],"picked":"Thunderclap","floor":24}],"player_experience":1184151,"relics_obtained":[{"floor":7,"key":"Ancient Tea Set"},{"floor":9,"key":"Centennial Puzzle"},{"floor":10,"key":"Boot"},{"floor":20,"key":"Red Skull"}],"event_choices":[{"cards_removed":["Bash"],"damage_healed":0,"gold_gain":0,"player_choice":"Purged","damage_taken":0,"max_hp_gain":0,"max_hp_loss":0,"event_name":"Purifier","floor":3,"gold_loss":0},{"damage_healed":0,"gold_gain":0,"player_choice":"0 cards matched","damage_taken":0,"max_hp_gain":0,"max_hp_loss":0,"event_name":"Match and Keep!","floor":22,"gold_loss":0,"cards_obtained":[]}],"is_beta":false,"boss_relics":[{"not_picked":["Runic Cube","Runic Pyramid"],"picked":"Sozu"}],"items_purged_floors":[4,12],"is_endless":false,"potions_floor_spawned":[5,7,10,19],"killed_by":"Gremlin Leader","ascension_level":18}