{"gold_per_floor":[111,186,186,186,207,240,254,254,254,254,275,313,338,362,362,458,458,483,483,501,9,33,33,74,74,74,74,74,93,128,128,128,223,223,244,132,156,156],"floor_reached":38,"playtime":2083,"items_purged":["Strike_R"],"score":853,"play_id":"a1ad6c59-7434-4886-baae-a81ca15dfd76","local_time":"20190219201425","is_ascension_mode":true,"campfire_choices":[{"data":"Body Slam","floor":8,"key":"SMITH"},{"data":"Dual Wield","floor":10,"key":"SMITH"},{"data":"Power Through","floor":15,"key":"SMITH"},{"data":"Iron Wave","floor":23,"key":"SMITH"},{"data":"Immolate","floor":25,"key":"SMITH"},{"floor":27,"key":"REST"},{"floor":32,"key":"REST"}],"neow_cost":"NONE","seed_source_timestamp":358602028020335,"circlet_count":0,"master_deck":["AscendersBane","Strike_R","Strike_R","Strike_R","Strike_R","Defend_R","Defend_R","Defend_R","Defend_R","Bash+1","Power Through+1","Body Slam+1","Power Through","Dual Wield+1","Double Tap+1","True Grit+1","True Grit+1","Flame Barrier+1","Immolate+1","Iron Wave+1","J.A.X.+1","Flex+1","Seeing Red+1","Twin Strike+1","Feel No Pain","Fiend Fire","Heavy Blade","Whirlwind"],"relics":["Black Blood","NeowsBlessing","Golden Idol","Shuriken","Toxic Egg 2","Paper Frog","Busted Crown","Calipers","Bronze Scales","Boot","Juzu Bracelet"],"potions_floor_usage":[11,16,18,24,24,29,30,33,37,38],"damage_taken":[{"damage":0,"enemies":"Jaw Worm","floor":1,"turns":1},{"damage":0,"enemies":"2 Louse","floor":5,"turns":2},{"damage":0,"enemies":"Gremlin Nob","floor":6,"turns":1},{"damage":0,"enemies":"Cultist","floor":7,"turns":3},{"damage":0,"enemies":"Lots of Slimes","floor":11,"turns":2},{"damage":5,"enemies":"3 Sentries","floor":12,"turns":7},{"damage":3,"enemies":"Looter","floor":13,"turns":4},{"damage":1,"enemies":"2 Fungi Beasts","floor":14,"turns":3},{"damage":21,"enemies":"Hexaghost","floor":16,"turns":6},{"damage":7,"enemies":"Shell Parasite","floor":18,"turns":3},{"damage":25,"enemies":"3 Byrds","floor":20,"turns":3},{"damage":0,"enemies":"Snecko","floor":22,"turns":2},{"damage":23,"enemies":"Gremlin Leader","floor":24,"turns":5},{"damage":14,"enemies":"Sentry and Sphere","floor":29,"turns":5},{"damage":7,"enemies":"Book of Stabbing","floor":30,"turns":4},{"damage":70,"enemies":"Champ","floor":33,"turns":9},{"damage":6,"enemies":"3 Shapes","floor":35,"turns":4},{"damage":35,"enemies":"3 Darklings","floor":37,"turns":4},{"damage":48,"enemies":"4 Shapes","floor":38,"turns":1}],"seed_played":"-876860223898013346","potions_obtained":[{"floor":7,"key":"Explosive Potion"},{"floor":12,"key":"PowerPotion"},{"floor":13,"key":"FearPotion"},{"floor":16,"key":"SteroidPotion"},{"floor":20,"key":"Poison Potion"},{"floor":24,"key":"Explosive Potion"},{"floor":28,"key":"EssenceOfSteel"},{"floor":29,"key":"SkillPotion"},{"floor":30,"key":"Swift Potion"},{"floor":37,"key":"Energy Potion"}],"is_trial":false,"path_per_floor":["M","?","?","?","M","E","M","R","T","R","M","E","M","M","R","B",null,"M","?","M","$","M","R","E","R","T","R","?","M","E","?","R","B",null,"M","$","M","M"],"character_chosen":"IRONCLAD","items_purchased":["Calipers","Bronze Scales","Whirlwind"],"campfire_rested":2,"item_purchase_floors":[21,21,36],"current_hp_per_floor":[74,63,37,37,43,49,55,55,55,55,61,62,65,70,70,55,70,69,69,50,50,56,56,39,39,39,61,61,53,52,52,74,10,59,63,63,38,0],"gold":156,"neow_bonus":"THREE_ENEMY_KILL","is_prod":false,"is_daily":false,"chose_seed":false,"campfire_upgraded":5,"win_rate":0,"timestamp":1550632465,"path_taken":["M","?","?","?","M","E","?","R","T","R","?","E","M","M","R","BOSS","M","?","M","$","M","R","E","R","T","R","?","?","E","?","R","BOSS","M","$","M","M"],"build_version":"2019-01-23","purchased_purges":1,"victory":false,"max_hp_per_floor":[75,75,75,75,75,75,75,75,75,75,75,75,75,75,75,75,75,75,75,75,75,75,75,75,75,75,75,75,75,75,75,75,75,75,75,75,75,75],"card_choices":[{"not_picked":["Sword Boomerang","Warcry"],"picked":"Power Through","floor":1},{"not_picked":["Thunderclap","Whirlwind"],"picked":"Body Slam","floor":5},{"not_picked":["Perfected Strike","Clash"],"picked":"Power Through","floor":6},{"not_picked":["Twin Strike","Dual Wield","Clothesline"],"picked":"SKIP","floor":7},{"not_picked":["Twin Strike","Clothesline"],"picked":"Dual Wield","floor":7},{"not_picked":["Cleave","Heavy Blade"],"picked":"Double Tap+1","floor":11},{"not_picked":["Anger","Headbutt"],"picked":"True Grit+1","floor":12},{"not_picked":["Dual Wield+1","Cleave"],"picked":"True Grit+1","floor":13},{"not_picked":["Reaper","Armaments+1"],"picked":"Flame Barrier+1","floor":14},{"not_picked":["Juggernaut","Reaper"],"picked":"Immolate","floor":16},{"not_picked":[],"picked":"Iron Wave","floor":18},{"not_picked":[],"picked":"Flex+1","floor":20},{"not_picked":[],"picked":"Seeing Red+1","floor":22},{"not_picked":["Sword Boomerang"],"picked":"SKIP","floor":24},{"not_picked":["Seeing Red+1"],"picked":"SKIP","floor":29},{"not_picked":[],"picked":"Twin Strike+1","floor":30},{"not_picked":[],"picked":"Fiend Fire","floor":33},{"not_picked":[],"picked":"Heavy Blade","floor":35},{"not_picked":["Rupture"],"picked":"SKIP","floor":37}],"player_experience":1177352,"relics_obtained":[{"floor":6,"key":"Shuriken"},{"floor":9,"key":"Toxic Egg 2"},{"floor":12,"key":"Paper Frog"},{"floor":24,"key":"Boot"},{"floor":30,"key":"Juzu Bracelet"}],"event_choices":[{"damage_healed":0,"gold_gain":75,"player_choice":"Gather Gold","damage_taken":11,"max_hp_gain":0,"max_hp_loss":0,"event_name":"World of Goop","floor":2,"gold_loss":0},{"damage_healed":0,"gold_gain":0,"player_choice":"Take Damage","damage_taken":26,"relics_obtained":["Golden Idol"],"max_hp_gain":0,"max_hp_loss":0,"event_name":"Golden Idol","floor":3,"gold_loss":0},{"damage_healed":0,"gold_gain":0,"player_choice":"Upgraded","damage_taken":0,"max_hp_gain":0,"max_hp_loss":0,"event_name":"Upgrade Shrine","floor":4,"gold_loss":0,"cards_upgraded":["Bash"]},{"damage_healed":0,"gold_gain":0,"player_choice":"Obtain J.A.X.","damage_taken":0,"max_hp_gain":0,"max_hp_loss":0,"event_name":"Drug Dealer","floor":19,"gold_loss":0,"cards_obtained":["J.A.X."]},{"damage_healed":0,"gold_gain":0,"player_choice":"Got Potions","damage_taken":0,"max_hp_gain":0,"max_hp_loss":0,"event_name":"Lab","floor":28,"gold_loss":0},{"damage_healed":0,"gold_gain":0,"player_choice":"Read","damage_taken":0,"max_hp_gain":0,"max_hp_loss":0,"event_name":"The Library","floor":31,"gold_loss":0,"cards_obtained":["Feel No Pain"]}],"is_beta":false,"boss_relics":[{"not_picked":["Tiny House","Coffee Dripper"],"picked":"Busted Crown"},{"not_picked":["Orrery","White Beast Statue"],"picked":"Black Blood"}],"items_purged_floors":[36],"is_endless":false,"potions_floor_spawned":[7,12,13,16,20,24,29,30,37],"killed_by":"4 Shapes","ascension_level":18}