{"path_per_floor":["M","M","M","$","M","R","M","R","T","R","E","$","M","E","R","B",null,"M","M","?","M","?","R"],"character_chosen":"DEFECT","items_purchased":[],"gold_per_floor":[15,27,45,45,57,57,73,73,120,120,145,70,88,117,117,212,212,227,208,208,226,226,226,226],"floor_reached":24,"campfire_rested":2,"playtime":1119,"current_hp_per_floor":[63,57,56,56,55,55,40,40,47,71,61,61,50,31,31,20,77,58,53,37,15,15,42,0],"items_purged":["Defend_B"],"gold":226,"score":306,"play_id":"8c077db1-144d-419a-9e4b-c4ddff938d90","local_time":"20180516233556","is_prod":false,"is_daily":false,"chose_seed":false,"is_ascension_mode":true,"campfire_upgraded":3,"timestamp":1526535356,"path_taken":["M","M","M","$","M","R","M","R","T","R","E","$","M","E","R","BOSS","M","M","?","M","?","R","E"],"build_version":"2018-05-15","seed_source_timestamp":614423371222459,"purchased_purges":1,"victory":false,"master_deck":["Strike_B+1","Strike_B","Strike_B+1","Strike_B","Defend_B","Zap","Dualcast","Streamline","Static Discharge+1","Ball Lightning","Sweeping Beam+1","Leap+1","Amplify","Beam Cell","Buffer","Parasite","Decay","Reinforced Body","Necronomicurse","Storm+1"],"max_hp_per_floor":[75,75,75,75,75,75,75,75,82,82,82,82,82,82,82,82,92,92,92,92,92,92,92,92],"relics":["Cracked Core","Strawberry","Meat on the Bone","Whetstone","Calling Bell","Happy Flower","Pear","Sundial","Necronomicon"],"card_choices":[{"not_picked":["Rebound","Leap"],"picked":"Streamline","floor":1},{"not_picked":["Steam","Skim"],"picked":"Static Discharge","floor":2},{"not_picked":["Go for the Eyes","Sunder"],"picked":"Ball Lightning","floor":3},{"not_picked":["Rebound","Darkness","Streamline"],"picked":"SKIP","floor":5},{"not_picked":["Capacitor","Skim"],"picked":"Sweeping Beam","floor":7},{"not_picked":["Auto Shields","Rip and Tear"],"picked":"Leap","floor":11},{"not_picked":["Go for the Eyes","Hologram"],"picked":"Amplify","floor":13},{"not_picked":["Hello World","Hologram"],"picked":"Beam Cell","floor":14},{"not_picked":["Nova","Reboot"],"picked":"Buffer","floor":16},{"not_picked":["Hologram","Steam Power"],"picked":"Reinforced Body","floor":18},{"not_picked":["Stack","Streamline","Steam+1"],"picked":"SKIP","floor":19},{"not_picked":["Turbo","Capacitor"],"picked":"Storm+1","floor":21}],"player_experience":134079,"potions_floor_usage":[11,11,16,16],"damage_taken":[{"damage":5,"enemies":"Small Slimes","floor":1,"turns":3},{"damage":6,"enemies":"2 Louse","floor":2,"turns":2},{"damage":1,"enemies":"Cultist","floor":3,"turns":3},{"damage":1,"enemies":"2 Fungi Beasts","floor":5,"turns":3},{"damage":15,"enemies":"Gremlin Gang","floor":7,"turns":3},{"damage":10,"enemies":"3 Sentries","floor":11,"turns":4},{"damage":11,"enemies":"Looter","floor":13,"turns":2},{"damage":31,"enemies":"Lagavulin","floor":14,"turns":4},{"damage":35,"enemies":"The Guardian","floor":16,"turns":6},{"damage":31,"enemies":"Chosen","floor":18,"turns":4},{"damage":17,"enemies":"2 Thieves","floor":19,"turns":4},{"damage":34,"enemies":"3 Cultists","floor":21,"turns":4},{"damage":44,"enemies":"Gremlin Leader","floor":24,"turns":6}],"relics_obtained":[{"floor":9,"key":"Strawberry"},{"floor":11,"key":"Meat on the Bone"},{"floor":14,"key":"Whetstone"},{"floor":17,"key":"Happy Flower"},{"floor":17,"key":"Pear"},{"floor":17,"key":"Sundial"},{"floor":20,"key":"Necronomicon"}],"event_choices":[{"event_name":"Cursed Tome","player_choice":"Obtained Book","floor":20,"damage_taken":0},{"event_name":"Back to Basics","player_choice":"Elegance","floor":22,"damage_taken":0}],"boss_relics":[{"not_picked":["Runic Dome","Snecko Eye"],"picked":"Calling Bell"}],"potions_floor_spawned":[1,3,7,13],"seed_played":"-4475050069207842924","killed_by":"Gremlin Leader","ascension_level":7,"potions_obtained":[{"floor":1,"key":"EssenceOfSteel"},{"floor":3,"key":"EssenceOfSteel"},{"floor":7,"key":"Regen Potion"},{"floor":13,"key":"SkillPotion"}],"is_trial":false}