{"gold_per_floor":[114,12,27,42,57,57,87,87,137,152,182,182,109,124,124,224,224,239,239,145,160,175,205,220,220,245,275,275,290,290,305,305,405,405,420,436,291,306,606,606,621,621,621,621,636,666,19,19,19,19],"floor_reached":50,"playtime":4033,"items_purged":[],"score":751,"play_id":"ef2709de-42ac-45c9-a700-f289f4db1358","local_time":"20181216175709","daily_mods":["Heirloom","Hoarder","DeadlyEvents"],"is_ascension_mode":false,"campfire_choices":[{"data":"Infinite Blades","floor":6.0,"key":"SMITH"},{"data":"Infinite Blades","floor":8.0,"key":"SMITH"},{"floor":12.0,"key":"REST"},{"floor":15.0,"key":"REST"},{"floor":25.0,"key":"REST"},{"floor":28.0,"key":"REST"},{"floor":30.0,"key":"REST"},{"floor":32.0,"key":"REST"},{"floor":40,"key":"REST"},{"floor":44,"key":"REST"},{"floor":49,"key":"REST"}],"neow_cost":"","seed_source_timestamp":0,"circlet_count":0,"master_deck":["Defend_G","Defend_G","Defend_G","Defend_G","Defend_G","Strike_G","Strike_G","Strike_G","Strike_G","Strike_G","Survivor","Neutralize","Slice","Slice","Slice","Infinite Blades+1","Infinite Blades","Infinite Blades+1","Prepared","Prepared","Prepared","Blur","Blur","Blur","PiercingWail","PiercingWail","PiercingWail","Cloak And Dagger","Cloak And Dagger","Cloak And Dagger","Cloak And Dagger","Cloak And Dagger","Cloak And Dagger","Tools of the Trade","Tools of the Trade","Tools of the Trade","Terror","Terror","Terror","Phantasmal Killer","Phantasmal Killer","Phantasmal Killer","Infinite Blades","Infinite Blades","Infinite Blades","Finisher","Finisher","Finisher","Prepared","Prepared","Prepared","Mind Blast","Mind Blast","Mind Blast","Prepared","Prepared","Prepared","Quick Slash","Quick Slash","Quick Slash","Quick Slash+1","Quick Slash+1","Quick Slash+1","Infinite Blades+1","Infinite Blades+1","Infinite Blades+1","Prepared+1","Prepared+1","Prepared+1","Cloak And Dagger","Cloak And Dagger","Cloak And Dagger","Bullet Time","Bullet Time","Bullet Time","Infinite Blades+1","Infinite Blades+1","Infinite Blades+1","PiercingWail","PiercingWail","PiercingWail","Finisher","Finisher","Finisher","Infinite Blades","Infinite Blades","Infinite Blades","Quick Slash","Quick Slash","Quick Slash","Acrobatics+1","Acrobatics+1","Acrobatics+1","Sucker Punch+1","Sucker Punch+1","Sucker Punch+1","Well Laid Plans","Well Laid Plans","Well Laid Plans","Cloak And Dagger","Cloak And Dagger","Cloak And Dagger","Storm of Steel","Storm of Steel","Storm of Steel","Poisoned Stab","Poisoned Stab","Poisoned Stab","Grand Finale","Grand Finale","Grand Finale","Finesse","Finesse","Finesse"],"special_seed":17881,"relics":["Ring of the Snake","Calipers","Bronze Scales","Bag of Preparation","WingedGreaves","Orrery","Pear","Bottled Lightning","Snake Skull","Tingsha","Fusion Hammer","Bird Faced Urn","Old Coin","Mercury Hourglass","Letter Opener","Ancient Tea Set"],"potions_floor_usage":[42,48,50,50],"damage_taken":[{"damage":0.0,"enemies":"Cultist","floor":1.0,"turns":5.0},{"damage":3.0,"enemies":"Small Slimes","floor":3.0,"turns":3.0},{"damage":1.0,"enemies":"Jaw Worm","floor":4.0,"turns":4.0},{"damage":0.0,"enemies":"Large Slime","floor":5.0,"turns":6.0},{"damage":7.0,"enemies":"3 Sentries","floor":7.0,"turns":7.0},{"damage":7.0,"enemies":"Red Slaver","floor":10.0,"turns":4.0},{"damage":13.0,"enemies":"Gremlin Nob","floor":11.0,"turns":4.0},{"damage":13.0,"enemies":"Exordium Wildlife","floor":14.0,"turns":4.0},{"damage":2.0,"enemies":"Hexaghost","floor":16.0,"turns":9.0},{"damage":21.0,"enemies":"Spheric Guardian","floor":18.0,"turns":5.0},{"damage":0.0,"enemies":"Chosen","floor":21.0,"turns":1.0},{"damage":20.0,"enemies":"Shelled Parasite and Fungi","floor":22.0,"turns":5.0},{"damage":13.0,"enemies":"Gremlin Leader","floor":23.0,"turns":3.0},{"damage":0.0,"enemies":"Snake Plant","floor":24.0,"turns":3.0},{"damage":20.0,"enemies":"Book of Stabbing","floor":27.0,"turns":4.0},{"damage":10.0,"enemies":"Cultist and Chosen","floor":29.0,"turns":4.0},{"damage":6.0,"enemies":"Snecko","floor":31.0,"turns":4.0},{"damage":78.0,"enemies":"Collector","floor":33.0,"turns":7.0},{"damage":13,"enemies":"3 Darklings","floor":35,"turns":5},{"damage":10,"enemies":"2 Orb Walkers","floor":36,"turns":2},{"damage":5,"enemies":"3 Shapes","floor":38,"turns":2},{"damage":29,"enemies":"Writhing Mass","floor":41,"turns":2},{"damage":0,"enemies":"Maw","floor":42,"turns":1},{"damage":9,"enemies":"Sphere and 2 Shapes","floor":45,"turns":2},{"damage":18,"enemies":"Reptomancer","floor":46,"turns":2},{"damage":0,"enemies":"3 Darklings","floor":48,"turns":1},{"damage":84,"enemies":"Time Eater","floor":50,"turns":6}],"seed_played":"-7637209743615331437","potions_obtained":[{"floor":4.0,"key":"Ancient Potion"},{"floor":7.0,"key":"Regen Potion"},{"floor":10.0,"key":"EssenceOfSteel"},{"floor":11.0,"key":"Energy Potion"},{"floor":16.0,"key":"SmokeBomb"},{"floor":21.0,"key":"EssenceOfSteel"},{"floor":23.0,"key":"SpeedPotion"},{"floor":24.0,"key":"Fire Potion"},{"floor":36,"key":"FearPotion"},{"floor":45,"key":"SmokeBomb"},{"floor":46,"key":"SkillPotion"}],"is_trial":false,"path_per_floor":["M","$","M","M","M","R","E","R","T","M","E","R","$","M","R","B",null,"M","T","$","M","M","E","M","R","T","E","R","M","R","M","R","B",null,"M","?","$","M","T","R","M","M","T","R","M","E","$","M","R","B"],"character_chosen":"THE_SILENT","items_purchased":["Infinite Blades","Prepared","Terror","Mind Blast","Finisher","Infinite Blades","Ancient Tea Set","Well Laid Plans","Cloak And Dagger","Storm of Steel","Poisoned Stab","Grand Finale","Finesse"],"campfire_rested":9,"item_purchase_floors":[2,2,13,20,37,37,47,47,47,47,47,47,47],"current_hp_per_floor":[70,70,67,66,66,66,59,59,59,52,39,60,60,47,68,66,70,49,59,59,59,39,35,35,59,59,39,63,53,77,71,80,2,80,67,57,57,52,52,76,51,51,51,75,66,48,48,48,72,0],"gold":19,"neow_bonus":"","is_prod":false,"is_daily":true,"chose_seed":false,"campfire_upgraded":2,"win_rate":0,"timestamp":1544997429,"path_taken":["M","$","M","M","M","R","E","R","T","M","E","R","$","M","R","BOSS","M","?","$","M","M","E","M","R","T","E","R","M","R","M","R","BOSS","M","?","$","?","?","R","M","?","T","R","M","?","$","M","R","BOSS"],"build_version":"2018-12-13","purchased_purges":0,"victory":false,"max_hp_per_floor":[70,70,70,70,70,70,70,70,70,70,70,70,70,70,70,70,70,70,80,80,80,80,80,80,80,80,80,80,80,80,80,80,80,80,80,80,80,80,80,80,80,80,80,80,80,80,80,80,80,80],"card_choices":[{"not_picked":["Dagger Throw","Eviscerate"],"picked":"Slice","floor":1.0},{"not_picked":["Dagger Throw","Poisoned Stab"],"picked":"Blur","floor":3.0},{"not_picked":["Quick Slash","Skewer"],"picked":"PiercingWail","floor":4.0},{"not_picked":["Dash","Dagger Spray"],"picked":"Cloak And Dagger","floor":5.0},{"not_picked":["Acrobatics","Bane"],"picked":"Cloak And Dagger","floor":7.0},{"not_picked":["Prepared","Die Die Die","Outmaneuver"],"picked":"SKIP","floor":10.0},{"not_picked":["Acrobatics","Eviscerate"],"picked":"Tools of the Trade","floor":11.0},{"not_picked":["Choke","Poisoned Stab","Backflip"],"picked":"SKIP","floor":14.0},{"not_picked":["After Image","Grand Finale"],"picked":"Phantasmal Killer","floor":16.0},{"not_picked":["Quick Slash","Prepared"],"picked":"Infinite Blades","floor":17.0},{"not_picked":["Escape Plan","Outmaneuver"],"picked":"Finisher","floor":17.0},{"not_picked":["Dodge and Roll","Tactician"],"picked":"Prepared","floor":17.0},{"not_picked":["Backflip+1","Poisoned Stab+1","Doppelganger"],"picked":"SKIP","floor":18.0},{"not_picked":["Escape Plan+1","Poisoned Stab"],"picked":"Prepared","floor":21.0},{"not_picked":["Bane+1","Escape Plan"],"picked":"Quick Slash","floor":22.0},{"not_picked":["Noxious Fumes","Dagger Spray+1","Heel Hook"],"picked":"SKIP","floor":23.0},{"not_picked":["Outmaneuver","Deflect"],"picked":"Quick Slash+1","floor":24.0},{"not_picked":["Blur+1","All Out Attack"],"picked":"Infinite Blades+1","floor":27.0},{"not_picked":["Deadly Poison+1","Setup"],"picked":"Prepared+1","floor":29.0},{"not_picked":["Bane","Terror"],"picked":"Cloak And Dagger","floor":31.0},{"not_picked":["Corpse Explosion","Phantasmal Killer"],"picked":"Bullet Time","floor":33.0},{"not_picked":["Flechettes+1","Poisoned Stab+1"],"picked":"Infinite Blades+1","floor":35},{"not_picked":["Dagger Throw+1","Tactician+1"],"picked":"PiercingWail","floor":36},{"not_picked":["Dagger Spray","Flechettes","Footwork"],"picked":"SKIP","floor":38},{"not_picked":["Backflip","Slice+1"],"picked":"Quick Slash","floor":41},{"not_picked":["Skewer+1","Crippling Poison+1"],"picked":"Acrobatics+1","floor":45},{"not_picked":["Doppelganger","Prepared+1"],"picked":"Sucker Punch+1","floor":46}],"player_experience":125366,"relics_obtained":[{"floor":7.0,"key":"Bronze Scales"},{"floor":9.0,"key":"Bag of Preparation"},{"floor":11.0,"key":"WingedGreaves"},{"floor":19.0,"key":"Pear"},{"floor":23.0,"key":"Bottled Lightning"},{"floor":26.0,"key":"Snake Skull"},{"floor":27.0,"key":"Tingsha"},{"floor":36,"key":"Bird Faced Urn"},{"floor":39,"key":"Old Coin"},{"floor":43,"key":"Mercury Hourglass"},{"floor":46,"key":"Letter Opener"}],"event_choices":[{"damage_healed":0,"gold_gain":0,"player_choice":"Fight","damage_taken":0,"max_hp_gain":0,"max_hp_loss":0,"event_name":"Mysterious Sphere","floor":36,"gold_loss":0}],"is_beta":false,"boss_relics":[{"not_picked":["Philosopher\u0027s Stone","HoveringKite"],"picked":"Orrery"},{"not_picked":["Black Star","Eternal Feather"],"picked":"Fusion Hammer"}],"items_purged_floors":[],"is_endless":false,"potions_floor_spawned":[4,7,10,11,16,21,23,24,36,42,45,46,48],"killed_by":"Time Eater","ascension_level":0}