{"gold_per_floor":[114,264,264,276,294,327,327,341,395,395,405,405,31,59,59,133,133,148,148,165,178,178,178,178],"floor_reached":24,"playtime":1968,"items_purged":["Strike_G"],"score":368,"play_id":"ef39b93c-c908-48b5-b3dc-084ca6c02888","local_time":"20190210231515","is_ascension_mode":true,"campfire_choices":[{"floor":7,"key":"REST"},{"data":"Leg Sweep","floor":10,"key":"SMITH"},{"floor":12,"key":"REST"},{"floor":15,"key":"REST"},{"floor":23,"key":"REST"}],"neow_cost":"NONE","seed_source_timestamp":2002382370726952,"circlet_count":0,"master_deck":["AscendersBane","Survivor","Neutralize","Setup","Doubt","Deadly Poison","Poisoned Stab","Flying Knee","Leg Sweep+1","Bane","Poisoned Stab","Footwork","Terror","Adrenaline","Night Terror","Wraith Form v2","Phantasmal Killer","Skewer+1","Quick Slash+1","Malaise","Poisoned Stab+1","Dash+1","Caltrops","Dagger Spray+1","Backflip+1","Bite+1","Bite+1","Bite+1","Bite+1","Bite+1"],"relics":["Ring of the Snake","NeowsBlessing","Gremlin Horn","Vajra","Molten Egg 2","Odd Mushroom","Pandora\u0027s Box"],"potions_floor_usage":[6,8,16,18],"damage_taken":[{"damage":0,"enemies":"Jaw Worm","floor":1,"turns":1},{"damage":0,"enemies":"Small Slimes","floor":4,"turns":1},{"damage":0,"enemies":"Cultist","floor":5,"turns":1},{"damage":32,"enemies":"3 Sentries","floor":6,"turns":11},{"damage":4,"enemies":"3 Louse","floor":8,"turns":5},{"damage":12,"enemies":"2 Fungi Beasts","floor":11,"turns":4},{"damage":24,"enemies":"The Mushroom Lair","floor":14,"turns":4},{"damage":40,"enemies":"Hexaghost","floor":16,"turns":11},{"damage":31,"enemies":"2 Thieves","floor":18,"turns":3},{"damage":12,"enemies":"Shell Parasite","floor":20,"turns":6},{"damage":6,"enemies":"Snake Plant","floor":21,"turns":6},{"damage":30,"enemies":"Gremlin Leader","floor":24,"turns":6}],"seed_played":"-7211881439822822323","potions_obtained":[{"floor":1,"key":"SkillPotion"},{"floor":4,"key":"GhostInAJar"},{"floor":11,"key":"SkillPotion"},{"floor":16,"key":"PowerPotion"}],"is_trial":false,"path_per_floor":["M","?","?","M","M","E","R","M","T","R","M","R","$","?","R","B",null,"M","?","M","M","?","R","E"],"character_chosen":"THE_SILENT","items_purchased":["Molten Egg 2","Footwork"],"campfire_rested":4,"item_purchase_floors":[13,13],"current_hp_per_floor":[59,59,59,59,59,27,46,42,42,42,30,49,49,25,44,4,51,20,20,8,2,2,15,0],"gold":178,"neow_bonus":"THREE_ENEMY_KILL","is_prod":false,"is_daily":false,"chose_seed":false,"campfire_upgraded":1,"win_rate":0,"timestamp":1549865715,"path_taken":["M","?","?","M","?","E","R","M","T","R","M","R","$","?","R","BOSS","M","?","M","?","?","R","E"],"build_version":"2019-01-23","purchased_purges":1,"victory":false,"max_hp_per_floor":[66,66,66,66,66,66,66,66,66,66,66,66,66,66,66,66,66,66,66,66,66,46,46,46],"card_choices":[{"not_picked":["Escape Plan","Dodge and Roll"],"picked":"Setup","floor":1},{"not_picked":["Prepared","Deadly Poison"],"picked":"Poisoned Stab","floor":4},{"not_picked":["Flechettes","Deflect"],"picked":"Flying Knee","floor":5},{"not_picked":["Cloak And Dagger","Well Laid Plans"],"picked":"Leg Sweep","floor":6},{"not_picked":["Backflip","Sucker Punch"],"picked":"Bane","floor":8},{"not_picked":["Eviscerate","Dagger Throw"],"picked":"Poisoned Stab","floor":11},{"not_picked":["Eviscerate+1","Setup"],"picked":"Terror","floor":14},{"not_picked":["Storm of Steel","Burst"],"picked":"Adrenaline","floor":16},{"not_picked":["Crippling Poison","Dagger Throw+1"],"picked":"Caltrops","floor":18},{"not_picked":["Eviscerate+1","Leg Sweep"],"picked":"Dagger Spray+1","floor":20},{"not_picked":["Expertise","Flying Knee+1"],"picked":"Backflip+1","floor":21}],"player_experience":1058529,"relics_obtained":[{"floor":6,"key":"Gremlin Horn"},{"floor":9,"key":"Vajra"},{"floor":14,"key":"Odd Mushroom"}],"event_choices":[{"damage_healed":0,"gold_gain":150,"player_choice":"AGREE","damage_taken":0,"max_hp_gain":0,"max_hp_loss":0,"event_name":"Liars Game","floor":2,"gold_loss":0,"cards_obtained":["Doubt"]},{"damage_healed":0,"gold_gain":0,"cards_transformed":["Strike_G"],"player_choice":"Transformed","damage_taken":0,"max_hp_gain":0,"max_hp_loss":0,"event_name":"Transmorgrifier","floor":3,"gold_loss":0,"cards_obtained":["Deadly Poison"]},{"damage_healed":0,"gold_gain":0,"player_choice":"Fought Mushrooms","damage_taken":0,"max_hp_gain":0,"max_hp_loss":0,"event_name":"Mushrooms","floor":14,"gold_loss":0},{"damage_healed":0,"gold_gain":0,"player_choice":"Ignored","damage_taken":0,"max_hp_gain":0,"max_hp_loss":0,"event_name":"N\u0027loth","floor":19,"gold_loss":0},{"damage_healed":0,"gold_gain":0,"player_choice":"Became a vampire","damage_taken":0,"max_hp_gain":0,"max_hp_loss":20,"event_name":"Vampires","floor":22,"gold_loss":0,"cards_obtained":["Bite","Bite","Bite","Bite","Bite"]}],"is_beta":false,"boss_relics":[{"not_picked":["Fusion Hammer","Runic Dome"],"picked":"Pandora\u0027s Box"}],"items_purged_floors":[13],"is_endless":false,"potions_floor_spawned":[1,4,11,16],"killed_by":"Gremlin Leader","ascension_level":15}