{"gold_per_floor":[110,35,35,110,121,147,147,181,181,181,56,73,73,92,92,169,169,185,60,75,75],"floor_reached":21,"playtime":1206,"items_purged":["Strike_R","Strike_R","Strike_R"],"score":413,"play_id":"469623a9-a968-4b2e-8ba0-831f7abf9644","local_time":"20190227220527","is_ascension_mode":true,"campfire_choices":[{"data":"Flex","floor":7,"key":"SMITH"},{"floor":10,"key":"REST"},{"floor":13,"key":"REST"},{"data":"Armaments","floor":15,"key":"SMITH"}],"neow_cost":"NONE","seed_source_timestamp":444200041626218,"circlet_count":0,"master_deck":["AscendersBane","Strike_R","Defend_R","Defend_R","Defend_R","Defend_R","Bash","Flex+1","Shrug It Off","Headbutt","Blood for Blood","Anger","Blood for Blood","Armaments+1","Berserk","Iron Wave"],"relics":["Burning Blood","NeowsBlessing","Sundial","Strawberry","Shuriken","Eternal Feather"],"potions_floor_usage":[8,16,18],"damage_taken":[{"damage":0,"enemies":"Small Slimes","floor":1,"turns":1},{"damage":0,"enemies":"Jaw Worm","floor":5,"turns":1},{"damage":0,"enemies":"Gremlin Nob","floor":6,"turns":1},{"damage":57,"enemies":"3 Sentries","floor":8,"turns":13},{"damage":0,"enemies":"2 Louse","floor":12,"turns":2},{"damage":24,"enemies":"Exordium Wildlife","floor":14,"turns":4},{"damage":40,"enemies":"Slime Boss","floor":16,"turns":9},{"damage":27,"enemies":"3 Byrds","floor":18,"turns":6},{"damage":17,"enemies":"Chosen","floor":20,"turns":7},{"damage":40,"enemies":"Centurion and Healer","floor":21,"turns":4}],"seed_played":"615340382238489231","potions_obtained":[{"floor":5,"key":"SpeedPotion"},{"floor":14,"key":"PowerPotion"},{"floor":16,"key":"Fire Potion"}],"is_trial":false,"path_per_floor":["M","$","?","?","M","E","R","E","T","R","$","M","R","M","R","B",null,"M","$","M","M"],"character_chosen":"IRONCLAD","items_purchased":["Anger"],"campfire_rested":2,"item_purchase_floors":[11],"current_hp_per_floor":[74,74,67,56,62,68,68,24,24,48,48,54,78,60,60,26,68,47,47,36,0],"gold":75,"neow_bonus":"THREE_ENEMY_KILL","is_prod":false,"is_daily":false,"chose_seed":false,"campfire_upgraded":2,"win_rate":0,"timestamp":1551330327,"path_taken":["M","$","?","?","M","E","R","E","T","R","$","M","R","M","R","BOSS","M","$","M","M"],"build_version":"2019-01-23","purchased_purges":3,"victory":false,"max_hp_per_floor":[75,75,75,75,75,75,75,82,82,82,82,82,82,82,82,82,82,82,82,82,82],"card_choices":[{"not_picked":["Armaments","Dual Wield"],"picked":"Flex","floor":1},{"not_picked":["Pommel Strike","Havoc"],"picked":"Shrug It Off","floor":5},{"not_picked":["Twin Strike","Flex"],"picked":"Headbutt","floor":6},{"not_picked":["Rupture","Shrug It Off"],"picked":"Blood for Blood","floor":8},{"not_picked":["Infernal Blade","Sword Boomerang"],"picked":"Blood for Blood","floor":12},{"not_picked":["Bloodletting","Infernal Blade"],"picked":"Armaments","floor":14},{"not_picked":["Feed","Brutality"],"picked":"Berserk","floor":16},{"not_picked":["Armaments","Twin Strike","Anger"],"picked":"SKIP","floor":18},{"not_picked":["Clothesline","Twin Strike"],"picked":"Iron Wave","floor":20}],"player_experience":1286788,"relics_obtained":[{"floor":6,"key":"Sundial"},{"floor":8,"key":"Strawberry"},{"floor":9,"key":"Shuriken"}],"event_choices":[{"cards_removed":["Strike_R"],"damage_healed":0,"gold_gain":0,"player_choice":"Card Removal","damage_taken":7,"max_hp_gain":0,"max_hp_loss":0,"event_name":"Golden Wing","floor":3,"gold_loss":0},{"damage_healed":0,"gold_gain":75,"player_choice":"Gather Gold","damage_taken":11,"max_hp_gain":0,"max_hp_loss":0,"event_name":"World of Goop","floor":4,"gold_loss":0}],"is_beta":false,"boss_relics":[{"not_picked":["Tiny House","Black Blood"],"picked":"Eternal Feather"}],"items_purged_floors":[2,11,19],"is_endless":false,"potions_floor_spawned":[5,14,16],"killed_by":"Centurion and Healer","ascension_level":19}