{"path_per_floor":["M","M","$","M","M","M","R","?","T","R","M","R","E","M","R","B",null,"M","?","M","M","?","R","?","R","T","R","M","E","M","E","R"],"character_chosen":"DEFECT","items_purchased":["Melter"],"gold_per_floor":[112,127,19,34,47,60,60,60,60,60,74,74,113,133,133,259,259,272,272,286,307,222,222,263,263,263,263,286,324,347,390,390,390],"floor_reached":33,"campfire_rested":1,"playtime":1616,"item_purchase_floors":[3],"current_hp_per_floor":[75,73,73,71,63,58,58,58,58,58,61,61,62,61,61,45,69,69,69,62,64,64,64,65,65,65,65,61,40,39,31,51,0],"items_purged":["Defend_B"],"gold":390,"score":332,"play_id":"a347f2a2-729e-4522-923c-a2e56b142d3c","local_time":"20180605235450","is_prod":false,"is_daily":false,"chose_seed":false,"is_ascension_mode":true,"campfire_upgraded":7,"win_rate":0,"timestamp":1528264490,"campfire_choices":[{"data":"Sweeping Beam","floor":7,"key":"SMITH"},{"data":"Sweeping Beam","floor":10,"key":"SMITH"},{"data":"Beam Cell","floor":12,"key":"SMITH"},{"data":"Melter","floor":15,"key":"SMITH"},{"data":"Defragment","floor":23,"key":"SMITH"},{"data":"Loop","floor":25,"key":"SMITH"},{"data":"Self Repair","floor":27,"key":"SMITH"},{"floor":32,"key":"REST"}],"path_taken":["M","M","$","M","?","M","R","?","T","R","?","R","E","M","R","BOSS","M","?","M","?","?","R","?","R","T","R","M","E","M","E","R","BOSS"],"build_version":"2018-05-31","seed_source_timestamp":539769920511065,"purchased_purges":1,"victory":false,"master_deck":["Strike_B","Strike_B","Strike_B","Strike_B","Defend_B","Defend_B","Zap","Dualcast","Loop+1","Sweeping Beam+1","Melter+1","Sweeping Beam+1","Beam Cell+1","Self Repair+1","Self Repair","Reboot","Tempest+1","Heatsinks","Defragment+1","Ball Lightning+1","Reinforced Body","FTL","Force Field"],"max_hp_per_floor":[75,75,75,75,75,75,75,69,69,69,69,69,69,69,69,69,69,69,69,69,69,69,69,69,69,69,69,69,69,69,69,69,69],"relics":["Cracked Core","Orichalcum","Golden Idol","Blue Candle","Vajra","Sozu","Calipers","Red Mask","Bottled Flame","Oddly Smooth Stone","Molten Egg 2"],"card_choices":[{"not_picked":["Coolheaded","Leap"],"picked":"Loop","floor":1},{"not_picked":["Turbo","Rebound"],"picked":"Sweeping Beam","floor":2},{"not_picked":["Stack","Gash"],"picked":"Sweeping Beam","floor":4},{"not_picked":["Turbo","Double Energy"],"picked":"Beam Cell","floor":5},{"not_picked":["Barrage","Go for the Eyes"],"picked":"Self Repair","floor":6},{"not_picked":["Steam","Undo","Recycle"],"picked":"SKIP","floor":11},{"not_picked":["Double Energy","Steam Power","Leap"],"picked":"SKIP","floor":13},{"not_picked":["Cold Snap","Redo"],"picked":"Self Repair","floor":14},{"not_picked":["Meteor Strike","Fission"],"picked":"Reboot","floor":16},{"not_picked":["Rebound","Chill+1"],"picked":"Tempest+1","floor":18},{"not_picked":["Reprogram","Go for the Eyes+1"],"picked":"Heatsinks","floor":20},{"not_picked":["Beam Cell+1","Barrage"],"picked":"Defragment","floor":21},{"not_picked":["Genetic Algorithm","Gash"],"picked":"Ball Lightning+1","floor":24},{"not_picked":["Fission","Steam","Stack"],"picked":"SKIP","floor":28},{"not_picked":["Loop+1","Buffer"],"picked":"Reinforced Body","floor":29},{"not_picked":["Steam","Cold Snap+1"],"picked":"FTL","floor":30},{"not_picked":["Steam","Cold Snap"],"picked":"Force Field","floor":31}],"player_experience":859957,"potions_floor_usage":[11,24,33],"damage_taken":[{"damage":0,"enemies":"Cultist","floor":1,"turns":3},{"damage":2,"enemies":"2 Louse","floor":2,"turns":3},{"damage":2,"enemies":"Small Slimes","floor":4,"turns":2},{"damage":8,"enemies":"Red Slaver","floor":5,"turns":2},{"damage":5,"enemies":"Looter","floor":6,"turns":2},{"damage":4,"enemies":"Gremlin Gang","floor":11,"turns":3},{"damage":6,"enemies":"3 Sentries","floor":13,"turns":3},{"damage":1,"enemies":"3 Louse","floor":14,"turns":2},{"damage":30,"enemies":"Slime Boss","floor":16,"turns":7},{"damage":6,"enemies":"Chosen","floor":18,"turns":3},{"damage":21,"enemies":"2 Thieves","floor":20,"turns":3},{"damage":12,"enemies":"Snecko","floor":21,"turns":3},{"damage":6,"enemies":"Masked Bandits","floor":24,"turns":2},{"damage":21,"enemies":"Cultist and Chosen","floor":28,"turns":4},{"damage":38,"enemies":"Book of Stabbing","floor":29,"turns":4},{"damage":18,"enemies":"Centurion and Healer","floor":30,"turns":4},{"damage":15,"enemies":"Slavers","floor":31,"turns":4},{"damage":66,"enemies":"Champ","floor":33,"turns":6}],"relics_obtained":[{"floor":9,"key":"Blue Candle"},{"floor":13,"key":"Vajra"},{"floor":24,"key":"Red Mask"},{"floor":26,"key":"Bottled Flame"},{"floor":29,"key":"Oddly Smooth Stone"},{"floor":31,"key":"Molten Egg 2"}],"event_choices":[{"event_name":"Golden Idol","player_choice":"Lose Max HP","floor":8,"damage_taken":0},{"event_name":"Back to Basics","player_choice":"Elegance","floor":19,"damage_taken":0},{"event_name":"Addict","player_choice":"Obtained Relic","floor":22,"damage_taken":0},{"event_name":"Masked Bandits","player_choice":"Fought over 222 gold","floor":24,"damage_taken":0}],"boss_relics":[{"not_picked":["Runic Dome","Snecko Eye"],"picked":"Sozu"}],"items_purged_floors":[3],"potions_floor_spawned":[1,6,11,20,28,29,30],"seed_played":"3961155295636884139","killed_by":"Champ","ascension_level":3,"potions_obtained":[{"floor":1,"key":"Fire Potion"},{"floor":6,"key":"Fire Potion"},{"floor":11,"key":"FocusPotion"}],"is_trial":false}