{"gold_per_floor":[118,133,208,223,236,236,247,310,310,310,339,354,354,279,279,279],"floor_reached":16,"playtime":838,"items_purged":[],"score":199,"play_id":"ee3136cd-35a1-4d93-96f9-27e4e4383f61","local_time":"20190227195043","is_ascension_mode":true,"campfire_choices":[{"data":"Body Slam","floor":6,"key":"SMITH"},{"floor":10,"key":"REST"},{"floor":13,"key":"REST"},{"floor":15,"key":"REST"}],"neow_cost":"NONE","seed_source_timestamp":436484616519643,"circlet_count":0,"master_deck":["AscendersBane","Strike_R","Strike_R","Strike_R","Strike_R","Defend_R","Defend_R","Defend_R","Defend_R","Bash","Rage","Iron Wave","Body Slam+1","Power Through","Feel No Pain","Fire Breathing","Shrug It Off"],"relics":["Burning Blood","Boot","Bird Faced Urn","Self Forming Clay","Bottled Flame"],"potions_floor_usage":[4,5,16],"damage_taken":[{"damage":11,"enemies":"2 Louse","floor":1,"turns":3},{"damage":5,"enemies":"Small Slimes","floor":2,"turns":3},{"damage":2,"enemies":"Jaw Worm","floor":4,"turns":4},{"damage":0,"enemies":"2 Fungi Beasts","floor":5,"turns":2},{"damage":25,"enemies":"Red Slaver","floor":7,"turns":5},{"damage":29,"enemies":"3 Sentries","floor":8,"turns":12},{"damage":34,"enemies":"Gremlin Nob","floor":11,"turns":6},{"damage":7,"enemies":"Looter","floor":12,"turns":4},{"damage":80,"enemies":"Hexaghost","floor":16,"turns":14}],"seed_played":"-2213656187418854681","potions_obtained":[{"floor":1,"key":"Explosive Potion"},{"floor":2,"key":"BloodPotion"},{"floor":4,"key":"FairyPotion"},{"floor":11,"key":"Weak Potion"}],"is_trial":false,"path_per_floor":["M","M","?","M","M","R","M","?","T","R","E","M","R","?","R","B"],"character_chosen":"IRONCLAD","items_purchased":[],"campfire_rested":3,"item_purchase_floors":[],"current_hp_per_floor":[63,64,53,64,70,70,51,28,28,50,22,23,45,45,67,0],"gold":279,"neow_bonus":"RANDOM_COMMON_RELIC","is_prod":false,"is_daily":false,"chose_seed":false,"campfire_upgraded":1,"win_rate":0,"timestamp":1551322243,"path_taken":["M","M","?","M","M","R","M","?","T","R","E","M","R","?","R","BOSS"],"build_version":"2019-01-23","purchased_purges":0,"victory":false,"max_hp_per_floor":[75,75,75,75,75,75,75,75,75,75,75,75,75,75,75,75],"card_choices":[{"not_picked":["Pummel","Twin Strike"],"picked":"Rage","floor":1},{"not_picked":["Burning Pact","Flex"],"picked":"Iron Wave","floor":2},{"not_picked":["Twin Strike","Shrug It Off"],"picked":"Body Slam","floor":4},{"not_picked":["Warcry","Wild Strike","Havoc"],"picked":"SKIP","floor":5},{"not_picked":["Sword Boomerang","Rupture"],"picked":"Power Through","floor":7},{"not_picked":["Shrug It Off","Warcry"],"picked":"Feel No Pain","floor":8},{"not_picked":["Bludgeon","Anger"],"picked":"Fire Breathing","floor":11},{"not_picked":["Thunderclap","Bloodletting"],"picked":"Shrug It Off","floor":12}],"player_experience":1279141,"relics_obtained":[{"floor":8,"key":"Bird Faced Urn"},{"floor":9,"key":"Self Forming Clay"},{"floor":11,"key":"Bottled Flame"}],"event_choices":[{"damage_healed":0,"gold_gain":75,"player_choice":"Gather Gold","damage_taken":11,"max_hp_gain":0,"max_hp_loss":0,"event_name":"World of Goop","floor":3,"gold_loss":0},{"damage_healed":0,"gold_gain":0,"player_choice":"Searched \u00271\u0027 times","damage_taken":0,"max_hp_gain":0,"max_hp_loss":0,"event_name":"Dead Adventurer","floor":8,"gold_loss":0},{"cards_removed":["Strike_R"],"damage_healed":0,"gold_gain":0,"player_choice":"Card Removal","damage_taken":0,"max_hp_gain":0,"max_hp_loss":0,"event_name":"The Cleric","floor":14,"gold_loss":75}],"is_beta":false,"boss_relics":[],"items_purged_floors":[],"is_endless":false,"potions_floor_spawned":[1,2,4,11],"killed_by":"Hexaghost","ascension_level":19}