{"gold_per_floor":[118,118,118,118,138,165,165,165,191,218,232,232],"floor_reached":12,"playtime":450,"items_purged":[],"score":205,"play_id":"f8e32cce-ba9b-4fe0-9498-f6af86875b68","local_time":"20190217172206","is_ascension_mode":true,"campfire_choices":[{"floor":8,"key":"REST"}],"neow_cost":"NONE","seed_source_timestamp":177085430363793,"circlet_count":0,"master_deck":["AscendersBane","Strike_R","Strike_R","Strike_R","Defend_R","Defend_R","Defend_R","Defend_R","Bash","Dual Wield","Regret","True Grit","Berserk","Juggernaut","Dark Embrace","Iron Wave"],"relics":["Burning Blood","NeowsBlessing","Question Card","Mummified Hand","Gambling Chip","Strawberry","Pantograph"],"potions_floor_usage":[10,10],"damage_taken":[{"damage":0,"enemies":"2 Louse","floor":1,"turns":1},{"damage":0,"enemies":"Small Slimes","floor":5,"turns":1},{"damage":0,"enemies":"3 Sentries","floor":6,"turns":2},{"damage":31,"enemies":"Gremlin Nob","floor":10,"turns":4},{"damage":2,"enemies":"Cultist","floor":11,"turns":3},{"damage":33,"enemies":"3 Sentries","floor":12,"turns":3}],"seed_played":"-2740956269860443035","potions_obtained":[{"floor":5,"key":"Swift Potion"},{"floor":6,"key":"AttackPotion"}],"is_trial":false,"path_per_floor":["M","?","?","?","M","E","?","R","T","E","M","E"],"character_chosen":"IRONCLAD","items_purchased":[],"campfire_rested":1,"item_purchase_floors":[],"current_hp_per_floor":[74,18,11,11,17,23,23,45,52,27,31,0],"gold":232,"neow_bonus":"THREE_ENEMY_KILL","is_prod":false,"is_daily":false,"chose_seed":false,"campfire_upgraded":0,"win_rate":0,"timestamp":1550449326,"path_taken":["M","?","?","?","M","E","?","R","T","E","?","E"],"build_version":"2019-01-23","purchased_purges":0,"victory":false,"max_hp_per_floor":[75,75,75,75,75,75,75,75,82,82,82,82],"card_choices":[{"not_picked":["Clothesline","Shockwave"],"picked":"Dual Wield","floor":1},{"not_picked":["Spot Weakness","Pommel Strike","Havoc"],"picked":"True Grit","floor":5},{"not_picked":["Sword Boomerang","Clothesline","Rupture"],"picked":"Berserk","floor":6},{"not_picked":["True Grit","Intimidate","Flame Barrier"],"picked":"Dark Embrace","floor":10},{"not_picked":["Anger","Pommel Strike","Carnage"],"picked":"Iron Wave","floor":11}],"player_experience":1141774,"relics_obtained":[{"floor":6,"key":"Gambling Chip"},{"floor":9,"key":"Strawberry"},{"floor":10,"key":"Pantograph"}],"event_choices":[{"damage_healed":0,"gold_gain":0,"player_choice":"Success","damage_taken":56,"relics_obtained":["Question Card"],"max_hp_gain":0,"max_hp_loss":0,"event_name":"Scrap Ooze","floor":2,"gold_loss":0},{"cards_removed":["Strike_R"],"damage_healed":0,"gold_gain":0,"player_choice":"Card Removal","damage_taken":7,"max_hp_gain":0,"max_hp_loss":0,"event_name":"Golden Wing","floor":3,"gold_loss":0},{"damage_healed":0,"gold_gain":0,"player_choice":"Box","damage_taken":0,"relics_obtained":["Mummified Hand"],"max_hp_gain":0,"max_hp_loss":0,"event_name":"Big Fish","floor":4,"gold_loss":0,"cards_obtained":["Regret"]},{"damage_healed":0,"gold_gain":0,"cards_transformed":["Strike_R"],"player_choice":"Transformed","damage_taken":0,"max_hp_gain":0,"max_hp_loss":0,"event_name":"Transmorgrifier","floor":7,"gold_loss":0,"cards_obtained":["Juggernaut"]}],"is_beta":false,"boss_relics":[],"items_purged_floors":[],"is_endless":false,"potions_floor_spawned":[5,6],"killed_by":"3 Sentries","ascension_level":17}