{"gold_per_floor":[114,125,125,38,53,84,84,112,163,163,176,176,240,165,165,165],"floor_reached":16,"playtime":798,"items_purged":[],"score":200,"play_id":"9520eb1f-7519-4acb-b057-e795c4026fe7","local_time":"20190216225306","is_ascension_mode":true,"campfire_choices":[{"floor":7,"key":"RECALL"},{"floor":10,"key":"REST"},{"floor":15,"key":"REST"}],"neow_cost":"NONE","seed_source_timestamp":110214507967545,"circlet_count":0,"master_deck":["AscendersBane","Strike_R","Strike_R","Strike_R","Strike_R","Defend_R","Defend_R","Defend_R","Defend_R","Bash","Armaments","Clash","Metallicize","Flex","Thunderclap","Pommel Strike","Battle Trance","Iron Wave"],"relics":["Burning Blood","NeowsBlessing","Kunai","Omamori","Art of War","Blood Vial","Ornamental Fan"],"potions_floor_usage":[6,8],"damage_taken":[{"damage":0,"enemies":"2 Louse","floor":1,"turns":1},{"damage":0,"enemies":"Jaw Worm","floor":2,"turns":1},{"damage":0,"enemies":"Small Slimes","floor":5,"turns":2},{"damage":27,"enemies":"3 Sentries","floor":6,"turns":12},{"damage":45,"enemies":"Lagavulin","floor":8,"turns":7},{"damage":4,"enemies":"3 Louse","floor":11,"turns":4},{"damage":34,"enemies":"Gremlin Nob","floor":13,"turns":5},{"damage":48,"enemies":"Slime Boss","floor":16,"turns":8}],"seed_played":"7509812993889151177","potions_obtained":[{"floor":1,"key":"Explosive Potion"},{"floor":2,"key":"Poison Potion"}],"is_trial":false,"path_per_floor":["M","M","?","$","M","E","R","E","T","R","M","?","?","?","R","B"],"character_chosen":"IRONCLAD","items_purchased":["Metallicize"],"campfire_rested":2,"item_purchase_floors":[4],"current_hp_per_floor":[74,75,70,70,75,54,54,15,15,37,41,41,15,15,37,0],"gold":165,"neow_bonus":"THREE_ENEMY_KILL","is_prod":false,"is_daily":false,"chose_seed":false,"campfire_upgraded":0,"win_rate":0,"timestamp":1550382786,"path_taken":["M","M","?","$","M","E","R","E","T","R","M","?","?","?","R","BOSS"],"build_version":"2019-01-23","purchased_purges":0,"victory":false,"max_hp_per_floor":[75,75,75,75,75,75,75,75,75,75,75,75,75,75,75,75],"card_choices":[{"not_picked":["Anger","Wild Strike"],"picked":"Armaments","floor":1},{"not_picked":["Dual Wield","Perfected Strike"],"picked":"Clash","floor":2},{"not_picked":["Corruption","Sword Boomerang"],"picked":"Flex","floor":5},{"not_picked":["Rupture","Warcry"],"picked":"Thunderclap","floor":6},{"not_picked":["Sword Boomerang","Anger"],"picked":"Pommel Strike","floor":8},{"not_picked":["Heavy Blade","Reckless Charge"],"picked":"Battle Trance","floor":11},{"not_picked":["Shockwave","Wild Strike"],"picked":"Iron Wave","floor":13}],"player_experience":1119743,"relics_obtained":[{"floor":6,"key":"Omamori"},{"floor":8,"key":"Art of War"},{"floor":9,"key":"Blood Vial"}],"event_choices":[{"damage_healed":0,"gold_gain":0,"player_choice":"Success","damage_taken":5,"relics_obtained":["Kunai"],"max_hp_gain":0,"max_hp_loss":0,"event_name":"Scrap Ooze","floor":3,"gold_loss":0},{"damage_healed":0,"gold_gain":0,"player_choice":"Ignored","damage_taken":0,"max_hp_gain":0,"max_hp_loss":0,"event_name":"Liars Game","floor":12,"gold_loss":0},{"damage_healed":0,"gold_gain":0,"player_choice":"Searched \u00273\u0027 times","damage_taken":0,"relics_obtained":["Ornamental Fan"],"max_hp_gain":0,"max_hp_loss":0,"event_name":"Dead Adventurer","floor":13,"gold_loss":0},{"cards_removed":["Strike_R"],"damage_healed":0,"gold_gain":0,"player_choice":"Card Removal","damage_taken":0,"max_hp_gain":0,"max_hp_loss":0,"event_name":"The Cleric","floor":14,"gold_loss":75}],"is_beta":false,"boss_relics":[],"items_purged_floors":[],"is_endless":false,"potions_floor_spawned":[1,2,5],"killed_by":"Slime Boss","ascension_level":17}