{"gold_per_floor":[110,130,149,149,159,159,184,196,196,208,226,2,30,50,50,150,150,123,123,48,0,29,29,58,75,75,93,93,113,28,48,48,143,143,158,83,183,183,83,83,103,122,122,137,151,151,26,26,26,26],"floor_reached":51,"playtime":8572,"items_purged":["Strike_R","Strike_R","Madness"],"score":621,"play_id":"832e2a54-b965-479f-b634-7235698342d5","local_time":"20190316003305","is_ascension_mode":false,"campfire_choices":[{"data":"Armaments","floor":6,"key":"SMITH"},{"data":"Reaper","floor":15,"key":"SMITH"},{"floor":23,"key":"REST"},{"data":"Shrug It Off","floor":28,"key":"SMITH"},{"data":"Iron Wave","floor":32,"key":"SMITH"},{"data":"Demon Form","floor":40,"key":"SMITH"},{"floor":46,"key":"REST"},{"data":"Juggernaut","floor":49,"key":"SMITH"}],"neow_cost":"","seed_source_timestamp":189461626124637,"circlet_count":0,"master_deck":["Strike_R","Strike_R","Strike_R+1","Defend_R","Defend_R","Defend_R","Defend_R","Bash","Iron Wave+1","Shrug It Off+1","Armaments+1","Body Slam","Searing Blow","Metallicize","Iron Wave+1","Battle Trance","Reaper+1","Intimidate","Demon Form+1","Bloodletting","Shrug It Off+1","Inflame","Disarm+1","Ghostly Armor","Shockwave","Berserk","Juggernaut+1","Ghostly Armor+1"],"relics":["Burning Blood","Whetstone","Potion Belt","Bag of Preparation","Odd Mushroom","Mark of Pain","Vajra","Red Mask","Paper Frog","Ice Cream","Pocketwatch","Philosopher\u0027s Stone","Gambling Chip","Ornamental Fan"],"potions_floor_usage":[16,24,29,33,33,41,41,42,50,50],"damage_taken":[{"damage":0,"enemies":"Small Slimes","floor":1,"turns":3},{"damage":11,"enemies":"Jaw Worm","floor":2,"turns":5},{"damage":1,"enemies":"2 Louse","floor":3,"turns":4},{"damage":7,"enemies":"Blue Slaver","floor":5,"turns":6},{"damage":21,"enemies":"3 Sentries","floor":7,"turns":11},{"damage":5,"enemies":"Large Slime","floor":8,"turns":8},{"damage":3,"enemies":"Gremlin Gang","floor":10,"turns":6},{"damage":4,"enemies":"Looter","floor":11,"turns":4},{"damage":1,"enemies":"The Mushroom Lair","floor":13,"turns":6},{"damage":0,"enemies":"Blue Slaver","floor":14,"turns":4},{"damage":22,"enemies":"The Guardian","floor":16,"turns":17},{"damage":16,"enemies":"2 Thieves","floor":18,"turns":5},{"damage":50,"enemies":"Masked Bandits","floor":22,"turns":6},{"damage":28,"enemies":"Gremlin Leader","floor":24,"turns":9},{"damage":0,"enemies":"3 Byrds","floor":25,"turns":7},{"damage":14,"enemies":"Snecko","floor":27,"turns":6},{"damage":13,"enemies":"Chosen and Byrds","floor":29,"turns":7},{"damage":0,"enemies":"Centurion and Healer","floor":31,"turns":6},{"damage":9,"enemies":"Champ","floor":33,"turns":10},{"damage":10,"enemies":"Orb Walker","floor":35,"turns":4},{"damage":0,"enemies":"Mind Bloom Boss Battle","floor":37,"turns":6},{"damage":24,"enemies":"3 Darklings","floor":41,"turns":5},{"damage":17,"enemies":"Jaw Worm Horde","floor":42,"turns":5},{"damage":12,"enemies":"Maw","floor":44,"turns":7},{"damage":5,"enemies":"Transient","floor":45,"turns":5},{"damage":63,"enemies":"Awakened One","floor":50,"turns":19}],"seed_played":"5612232101709972775","potions_obtained":[{"floor":1,"key":"Poison Potion"},{"floor":2,"key":"EssenceOfSteel"},{"floor":5,"key":"Strength Potion"},{"floor":13,"key":"BloodPotion"},{"floor":14,"key":"EssenceOfSteel"},{"floor":16,"key":"FearPotion"},{"floor":27,"key":"Dexterity Potion"},{"floor":31,"key":"AttackPotion"},{"floor":33,"key":"FairyPotion"},{"floor":35,"key":"Energy Potion"},{"floor":45,"key":"Regen Potion"}],"is_trial":false,"path_per_floor":["M","M","M","?","M","R","E","M","T","M","M","$","?","M","R","B",null,"M","?","?","$","?","R","E","M","T","M","R","M","?","M","R","B",null,"M","$","?","?","$","R","M","M","T","M","M","R","$","?","R","B",null],"character_chosen":"IRONCLAD","items_purchased":["Bag of Preparation","Battle Trance","Shrug It Off"],"campfire_rested":2,"item_purchase_floors":[12,12,21],"current_hp_per_floor":[80,75,80,80,79,79,64,65,65,68,70,70,75,80,80,64,80,70,70,70,70,39,63,61,72,72,72,72,73,73,79,79,76,80,76,76,80,70,70,70,52,41,41,52,53,77,77,80,80,46],"gold":26,"neow_bonus":"","is_prod":false,"is_daily":false,"chose_seed":false,"campfire_upgraded":6,"win_rate":0.0,"timestamp":1552714385,"path_taken":["M","M","M","?","M","R","E","M","T","M","M","$","?","M","R","BOSS","M","?","?","$","?","R","E","M","T","M","R","M","?","M","R","BOSS","M","$","?","?","$","R","M","M","T","M","M","R","$","?","R","BOSS"],"build_version":"2019-01-23","purchased_purges":3,"victory":true,"max_hp_per_floor":[80,80,80,80,80,80,80,80,80,80,80,80,80,80,80,80,80,80,80,80,80,80,80,80,80,80,80,80,80,80,80,80,80,80,80,80,80,80,80,80,80,80,80,80,80,80,80,80,80,80],"card_choices":[{"not_picked":["Uppercut","Cleave"],"picked":"Iron Wave","floor":1},{"not_picked":["Uppercut","Sword Boomerang","Clothesline"],"picked":"SKIP","floor":2},{"not_picked":["Rage","True Grit"],"picked":"Shrug It Off","floor":3},{"not_picked":["Ghostly Armor","Corruption"],"picked":"Armaments","floor":5},{"not_picked":["Intimidate","Clothesline"],"picked":"Body Slam","floor":7},{"not_picked":["Uppercut","Cleave"],"picked":"Searing Blow","floor":8},{"not_picked":["Clothesline","Rage"],"picked":"Metallicize","floor":10},{"not_picked":["Metallicize","Twin Strike"],"picked":"Iron Wave","floor":11},{"not_picked":["Armaments","Anger"],"picked":"Reaper","floor":13},{"not_picked":["Flex","Iron Wave"],"picked":"Intimidate","floor":14},{"not_picked":["Dark Embrace","Impervious"],"picked":"Demon Form","floor":16},{"not_picked":["Dropkick","Clothesline"],"picked":"Bloodletting","floor":18},{"not_picked":["Headbutt","Uppercut"],"picked":"Inflame","floor":22},{"not_picked":["Headbutt","Twin Strike"],"picked":"Disarm+1","floor":24},{"not_picked":["Shrug It Off","Anger"],"picked":"Ghostly Armor","floor":25},{"not_picked":["Shrug It Off","Clash+1","Twin Strike+1"],"picked":"SKIP","floor":27},{"not_picked":["Reckless Charge","Rupture"],"picked":"Shockwave","floor":29},{"not_picked":["Iron Wave","Body Slam"],"picked":"Berserk","floor":31},{"not_picked":["Fiend Fire","Berserk"],"picked":"Juggernaut","floor":33},{"not_picked":["Clash+1","Feel No Pain","Warcry+1"],"picked":"SKIP","floor":35},{"not_picked":["Cleave","Iron Wave","Reckless Charge"],"picked":"SKIP","floor":41},{"not_picked":["Thunderclap+1","Headbutt"],"picked":"Ghostly Armor+1","floor":42},{"not_picked":["Battle Trance+1","Warcry+1","Twin Strike"],"picked":"SKIP","floor":44},{"not_picked":["Headbutt","Sever Soul+1","Armaments"],"picked":"SKIP","floor":45}],"player_experience":0,"relics_obtained":[{"floor":7,"key":"Whetstone"},{"floor":9,"key":"Potion Belt"},{"floor":13,"key":"Odd Mushroom"},{"floor":22,"key":"Red Mask"},{"floor":24,"key":"Paper Frog"},{"floor":26,"key":"Ice Cream"},{"floor":37,"key":"Gambling Chip"},{"floor":43,"key":"Ornamental Fan"}],"event_choices":[{"damage_healed":0,"gold_gain":0,"player_choice":"Grow","damage_taken":0,"max_hp_gain":0,"max_hp_loss":0,"event_name":"Living Wall","floor":4,"gold_loss":0,"cards_upgraded":["Shrug It Off"]},{"damage_healed":0,"gold_gain":0,"player_choice":"Fought Mushrooms","damage_taken":0,"max_hp_gain":0,"max_hp_loss":0,"event_name":"Mushrooms","floor":13,"gold_loss":0},{"damage_healed":0,"gold_gain":0,"player_choice":"Opened","damage_taken":0,"relics_obtained":["Vajra"],"max_hp_gain":0,"max_hp_loss":0,"event_name":"The Mausoleum","floor":19,"gold_loss":0,"cards_obtained":["Writhe"]},{"cards_removed":["Writhe"],"damage_healed":0,"gold_gain":0,"player_choice":"Gave Gold","damage_taken":0,"max_hp_gain":0,"max_hp_loss":0,"event_name":"Beggar","floor":20,"gold_loss":75},{"damage_healed":0,"gold_gain":0,"player_choice":"Fought Bandits","damage_taken":0,"max_hp_gain":0,"max_hp_loss":0,"event_name":"Masked Bandits","floor":22,"gold_loss":0},{"damage_healed":0,"gold_gain":0,"player_choice":"Obtained Relic","damage_taken":0,"relics_obtained":["Pocketwatch"],"max_hp_gain":0,"max_hp_loss":0,"event_name":"Addict","floor":30,"gold_loss":85},{"damage_healed":0,"gold_gain":0,"player_choice":"Fight","damage_taken":0,"max_hp_gain":0,"max_hp_loss":0,"event_name":"MindBloom","floor":37,"gold_loss":0},{"damage_healed":0,"gold_gain":0,"player_choice":"Embrace Madness","damage_taken":10,"max_hp_gain":0,"max_hp_loss":0,"event_name":"Winding Halls","floor":38,"gold_loss":0,"cards_obtained":["Madness","Madness"]},{"cards_removed":["Madness"],"damage_healed":3,"gold_gain":0,"player_choice":"Offered Uncommon","damage_taken":0,"max_hp_gain":0,"max_hp_loss":0,"event_name":"Bonfire Elementals","floor":48,"gold_loss":0}],"is_beta":false,"boss_relics":[{"not_picked":["Lizard Tail","Snecko Eye"],"picked":"Mark of Pain"},{"not_picked":["Calling Bell","Tiny House"],"picked":"Philosopher\u0027s Stone"}],"items_purged_floors":[36,39,47],"is_endless":false,"potions_floor_spawned":[1,2,5,13,14,16,27,31,33,35,37,45],"ascension_level":0}