{"path_per_floor":["M","M","$","T","M","R","?","E","T","R","M","E","R","M","R","B",null,"M","$","M","?"],"character_chosen":"DEFECT","items_purchased":["Mercury Hourglass","Gremlin Horn"],"gold_per_floor":[366,382,47,47,65,65,65,99,99,99,113,147,147,166,166,261,261,271,12,29,29,29],"floor_reached":22,"campfire_rested":1,"playtime":1135,"item_purchase_floors":[3,19],"current_hp_per_floor":[57,57,57,57,52,52,52,41,41,63,63,63,63,63,63,46,68,54,54,26,26,0],"items_purged":["Doubt"],"gold":29,"score":307,"play_id":"72b2d0da-0eff-49a4-8dc4-29a3320ca734","local_time":"20180519193720","is_prod":false,"is_daily":false,"chose_seed":false,"is_ascension_mode":true,"campfire_upgraded":3,"timestamp":1526780240,"campfire_choices":[{"data":"Blizzard","floor":6,"key":"SMITH"},{"floor":10,"key":"REST"},{"data":"Hyperbeam","floor":13,"key":"SMITH"},{"data":"Zap","floor":15,"key":"SMITH"}],"path_taken":["M","M","$","?","M","R","?","E","T","R","M","E","R","?","R","BOSS","M","$","M","?","M"],"build_version":"2018-05-18","seed_source_timestamp":859302481756214,"purchased_purges":1,"victory":false,"master_deck":["Strike_B","Strike_B","Strike_B","Defend_B","Defend_B+1","Defend_B","Defend_B+1","Zap+1","Dualcast","Cold Snap","Blizzard+1","Sweeping Beam","BootSequence","Hyperbeam+1","Rebound+1","Scrape+1","Cold Snap+1","Creative AI+1","Doubt","Clumsy","Ball Lightning+1","Consume"],"max_hp_per_floor":[75,75,75,75,75,75,75,75,75,75,75,75,75,75,75,75,75,75,75,75,75,75],"relics":["Cracked Core","Mercury Hourglass","Frozen Egg 2","Bronze Scales","Molten Egg 2","Cables","Calling Bell","Peace Pipe","Ornamental Fan","War Paint","Gremlin Horn"],"card_choices":[{"not_picked":["Barrage","Go for the Eyes"],"picked":"Cold Snap","floor":1},{"not_picked":["Steam","Doom and Gloom"],"picked":"Blizzard","floor":2},{"not_picked":["Go for the Eyes","Barrage"],"picked":"Sweeping Beam","floor":5},{"not_picked":["FTL","Axe Kick"],"picked":"Hyperbeam","floor":8},{"not_picked":["Steam","Coolheaded"],"picked":"Rebound+1","floor":11},{"not_picked":["All For One+1","Darkness"],"picked":"Scrape+1","floor":12},{"not_picked":["Steam","Steam Power"],"picked":"Cold Snap+1","floor":14},{"not_picked":["Echo Form+1","Buffer+1"],"picked":"Creative AI+1","floor":16},{"not_picked":["Steam Power","Turbo"],"picked":"Ball Lightning+1","floor":18},{"not_picked":["Ball Lightning+1","Stack"],"picked":"Consume","floor":20}],"player_experience":139572,"potions_floor_usage":[8,16,22],"damage_taken":[{"damage":11,"enemies":"Cultist","floor":1,"turns":5},{"damage":0,"enemies":"Small Slimes","floor":2,"turns":3},{"damage":5,"enemies":"Jaw Worm","floor":5,"turns":2},{"damage":11,"enemies":"Gremlin Nob","floor":8,"turns":4},{"damage":0,"enemies":"3 Louse","floor":11,"turns":1},{"damage":0,"enemies":"3 Sentries","floor":12,"turns":2},{"damage":0,"enemies":"2 Fungi Beasts","floor":14,"turns":2},{"damage":17,"enemies":"The Guardian","floor":16,"turns":9},{"damage":14,"enemies":"Shell Parasite","floor":18,"turns":7},{"damage":28,"enemies":"2 Thieves","floor":20,"turns":3},{"damage":39,"enemies":"Snecko","floor":22,"turns":5}],"relics_obtained":[{"floor":4,"key":"Frozen Egg 2"},{"floor":8,"key":"Bronze Scales"},{"floor":9,"key":"Molten Egg 2"},{"floor":12,"key":"Cables"},{"floor":17,"key":"Peace Pipe"},{"floor":17,"key":"Ornamental Fan"},{"floor":17,"key":"War Paint"}],"event_choices":[{"event_name":"Transmorgrifier","player_choice":"Transform","floor":7,"damage_taken":0},{"event_name":"Back to Basics","player_choice":"Elegance","floor":21,"damage_taken":0}],"boss_relics":[{"not_picked":["Velvet Choker","Ectoplasm"],"picked":"Calling Bell"}],"items_purged_floors":[3],"potions_floor_spawned":[1,8,14,16],"seed_played":"7548275783259477053","killed_by":"Snecko","ascension_level":8,"potions_obtained":[{"floor":1,"key":"Poison Potion"},{"floor":8,"key":"SkillPotion"},{"floor":14,"key":"FearPotion"},{"floor":16,"key":"FearPotion"}],"is_trial":false}