{"gold_per_floor":[114,189,189,189,14,14,49,62,89,89,89,119,49,67,67,166,166,186,186,205,222,132,132,143,143,143,222,222,222,222,222,222,222],"floor_reached":33,"playtime":1737,"items_purged":["Strike_B"],"score":436,"play_id":"889db241-995a-4ad3-9d4f-9f89df304094","local_time":"20190201232750","is_ascension_mode":true,"campfire_choices":[{"data":"Zap","floor":6,"key":"SMITH"},{"floor":11,"key":"DIG"},{"floor":15,"key":"DIG"},{"floor":23,"key":"REST"},{"floor":30,"key":"REST"},{"floor":32,"key":"DIG"}],"neow_cost":"NONE","seed_source_timestamp":1225736687173527,"circlet_count":0,"master_deck":["AscendersBane","Strike_B","Defend_B","Defend_B","Defend_B","Defend_B","Zap+1","Dualcast","Sweeping Beam","Conserve Battery","Hello World","Go for the Eyes","Static Discharge","Chill","Electrodynamics","Scrape+1","Rebound","Redo+1","Heatsinks+1","Gash","Injury","Shame","Redo+1","Ghostly+1","Ghostly+1","Ghostly+1","Ghostly+1","Ghostly+1"],"relics":["Cracked Core","NeowsBlessing","Anchor","Shovel","Juzu Bracelet","Question Card","Dream Catcher","PreservedInsect","Toxic Egg 2","Cursed Key","Enchiridion","MutagenicStrength","Ice Cream","Dodecahedron","FaceOfCleric","Gremlin Horn"],"potions_floor_usage":[5,16,24,33,33],"damage_taken":[{"damage":0,"enemies":"Cultist","floor":1,"turns":1},{"damage":0,"enemies":"3 Sentries","floor":7,"turns":1},{"damage":0,"enemies":"Small Slimes","floor":8,"turns":1},{"damage":19,"enemies":"Lagavulin","floor":12,"turns":5},{"damage":0,"enemies":"2 Louse","floor":14,"turns":2},{"damage":19,"enemies":"The Guardian","floor":16,"turns":9},{"damage":13,"enemies":"Spheric Guardian","floor":18,"turns":4},{"damage":7,"enemies":"Chosen","floor":20,"turns":4},{"damage":16,"enemies":"Shelled Parasite and Fungi","floor":21,"turns":5},{"damage":0,"enemies":"Cultist and Chosen","floor":24,"turns":4},{"damage":64,"enemies":"Automaton","floor":33,"turns":12}],"seed_played":"-8249775517285536773","potions_obtained":[{"floor":14,"key":"Fire Potion"},{"floor":16,"key":"Explosive Potion"},{"floor":20,"key":"SpeedPotion"},{"floor":24,"key":"AttackPotion"}],"is_trial":false,"path_per_floor":["M","?","?","?","$","R","E","M","T","?","R","E","$","M","R","B",null,"M","?","M","M","?","R","M","?","T","T","?","?","R","?","R","B"],"character_chosen":"DEFECT","items_purchased":["Fruit Juice","Static Discharge"],"campfire_rested":2,"item_purchase_floors":[5,13],"current_hp_per_floor":[68,57,57,57,62,62,62,62,62,59,59,40,40,40,40,21,65,52,36,29,13,13,37,37,37,37,37,37,37,61,40,40,0],"gold":222,"neow_bonus":"THREE_ENEMY_KILL","is_prod":false,"is_daily":false,"chose_seed":false,"campfire_upgraded":1,"win_rate":0,"timestamp":1549088870,"path_taken":["M","?","?","?","$","R","E","M","T","?","R","E","$","M","R","BOSS","M","?","M","M","?","R","M","?","T","?","?","?","R","?","R","BOSS"],"build_version":"2019-01-23","purchased_purges":1,"victory":false,"max_hp_per_floor":[75,75,75,75,80,80,80,80,80,80,80,80,80,80,80,80,80,80,80,80,80,80,80,80,80,80,80,80,80,80,40,40,40],"card_choices":[{"not_picked":["Beam Cell","Darkness"],"picked":"Sweeping Beam","floor":1},{"not_picked":["Steam","Aggregate"],"picked":"Conserve Battery","floor":7},{"not_picked":["Sweeping Beam","Gash"],"picked":"Hello World","floor":8},{"not_picked":["Turbo","Auto Shields","Chaos"],"picked":"Go for the Eyes","floor":12},{"not_picked":["Redo","Barrage","Sunder"],"picked":"Chill","floor":14},{"not_picked":["Reboot+1","Meteor Strike","Hyperbeam"],"picked":"Electrodynamics","floor":16},{"not_picked":["Cold Snap","Chill+1","Steam+1"],"picked":"Scrape","floor":18},{"not_picked":["Blizzard","Hologram+1","Chaos+1"],"picked":"Rebound","floor":20},{"not_picked":["Beam Cell","Ball Lightning","Gash"],"picked":"Redo+1","floor":21},{"not_picked":["Fusion+1","Conserve Battery+1","Go for the Eyes+1"],"picked":"Heatsinks+1","floor":23},{"not_picked":["Blizzard","Steam+1","Compile Driver"],"picked":"Gash","floor":24},{"not_picked":["Reinforced Body+1","Rainbow+1","Doom and Gloom+1"],"picked":"Redo+1","floor":30}],"player_experience":938317,"relics_obtained":[{"floor":7,"key":"Shovel"},{"floor":9,"key":"Juzu Bracelet"},{"floor":11,"key":"Dream Catcher"},{"floor":12,"key":"PreservedInsect"},{"floor":15,"key":"Toxic Egg 2"},{"floor":19,"key":"Enchiridion"},{"floor":26,"key":"Ice Cream"},{"floor":27,"key":"Dodecahedron"},{"floor":32,"key":"Gremlin Horn"}],"event_choices":[{"damage_healed":0,"gold_gain":75,"player_choice":"Gather Gold","damage_taken":11,"max_hp_gain":0,"max_hp_loss":0,"event_name":"World of Goop","floor":2,"gold_loss":0},{"damage_healed":0,"gold_gain":0,"player_choice":"Box","damage_taken":0,"relics_obtained":["Anchor"],"max_hp_gain":0,"max_hp_loss":0,"event_name":"Big Fish","floor":3,"gold_loss":0,"cards_obtained":["Regret"]},{"cards_removed":["Regret"],"damage_healed":0,"gold_gain":0,"player_choice":"Removed Curses","damage_taken":0,"max_hp_gain":0,"max_hp_loss":0,"event_name":"Fountain of Cleansing","floor":4,"gold_loss":0},{"damage_healed":0,"gold_gain":0,"player_choice":"Success","damage_taken":3,"relics_obtained":["Question Card"],"max_hp_gain":0,"max_hp_loss":0,"event_name":"Scrap Ooze","floor":10,"gold_loss":0},{"damage_healed":0,"gold_gain":0,"player_choice":"Obtained Book","damage_taken":16,"max_hp_gain":0,"max_hp_loss":0,"event_name":"Cursed Tome","floor":19,"gold_loss":0},{"cards_removed":["Strike_B"],"damage_healed":0,"gold_gain":0,"player_choice":"Upgrade and Remove","damage_taken":0,"max_hp_gain":0,"max_hp_loss":0,"event_name":"Designer","floor":22,"gold_loss":90,"cards_upgraded":["Scrape"]},{"damage_healed":0,"gold_gain":0,"player_choice":"Inject Mutagens","damage_taken":0,"relics_obtained":["MutagenicStrength"],"max_hp_gain":0,"max_hp_loss":0,"event_name":"Drug Dealer","floor":25,"gold_loss":0},{"damage_healed":0,"gold_gain":0,"player_choice":"Trade","damage_taken":0,"relics_obtained":["FaceOfCleric"],"max_hp_gain":0,"max_hp_loss":0,"event_name":"FaceTrader","floor":28,"gold_loss":0},{"cards_removed":["Strike_B"],"damage_healed":0,"gold_gain":0,"player_choice":"Elegance","damage_taken":0,"max_hp_gain":0,"max_hp_loss":0,"event_name":"Back to Basics","floor":29,"gold_loss":0},{"damage_healed":0,"gold_gain":0,"player_choice":"Became a Ghost","damage_taken":0,"max_hp_gain":0,"max_hp_loss":40,"event_name":"Ghosts","floor":31,"gold_loss":0,"cards_obtained":["Ghostly","Ghostly","Ghostly","Ghostly","Ghostly"]}],"is_beta":false,"boss_relics":[{"not_picked":["Fusion Hammer","Empty Cage"],"picked":"Cursed Key"}],"items_purged_floors":[5],"is_endless":false,"potions_floor_spawned":[14,16,20,24],"killed_by":"Automaton","ascension_level":10}