{"gold_per_floor":[214,49,63,63,63,63,89,89,114,114,134,152,185,199,199,273,273,293,193],"floor_reached":19,"playtime":800,"items_purged":[],"score":345,"play_id":"d91e5684-e219-49b7-8a2c-fffd3d93c9c7","local_time":"20190226203933","is_ascension_mode":true,"campfire_choices":[{"data":"Seeing Red","floor":6,"key":"SMITH"},{"floor":8,"key":"REST"},{"floor":10,"key":"REST"},{"floor":15,"key":"REST"}],"neow_cost":"NONE","seed_source_timestamp":353049137138929,"circlet_count":0,"master_deck":["AscendersBane","Bash","Seeing Red+1","Pain","Spot Weakness","Feel No Pain","Wild Strike","Clash","Pommel Strike","Demon Form","Bludgeon","Barricade","Spot Weakness","Berserk","Evolve","Warcry","Ghostly Armor","Fire Breathing","Rage"],"relics":["Burning Blood","Bag of Marbles","WarpedTongs","Boot","Potion Belt","Shuriken","Pandora\u0027s Box"],"potions_floor_usage":[13,13,16,18,19],"damage_taken":[{"damage":12,"enemies":"Jaw Worm","floor":1,"turns":3},{"damage":8,"enemies":"Small Slimes","floor":3,"turns":4},{"damage":58,"enemies":"Lagavulin","floor":7,"turns":7},{"damage":9,"enemies":"Cultist","floor":11,"turns":3},{"damage":9,"enemies":"2 Fungi Beasts","floor":12,"turns":4},{"damage":10,"enemies":"Gremlin Nob","floor":13,"turns":3},{"damage":11,"enemies":"Looter","floor":14,"turns":3},{"damage":57,"enemies":"The Guardian","floor":16,"turns":9},{"damage":31,"enemies":"Shell Parasite","floor":18,"turns":2},{"damage":35,"enemies":"2 Thieves","floor":19,"turns":3}],"seed_played":"-3437240483836589793","potions_obtained":[{"floor":11,"key":"Weak Potion"},{"floor":12,"key":"Explosive Potion"},{"floor":13,"key":"Strength Potion"},{"floor":16,"key":"FearPotion"},{"floor":18,"key":"GamblersBrew"}],"is_trial":false,"path_per_floor":["M","$","M","?","?","R","E","R","T","R","M","M","E","M","R","B",null,"M","M"],"character_chosen":"IRONCLAD","items_purchased":["Bag of Marbles"],"campfire_rested":3,"item_purchase_floors":[2],"current_hp_per_floor":[62,62,60,60,60,60,8,30,30,52,49,46,42,37,59,8,58,33,0],"gold":193,"neow_bonus":"HUNDRED_GOLD","is_prod":false,"is_daily":false,"chose_seed":false,"campfire_upgraded":1,"win_rate":0,"timestamp":1551238773,"path_taken":["M","$","M","?","?","R","E","R","T","R","M","?","E","M","R","BOSS","M","M"],"build_version":"2019-01-23","purchased_purges":0,"victory":false,"max_hp_per_floor":[75,75,75,75,75,75,75,75,75,75,75,75,75,75,75,75,75,75,75],"card_choices":[{"not_picked":["Sword Boomerang","Warcry","Burning Pact"],"picked":"SKIP","floor":1},{"not_picked":["Warcry","Carnage"],"picked":"Seeing Red","floor":3},{"not_picked":["Havoc","Flex"],"picked":"Spot Weakness","floor":7},{"not_picked":["Havoc","Body Slam"],"picked":"Feel No Pain","floor":11},{"not_picked":["Warcry","Sword Boomerang"],"picked":"Wild Strike","floor":12},{"not_picked":["Intimidate","Ghostly Armor"],"picked":"Clash","floor":13},{"not_picked":["Entrench","Clothesline"],"picked":"Pommel Strike","floor":14},{"not_picked":["Bludgeon","Exhume"],"picked":"Demon Form","floor":16},{"not_picked":["Carnage","Warcry"],"picked":"Rage","floor":18}],"player_experience":1271243,"relics_obtained":[{"floor":7,"key":"Boot"},{"floor":9,"key":"Potion Belt"},{"floor":13,"key":"Shuriken"}],"event_choices":[{"cards_removed":["Strike_R"],"damage_healed":0,"gold_gain":0,"player_choice":"Forget","damage_taken":0,"max_hp_gain":0,"max_hp_loss":0,"event_name":"Living Wall","floor":4,"gold_loss":0},{"damage_healed":0,"gold_gain":0,"player_choice":"Rummage","damage_taken":0,"relics_obtained":["WarpedTongs"],"max_hp_gain":0,"max_hp_loss":0,"event_name":"Accursed Blacksmith","floor":5,"gold_loss":0,"cards_obtained":["Pain"]}],"is_beta":false,"boss_relics":[{"not_picked":["Black Star","Coffee Dripper"],"picked":"Pandora\u0027s Box"}],"items_purged_floors":[],"is_endless":false,"potions_floor_spawned":[11,12,13,16,18],"killed_by":"2 Thieves","ascension_level":19}