{"gold_per_floor":[112,112,37,0,15,15,15,15,15,32,57,57,72,82,82,186,186,200,200,200,53,64,77,77],"floor_reached":24,"playtime":1685,"items_purged":["Defend_B","Strike_B"],"score":196,"play_id":"6a19061a-904d-4cc8-8698-b70842815e37","local_time":"20181124153857","is_ascension_mode":false,"campfire_choices":[{"data":"Fusion","floor":6,"key":"SMITH"},{"floor":12,"key":"REST"},{"data":"Fission","floor":15,"key":"SMITH"}],"neow_cost":"NONE","seed_source_timestamp":701224928958960,"circlet_count":0,"master_deck":["Strike_B","Strike_B","Defend_B","Defend_B","Zap","Dualcast","Fusion+1","Conserve Battery","Ball Lightning","Darkness","White Noise","Fission+1","Zap","Leap","Ball Lightning+1","Ball Lightning+1","Reinforced Body","Machine Learning","Static Discharge","RitualDagger+1","Compile Driver+1","Static Discharge","Doom and Gloom+1"],"relics":["Cracked Core","Molten Egg 2","Regal Pillow","Philosopher\u0027s Stone"],"potions_floor_usage":[16,23,23,24,24],"damage_taken":[{"damage":1,"enemies":"Jaw Worm","floor":1,"turns":3},{"damage":0,"enemies":"Cultist","floor":5,"turns":3},{"damage":0,"enemies":"Small Slimes","floor":10,"turns":3},{"damage":28,"enemies":"Gremlin Nob","floor":11,"turns":4},{"damage":6,"enemies":"3 Louse","floor":13,"turns":2},{"damage":9,"enemies":"Lots of Slimes","floor":14,"turns":4},{"damage":46,"enemies":"Slime Boss","floor":16,"turns":9},{"damage":2,"enemies":"Spheric Guardian","floor":18,"turns":4},{"damage":13,"enemies":"3 Byrds","floor":22,"turns":4},{"damage":38,"enemies":"Snecko","floor":23,"turns":5},{"damage":18,"enemies":"Slavers","floor":24,"turns":1}],"seed_played":"4001893674106843605","potions_obtained":[{"floor":5,"key":"SpeedPotion"},{"floor":11,"key":"FearPotion"},{"floor":16,"key":"Explosive Potion"},{"floor":22,"key":"Fire Potion"},{"floor":23,"key":"EssenceOfSteel"}],"is_trial":false,"path_per_floor":["M","?","$","$","M","R","?","?","T","M","E","R","M","M","R","B",null,"M","?","?","$","M","M","E"],"character_chosen":"DEFECT","items_purchased":["Heatsinks","Compile Driver+1"],"campfire_rested":1,"item_purchase_floors":[4,21],"current_hp_per_floor":[74,74,74,74,74,74,74,74,74,74,46,75,69,60,60,14,75,73,73,67,67,54,16,0],"gold":77,"neow_bonus":"TRANSFORM_CARD","is_prod":false,"is_daily":false,"chose_seed":false,"campfire_upgraded":2,"win_rate":0.0,"timestamp":1543088337,"path_taken":["M","?","?","$","M","R","?","?","T","M","E","R","M","?","R","BOSS","M","?","?","?","M","M","E"],"build_version":"2018-11-15","purchased_purges":2,"victory":false,"max_hp_per_floor":[75,75,75,75,75,75,75,75,75,75,75,75,75,75,75,75,75,75,75,75,75,75,75,75],"card_choices":[{"not_picked":["Cold Snap","Redo"],"picked":"Conserve Battery","floor":1},{"not_picked":["Go for the Eyes","Rip and Tear"],"picked":"Darkness","floor":5},{"not_picked":["Conserve Battery","Auto Shields"],"picked":"Leap","floor":10},{"not_picked":["Conserve Battery","All For One+1"],"picked":"Ball Lightning+1","floor":11},{"not_picked":["Sweeping Beam+1","Gash+1"],"picked":"Ball Lightning+1","floor":13},{"not_picked":["Compile Driver+1","FTL+1"],"picked":"Reinforced Body","floor":14},{"not_picked":["Reboot","Echo Form"],"picked":"Machine Learning","floor":16},{"not_picked":["Compile Driver+1","Beam Cell+1"],"picked":"Static Discharge","floor":18},{"not_picked":["Stack+1","Reprogram"],"picked":"Static Discharge","floor":22},{"not_picked":["Loop","Steam"],"picked":"Doom and Gloom+1","floor":23}],"player_experience":23940,"relics_obtained":[{"floor":9,"key":"Molten Egg 2"},{"floor":11,"key":"Regal Pillow"}],"event_choices":[{"damage_healed":0,"gold_gain":0,"cards_transformed":["Strike_B"],"player_choice":"Transformed","damage_taken":0,"max_hp_gain":0,"max_hp_loss":0,"event_name":"Transmorgrifier","floor":2,"gold_loss":0,"cards_obtained":["Ball Lightning"]},{"damage_healed":0,"gold_gain":0,"cards_transformed":["Heatsinks"],"player_choice":"Change","damage_taken":0,"max_hp_gain":0,"max_hp_loss":0,"event_name":"Living Wall","floor":7,"gold_loss":0,"cards_obtained":["White Noise"]},{"damage_healed":0,"gold_gain":0,"player_choice":"2 cards matched","damage_taken":0,"max_hp_gain":0,"max_hp_loss":0,"event_name":"Match and Keep!","floor":8,"gold_loss":0,"cards_obtained":["Fission","Zap"]},{"damage_healed":0,"gold_gain":0,"player_choice":"Ignored","damage_taken":0,"max_hp_gain":0,"max_hp_loss":0,"event_name":"Ghosts","floor":19,"gold_loss":0},{"damage_healed":0,"gold_gain":0,"player_choice":"Joined the Cult","damage_taken":6,"max_hp_gain":0,"max_hp_loss":0,"event_name":"Nest","floor":20,"gold_loss":0,"cards_obtained":["RitualDagger"]}],"is_beta":false,"boss_relics":[{"not_picked":["Black Star","Eternal Feather"],"picked":"Philosopher\u0027s Stone"}],"items_purged_floors":[3,21],"is_endless":false,"potions_floor_spawned":[5,11,16,22,23],"killed_by":"Slavers","ascension_level":0}