{"path_per_floor":["M","M","M","M","M","R","$","E","T","M","R","E","R","M","R","B",null,"M","$","M"],"character_chosen":"DEFECT","items_purchased":["Pen Nib","Lantern"],"gold_per_floor":[117,133,150,161,172,172,22,52,52,67,67,97,97,113,113,213,213,231,9,22,22],"floor_reached":21,"campfire_rested":3,"playtime":1346,"current_hp_per_floor":[74,70,64,54,19,41,41,23,23,15,39,39,63,61,61,43,82,50,50,7,0],"items_purged":["Strike_B"],"gold":22,"score":262,"play_id":"6bf41c6f-6a30-4406-b759-79b049363f8d","local_time":"20180513110714","is_prod":false,"is_daily":false,"chose_seed":false,"is_ascension_mode":true,"campfire_upgraded":1,"timestamp":1526231234,"path_taken":["M","M","M","M","?","R","$","E","T","M","R","E","R","M","R","BOSS","M","?","?","M"],"build_version":"2018-05-12v2","seed_source_timestamp":310069940590271,"purchased_purges":1,"victory":false,"master_deck":["Strike_B","Strike_B","Strike_B","Defend_B","Defend_B","Defend_B","Defend_B","Zap","Dualcast","Fusion+1","Sweeping Beam","Chaos","Rainbow","BootSequence","Fission","Blizzard","Doom and Gloom","Machine Learning","Defragment","Conserve Battery+1"],"max_hp_per_floor":[75,75,75,75,75,75,75,82,82,82,82,82,82,82,82,82,82,82,82,82,82],"relics":["Cracked Core","Pen Nib","Strawberry","Question Card","Bronze Scales","Philosopher\u0027s Stone","Lantern"],"card_choices":[{"not_picked":["Barrage","Static Discharge"],"picked":"Sweeping Beam","floor":1},{"not_picked":["Streamline","Skim","Go for the Eyes"],"picked":"SKIP","floor":2},{"not_picked":["Steam","Skim"],"picked":"Chaos","floor":3},{"not_picked":["Beam Cell","Coolheaded"],"picked":"Rainbow","floor":4},{"not_picked":["Ball Lightning","Sunder"],"picked":"BootSequence","floor":5},{"not_picked":["Go for the Eyes","Hello World","Melter"],"picked":"SKIP","floor":8},{"not_picked":["Hologram","Capacitor","Turbo"],"picked":"Fission","floor":10},{"not_picked":["Sweeping Beam","Hello World","Turbo"],"picked":"Blizzard","floor":12},{"not_picked":["Impulse","Turbo","Steam"],"picked":"Doom and Gloom","floor":14},{"not_picked":["Seek","All For One","Fusion"],"picked":"Machine Learning","floor":16},{"not_picked":["Leap","Sweeping Beam+1","Capacitor+1"],"picked":"Defragment","floor":18},{"not_picked":["Gash","Steam","Genetic Algorithm"],"picked":"Conserve Battery+1","floor":20}],"player_experience":107822,"potions_floor_usage":[12,16,16,18,18,18],"damage_taken":[{"damage":1,"enemies":"Cultist","floor":1,"turns":3},{"damage":4,"enemies":"Jaw Worm","floor":2,"turns":3},{"damage":6,"enemies":"2 Louse","floor":3,"turns":2},{"damage":10,"enemies":"Gremlin Gang","floor":4,"turns":3},{"damage":35,"enemies":"Exordium Thugs","floor":5,"turns":5},{"damage":25,"enemies":"Lagavulin","floor":8,"turns":5},{"damage":8,"enemies":"Blue Slaver","floor":10,"turns":3},{"damage":0,"enemies":"3 Sentries","floor":12,"turns":3},{"damage":2,"enemies":"Red Slaver","floor":14,"turns":2},{"damage":18,"enemies":"Slime Boss","floor":16,"turns":8},{"damage":32,"enemies":"3 Byrds","floor":18,"turns":2},{"damage":43,"enemies":"Shell Parasite","floor":20,"turns":5},{"damage":27,"enemies":"Chosen and Byrds","floor":21,"turns":3}],"event_choices":[],"boss_relics":[{"not_picked":["Tiny House","Inserter"],"picked":"Philosopher\u0027s Stone"}],"potions_floor_spawned":[4,5,8,10,12,14,18],"seed_played":"-9072688192083561618","killed_by":"Chosen and Byrds","ascension_level":4,"is_trial":false}