{"gold_per_floor":[119,134,46,64,81,81,81,109,109,125,143,169,169,180,180,254,254,254],"floor_reached":18,"playtime":1200,"items_purged":[],"score":348,"play_id":"4e97ac36-fde2-451b-976a-ff7e24abab6f","local_time":"20190315201311","is_ascension_mode":true,"campfire_choices":[{"floor":6,"key":"REST"},{"floor":13,"key":"REST"},{"floor":15,"key":"REST"}],"neow_cost":"CURSE","seed_source_timestamp":175376158090066,"circlet_count":0,"master_deck":["AscendersBane","Strike_R","Strike_R","Defend_R","Defend_R","Defend_R","Defend_R","Bash","Cleave","Bloodletting","Feel No Pain","Feel No Pain","Cleave","True Grit","Intimidate","Impervious","Clash+1","Immolate+1","Entrench+1","Entrench+1","Pummel+1"],"relics":["Burning Blood","Unceasing Top","Gremlin Horn","Molten Egg 2","Lantern","Astrolabe"],"potions_floor_usage":[8,8,12,16],"damage_taken":[{"damage":8,"enemies":"Cultist","floor":1,"turns":5},{"damage":21,"enemies":"Jaw Worm","floor":2,"turns":5},{"damage":10,"enemies":"Small Slimes","floor":4,"turns":4},{"damage":17,"enemies":"Looter","floor":5,"turns":3},{"damage":24,"enemies":"Gremlin Nob","floor":8,"turns":4},{"damage":4,"enemies":"2 Fungi Beasts","floor":10,"turns":3},{"damage":23,"enemies":"Exordium Wildlife","floor":11,"turns":6},{"damage":17,"enemies":"3 Sentries","floor":12,"turns":8},{"damage":15,"enemies":"Exordium Thugs","floor":14,"turns":6},{"damage":45,"enemies":"Slime Boss","floor":16,"turns":12},{"damage":76,"enemies":"Shell Parasite","floor":18,"turns":11}],"seed_played":"-5114677619898997084","potions_obtained":[{"floor":4,"key":"PowerPotion"},{"floor":5,"key":"Weak Potion"},{"floor":8,"key":"SneckoOil"},{"floor":10,"key":"Weak Potion"},{"floor":11,"key":"Energy Potion"}],"is_trial":false,"path_per_floor":["M","M","$","M","M","R","?","E","T","M","M","E","R","M","R","B",null,"M"],"character_chosen":"IRONCLAD","items_purchased":["Feel No Pain"],"campfire_rested":3,"item_purchase_floors":[3],"current_hp_per_floor":[66,51,51,47,36,58,58,40,40,42,25,14,35,26,47,8,56,0],"gold":254,"neow_bonus":"ONE_RARE_RELIC","is_prod":false,"is_daily":false,"chose_seed":false,"campfire_upgraded":0,"win_rate":0,"timestamp":1552702391,"path_taken":["M","M","$","M","?","R","?","E","T","M","M","E","R","M","R","BOSS","M"],"build_version":"2019-01-23","purchased_purges":0,"victory":false,"max_hp_per_floor":[75,75,75,75,75,75,72,72,72,72,72,72,72,72,72,72,72,72],"card_choices":[{"not_picked":["Pommel Strike","Disarm"],"picked":"Cleave","floor":1},{"not_picked":["Entrench","Perfected Strike"],"picked":"Bloodletting","floor":2},{"not_picked":["Sword Boomerang","Twin Strike"],"picked":"Feel No Pain","floor":4},{"not_picked":["Wild Strike","Pommel Strike"],"picked":"Cleave","floor":5},{"not_picked":["Headbutt","Dual Wield"],"picked":"True Grit","floor":8},{"not_picked":["Heavy Blade+1","Havoc","Shockwave"],"picked":"SKIP","floor":10},{"not_picked":["Fire Breathing","Spot Weakness"],"picked":"Intimidate","floor":11},{"not_picked":["Iron Wave+1","Burning Pact"],"picked":"Impervious","floor":12},{"not_picked":["Cleave+1","Iron Wave+1"],"picked":"Clash+1","floor":14},{"not_picked":["Feed+1","Brutality"],"picked":"Immolate+1","floor":16}],"player_experience":1438287,"relics_obtained":[{"floor":8,"key":"Gremlin Horn"},{"floor":9,"key":"Molten Egg 2"},{"floor":12,"key":"Lantern"}],"event_choices":[{"cards_removed":["Parasite"],"damage_healed":0,"gold_gain":0,"player_choice":"Forget","damage_taken":0,"max_hp_gain":0,"max_hp_loss":0,"event_name":"Living Wall","floor":7,"gold_loss":0}],"is_beta":false,"boss_relics":[{"not_picked":["Lizard Tail","Coffee Dripper"],"picked":"Astrolabe"}],"items_purged_floors":[],"is_endless":false,"potions_floor_spawned":[4,5,8,10,11],"killed_by":"Shell Parasite","ascension_level":20}