{"gold_per_floor":[119,129,140,65,65,65,65,65,65,76,76,102,102,127,127,127],"floor_reached":16,"playtime":854,"items_purged":["Strike_B"],"score":189,"play_id":"f451e900-8f1f-43f8-8417-84beeeec9b37","local_time":"20190208202851","is_ascension_mode":true,"campfire_choices":[{"data":"Genetic Algorithm","floor":6,"key":"SMITH"},{"data":"Zap","floor":8,"key":"SMITH"},{"floor":11,"key":"DIG"},{"floor":15,"key":"REST"}],"neow_cost":"NONE","seed_source_timestamp":1820703492483374,"circlet_count":0,"master_deck":["AscendersBane","Strike_B","Defend_B","Defend_B","Defend_B","Defend_B","Zap+1","Dualcast+1","Sweeping Beam","Stack","Genetic Algorithm+1","Multi-Cast","Cold Snap+1","Coolheaded+1"],"relics":["Cracked Core","Shovel","PreservedInsect","Molten Egg 2","Boot","Toxic Egg 2"],"potions_floor_usage":[12,16,16],"damage_taken":[{"damage":2,"enemies":"Jaw Worm","floor":1,"turns":3},{"damage":8,"enemies":"2 Louse","floor":2,"turns":2},{"damage":0,"enemies":"Cultist","floor":3,"turns":3},{"damage":9,"enemies":"3 Louse","floor":10,"turns":3},{"damage":6,"enemies":"Gremlin Nob","floor":12,"turns":3},{"damage":16,"enemies":"Lagavulin","floor":14,"turns":5},{"damage":38,"enemies":"Slime Boss","floor":16,"turns":12}],"seed_played":"7965657511505708621","potions_obtained":[{"floor":2,"key":"Block Potion"},{"floor":10,"key":"Block Potion"},{"floor":14,"key":"Block Potion"}],"is_trial":false,"path_per_floor":["M","M","M","$","?","R","?","R","T","M","R","E","?","E","R","B"],"character_chosen":"DEFECT","items_purchased":[],"campfire_rested":1,"item_purchase_floors":[],"current_hp_per_floor":[62,54,54,54,54,54,54,54,54,45,45,39,28,12,33,0],"gold":127,"neow_bonus":"UPGRADE_CARD","is_prod":false,"is_daily":false,"chose_seed":false,"campfire_upgraded":2,"win_rate":0,"timestamp":1549682931,"path_taken":["M","M","M","$","?","R","?","R","T","?","R","E","?","E","R","BOSS"],"build_version":"2019-01-23","purchased_purges":1,"victory":false,"max_hp_per_floor":[71,71,71,71,71,71,71,71,71,71,71,71,71,71,71,71],"card_choices":[{"not_picked":["Undo","Streamline"],"picked":"Sweeping Beam","floor":1},{"not_picked":["Turbo","Sweeping Beam"],"picked":"Stack","floor":2},{"not_picked":["White Noise","Ball Lightning"],"picked":"Genetic Algorithm","floor":3},{"not_picked":["Fusion","Auto Shields"],"picked":"Multi-Cast","floor":10},{"not_picked":["Fusion","Glacier"],"picked":"Cold Snap","floor":12},{"not_picked":["Hello World","Streamline+1"],"picked":"Coolheaded","floor":14}],"player_experience":1006243,"relics_obtained":[{"floor":9,"key":"Shovel"},{"floor":11,"key":"PreservedInsect"},{"floor":12,"key":"Molten Egg 2"},{"floor":14,"key":"Toxic Egg 2"}],"event_choices":[{"cards_removed":["Strike_B"],"damage_healed":0,"gold_gain":0,"player_choice":"Forget","damage_taken":0,"max_hp_gain":0,"max_hp_loss":0,"event_name":"Living Wall","floor":5,"gold_loss":0},{"cards_removed":["Strike_B"],"damage_healed":0,"gold_gain":0,"player_choice":"Offered Basic","damage_taken":0,"max_hp_gain":0,"max_hp_loss":0,"event_name":"Bonfire Elementals","floor":7,"gold_loss":0},{"damage_healed":0,"gold_gain":0,"player_choice":"Success","damage_taken":11,"relics_obtained":["Boot"],"max_hp_gain":0,"max_hp_loss":0,"event_name":"Scrap Ooze","floor":13,"gold_loss":0}],"is_beta":false,"boss_relics":[],"items_purged_floors":[4],"is_endless":false,"potions_floor_spawned":[2,10,14],"killed_by":"Slime Boss","ascension_level":15}