{"gold_per_floor":[109,121,46,62,76,76,108,283,308,308,408,425,445,49,49,121,121,138,63,63],"floor_reached":20,"playtime":1038,"items_purged":["Strike_B","Doubt"],"score":296,"play_id":"2a5ce131-85c6-4a3e-89e6-c554ab5dba61","local_time":"20190205212538","is_ascension_mode":true,"campfire_choices":[{"data":"Zap","floor":6,"key":"SMITH"},{"floor":10,"key":"REST"},{"data":"Buffer","floor":15,"key":"SMITH"}],"neow_cost":"TEN_PERCENT_HP_LOSS","seed_source_timestamp":1564718838137647,"circlet_count":0,"master_deck":["AscendersBane","Defend_B","Defend_B","Defend_B","Defend_B","Zap+1","Dualcast","Ball Lightning","Cold Snap","Beam Cell","Buffer+1","Hologram","Cold Snap","Creative AI","Rainbow"],"relics":["Cracked Core","Orichalcum","Boot","Happy Flower","Cursed Key"],"potions_floor_usage":[13,16,20],"damage_taken":[{"damage":0,"enemies":"Small Slimes","floor":1,"turns":3},{"damage":0,"enemies":"2 Louse","floor":2,"turns":1},{"damage":0,"enemies":"Cultist","floor":4,"turns":3},{"damage":10,"enemies":"Looter","floor":5,"turns":3},{"damage":19,"enemies":"3 Sentries","floor":7,"turns":8},{"damage":0,"enemies":"2 Fungi Beasts","floor":12,"turns":4},{"damage":9,"enemies":"3 Louse","floor":13,"turns":3},{"damage":22,"enemies":"Hexaghost","floor":16,"turns":10},{"damage":11,"enemies":"Spheric Guardian","floor":18,"turns":5},{"damage":50,"enemies":"Masked Bandits","floor":20,"turns":3}],"seed_played":"-8744990436187048146","potions_obtained":[{"floor":4,"key":"Weak Potion"},{"floor":12,"key":"Swift Potion"},{"floor":13,"key":"GamblersBrew"},{"floor":16,"key":"SpeedPotion"}],"is_trial":false,"path_per_floor":["M","M","$","M","M","R","E","?","T","R","?","M","M","$","R","B",null,"M","?","?"],"character_chosen":"DEFECT","items_purchased":["Happy Flower","Creative AI"],"campfire_rested":1,"item_purchase_floors":[14,14],"current_hp_per_floor":[64,64,64,64,54,54,35,35,35,54,54,54,45,45,45,23,54,43,43,0],"gold":63,"neow_bonus":"REMOVE_TWO","is_prod":false,"is_daily":false,"chose_seed":false,"campfire_upgraded":2,"win_rate":0,"timestamp":1549427138,"path_taken":["M","M","$","M","M","R","E","?","T","R","?","M","?","$","R","BOSS","M","?","?"],"build_version":"2019-01-23","purchased_purges":2,"victory":false,"max_hp_per_floor":[64,64,64,64,64,64,64,64,64,64,64,64,64,64,64,64,64,64,64,64],"card_choices":[{"not_picked":["Sweeping Beam","Tempest"],"picked":"Ball Lightning","floor":1},{"not_picked":["Compile Driver","Sweeping Beam"],"picked":"Cold Snap","floor":2},{"not_picked":["Conserve Battery","Scrape"],"picked":"Beam Cell","floor":4},{"not_picked":["Rebound","Steam","Undo"],"picked":"SKIP","floor":5},{"not_picked":["Barrage","Chaos"],"picked":"Buffer","floor":7},{"not_picked":["Rebound","Storm"],"picked":"Hologram","floor":12},{"not_picked":["Barrage","Double Energy"],"picked":"Cold Snap","floor":13},{"not_picked":["Multi-Cast","Echo Form"],"picked":"Rainbow","floor":16},{"not_picked":["Hologram","Gash","Turbo+1"],"picked":"SKIP","floor":18}],"player_experience":979468,"relics_obtained":[{"floor":7,"key":"Orichalcum"},{"floor":9,"key":"Boot"}],"event_choices":[{"damage_healed":0,"gold_gain":175,"player_choice":"AGREE","damage_taken":0,"max_hp_gain":0,"max_hp_loss":0,"event_name":"Liars Game","floor":8,"gold_loss":0,"cards_obtained":["Doubt"]},{"damage_healed":0,"gold_gain":100,"player_choice":"Pray","damage_taken":0,"max_hp_gain":0,"max_hp_loss":0,"event_name":"Golden Shrine","floor":11,"gold_loss":0},{"cards_removed":["Strike_B"],"damage_healed":0,"gold_gain":0,"player_choice":"Gave Gold","damage_taken":0,"max_hp_gain":0,"max_hp_loss":0,"event_name":"Beggar","floor":19,"gold_loss":75},{"damage_healed":0,"gold_gain":0,"player_choice":"Fought Bandits","damage_taken":0,"max_hp_gain":0,"max_hp_loss":0,"event_name":"Masked Bandits","floor":20,"gold_loss":0}],"is_beta":false,"boss_relics":[{"not_picked":["Busted Crown","Velvet Choker"],"picked":"Cursed Key"}],"items_purged_floors":[3,14],"is_endless":false,"potions_floor_spawned":[4,12,13,16,18],"killed_by":"Masked Bandits","ascension_level":14}