{"gold_per_floor":[109,126,141,141,151,183,183,152,152,171,191,191],"floor_reached":12,"playtime":824,"items_purged":[],"score":139,"play_id":"a70d22cd-35af-469c-ba2a-37ee60a7c1db","local_time":"20190306163231","is_ascension_mode":true,"campfire_choices":[{"data":"Body Slam","floor":7,"key":"SMITH"}],"neow_cost":"NONE","seed_source_timestamp":168158263256163,"circlet_count":0,"master_deck":["AscendersBane","Strike_R","Strike_R","Strike_R","Strike_R","Strike_R","Defend_R","Defend_R","Defend_R","Defend_R","Bash","Iron Wave","Warcry","Burning Pact","Dropkick","Body Slam+1","Entrench","Metallicize","Iron Wave"],"relics":["Burning Blood","WingedGreaves","Pantograph"],"potions_floor_usage":[6,6,12,12],"damage_taken":[{"damage":1,"enemies":"Cultist","floor":1,"turns":3},{"damage":0,"enemies":"Small Slimes","floor":2,"turns":3},{"damage":6,"enemies":"2 Louse","floor":3,"turns":3},{"damage":9,"enemies":"Exordium Wildlife","floor":5,"turns":6},{"damage":33,"enemies":"Gremlin Nob","floor":6,"turns":6},{"damage":33,"enemies":"Exordium Thugs","floor":8,"turns":5},{"damage":11,"enemies":"3 Louse","floor":10,"turns":4},{"damage":12,"enemies":"Large Slime","floor":11,"turns":10},{"damage":23,"enemies":"Lagavulin","floor":12,"turns":7}],"seed_played":"-8861077294117274837","potions_obtained":[{"floor":3,"key":"Weak Potion"},{"floor":4,"key":"EssenceOfSteel"},{"floor":8,"key":"Poison Potion"},{"floor":11,"key":"FearPotion"}],"is_trial":false,"path_per_floor":["M","M","M","?","M","E","R","M","T","M","M","E"],"character_chosen":"IRONCLAD","items_purchased":[],"campfire_rested":0,"item_purchase_floors":[],"current_hp_per_floor":[85,88,88,88,85,58,58,31,31,26,20,0],"gold":191,"neow_bonus":"TEN_PERCENT_HP_BONUS","is_prod":false,"is_daily":false,"chose_seed":false,"campfire_upgraded":1,"win_rate":0,"timestamp":1551911551,"path_taken":["M","M","M","?","M","E","R","M","T","?","M","E"],"build_version":"2019-01-23","purchased_purges":0,"victory":false,"max_hp_per_floor":[88,88,88,88,88,88,88,88,88,88,88,88],"card_choices":[{"not_picked":["Body Slam","Havoc"],"picked":"Iron Wave","floor":1},{"not_picked":["Anger","Brutality"],"picked":"Warcry","floor":2},{"not_picked":["Flex","True Grit"],"picked":"Burning Pact","floor":3},{"not_picked":["Thunderclap","Havoc"],"picked":"Dropkick","floor":5},{"not_picked":["True Grit","Thunderclap"],"picked":"Body Slam","floor":6},{"not_picked":["Sentinel","Sword Boomerang"],"picked":"Entrench","floor":8},{"not_picked":["Blood for Blood","Entrench"],"picked":"Metallicize","floor":10},{"not_picked":["Hemokinesis","Infernal Blade"],"picked":"Iron Wave","floor":11}],"player_experience":537272,"relics_obtained":[{"floor":6,"key":"WingedGreaves"},{"floor":9,"key":"Pantograph"}],"event_choices":[{"damage_healed":0,"gold_gain":0,"player_choice":"Got Potions","damage_taken":0,"max_hp_gain":0,"max_hp_loss":0,"event_name":"Lab","floor":4,"gold_loss":0}],"is_beta":false,"boss_relics":[],"items_purged_floors":[],"is_endless":false,"potions_floor_spawned":[3,5,8,11],"killed_by":"Lagavulin","ascension_level":13}