{"gold_per_floor":[111,111,121,133,144,144,172,172,196,228,193,209,222,234,234,313,313,323,169,181,201,201,201,201],"floor_reached":24,"playtime":1546,"items_purged":["Strike_B"],"score":447,"play_id":"7dcb0291-842d-466e-96c1-293aa4fbcf8d","local_time":"20190306143106","is_ascension_mode":true,"campfire_choices":[{"data":"Sunder","floor":6,"key":"SMITH"},{"data":"Buffer","floor":8,"key":"SMITH"},{"data":"Machine Learning","floor":15,"key":"SMITH"},{"floor":23,"key":"REST"}],"neow_cost":"NONE","seed_source_timestamp":394863375908512,"circlet_count":0,"master_deck":["AscendersBane","Strike_B","Strike_B","Defend_B","Defend_B","Defend_B","Defend_B","Zap","Dualcast","Sunder+1","Coolheaded","Buffer+1","Leap","Hologram","Machine Learning+1","Self Repair","Gash","Force Field","Amplify","White Noise","FTL","Recycle","Double Energy+1"],"relics":["Cracked Core","Strawberry","Oddly Smooth Stone","Inserter"],"potions_floor_usage":[7,10,16,21],"damage_taken":[{"damage":4,"enemies":"Jaw Worm","floor":1,"turns":4},{"damage":5,"enemies":"Small Slimes","floor":3,"turns":3},{"damage":1,"enemies":"Cultist","floor":4,"turns":3},{"damage":12,"enemies":"2 Fungi Beasts","floor":5,"turns":3},{"damage":0,"enemies":"Lagavulin","floor":7,"turns":8},{"damage":3,"enemies":"3 Sentries","floor":10,"turns":7},{"damage":14,"enemies":"Lots of Slimes","floor":12,"turns":4},{"damage":6,"enemies":"Exordium Wildlife","floor":13,"turns":7},{"damage":0,"enemies":"Red Slaver","floor":14,"turns":4},{"damage":7,"enemies":"The Guardian","floor":16,"turns":13},{"damage":16,"enemies":"Spheric Guardian","floor":18,"turns":7},{"damage":15,"enemies":"3 Byrds","floor":20,"turns":4},{"damage":56,"enemies":"Cultist and Chosen","floor":21,"turns":11},{"damage":70,"enemies":"Gremlin Leader","floor":24,"turns":4}],"seed_played":"-1687297387700311022","potions_obtained":[{"floor":4,"key":"EssenceOfSteel"},{"floor":5,"key":"FairyPotion"},{"floor":7,"key":"PowerPotion"},{"floor":13,"key":"Energy Potion"},{"floor":14,"key":"AttackPotion"},{"floor":20,"key":"Poison Potion"}],"is_trial":false,"path_per_floor":["M","?","M","M","M","R","E","R","T","E","?","M","M","M","R","B",null,"M","$","M","M","?","R","E"],"character_chosen":"DEFECT","items_purchased":["FTL"],"campfire_rested":1,"item_purchase_floors":[19],"current_hp_per_floor":[67,67,62,61,49,49,56,56,56,53,74,60,61,68,68,68,81,72,72,64,15,15,40,0],"gold":201,"neow_bonus":"TEN_PERCENT_HP_BONUS","is_prod":false,"is_daily":false,"chose_seed":false,"campfire_upgraded":3,"win_rate":0,"timestamp":1551875466,"path_taken":["M","?","M","M","M","R","E","R","T","E","?","M","M","M","R","BOSS","M","$","M","M","?","R","E"],"build_version":"2019-01-23","purchased_purges":1,"victory":false,"max_hp_per_floor":[78,78,78,78,78,78,85,85,85,85,85,85,85,85,85,85,85,85,85,85,85,85,85,85],"card_choices":[{"not_picked":["Gash","Steam"],"picked":"Sunder","floor":1},{"not_picked":["Turbo","Redo"],"picked":"Coolheaded","floor":3},{"not_picked":["Redo","Steam"],"picked":"Buffer","floor":4},{"not_picked":["Rebound","Coolheaded"],"picked":"Leap","floor":5},{"not_picked":["Rebound","Aggregate"],"picked":"Hologram","floor":7},{"not_picked":["Consume","Sweeping Beam"],"picked":"Machine Learning","floor":10},{"not_picked":["Recycle","Consume"],"picked":"Self Repair","floor":12},{"not_picked":["Streamline","Static Discharge"],"picked":"Gash","floor":13},{"not_picked":["Turbo","Compile Driver"],"picked":"Force Field","floor":14},{"not_picked":["Meteor Strike","Thunder Strike"],"picked":"Amplify","floor":16},{"not_picked":["Leap","Barrage"],"picked":"White Noise","floor":18},{"not_picked":["Redo","Sweeping Beam"],"picked":"Recycle","floor":20},{"not_picked":["Stack","Leap+1"],"picked":"Double Energy+1","floor":21}],"player_experience":761438,"relics_obtained":[{"floor":7,"key":"Strawberry"},{"floor":10,"key":"Oddly Smooth Stone"}],"event_choices":[{"damage_healed":0,"gold_gain":0,"player_choice":"Fled","damage_taken":0,"max_hp_gain":0,"max_hp_loss":0,"event_name":"Scrap Ooze","floor":2,"gold_loss":0},{"damage_healed":21,"gold_gain":0,"player_choice":"Healed","damage_taken":0,"max_hp_gain":0,"max_hp_loss":0,"event_name":"The Cleric","floor":11,"gold_loss":35},{"cards_removed":["Strike_B"],"damage_healed":0,"gold_gain":0,"player_choice":"Purged","damage_taken":0,"max_hp_gain":0,"max_hp_loss":0,"event_name":"Purifier","floor":22,"gold_loss":0}],"is_beta":false,"boss_relics":[{"not_picked":["Busted Crown","Velvet Choker"],"picked":"Inserter"}],"items_purged_floors":[19],"is_endless":false,"potions_floor_spawned":[4,5,7,13,14,20],"killed_by":"Gremlin Leader","ascension_level":18}