{"gold_per_floor":[112,37,37,14,24,53,53,70,70,95,112,131,131,158,158,256,256,273,548,300,313,60,60,79,111,163,189,189,215,215,21,21,21],"floor_reached":33,"playtime":2179,"items_purged":["Strike_R","Regret"],"score":445,"play_id":"c0ad71cb-138e-4d48-b9e8-343d498d7327","local_time":"20190306233516","is_ascension_mode":true,"campfire_choices":[{"data":"Blood for Blood","floor":7,"key":"SMITH"},{"data":"Armaments","floor":13,"key":"SMITH"},{"data":"Havoc","floor":15,"key":"SMITH"},{"data":"Pommel Strike","floor":23,"key":"SMITH"},{"data":"1","floor":28,"key":"LIFT"},{"data":"2","floor":30,"key":"LIFT"},{"data":"3","floor":32,"key":"LIFT"}],"neow_cost":"NONE","seed_source_timestamp":503693961924050,"circlet_count":0,"master_deck":["Strike_R","Strike_R","Strike_R","Strike_R","Defend_R","Defend_R","Defend_R+1","Defend_R","Bash+1","Pommel Strike+1","Headbutt","Shrug It Off","Blood for Blood+1","Armaments+1","Fiend Fire","Havoc+1","Disarm+1","Shrug It Off","Feed","Pommel Strike+1","Exhume","Power Through","True Grit","Inflame","Corruption+1"],"relics":["Burning Blood","Letter Opener","Ornamental Fan","Bronze Scales","War Paint","Black Star","Red Skull","Kunai","Orichalcum","Potion Belt","Centennial Puzzle","Girya","Omamori","Meat on the Bone","Nunchaku","ClockworkSouvenir"],"potions_floor_usage":[25,27,29],"damage_taken":[{"damage":2,"enemies":"2 Louse","floor":1,"turns":3},{"damage":0,"enemies":"Cultist","floor":5,"turns":2},{"damage":32,"enemies":"Lagavulin","floor":6,"turns":5},{"damage":0,"enemies":"Small Slimes","floor":8,"turns":2},{"damage":27,"enemies":"3 Sentries","floor":10,"turns":8},{"damage":2,"enemies":"2 Fungi Beasts","floor":11,"turns":3},{"damage":2,"enemies":"3 Louse","floor":12,"turns":3},{"damage":8,"enemies":"Gremlin Nob","floor":14,"turns":3},{"damage":0,"enemies":"Hexaghost","floor":16,"turns":9},{"damage":7,"enemies":"Chosen","floor":18,"turns":6},{"damage":38,"enemies":"2 Thieves","floor":21,"turns":4},{"damage":10,"enemies":"Centurion and Healer","floor":24,"turns":3},{"damage":39,"enemies":"Slavers","floor":25,"turns":5},{"damage":15,"enemies":"Gremlin Leader","floor":27,"turns":8},{"damage":1,"enemies":"Book of Stabbing","floor":29,"turns":5},{"damage":24,"enemies":"Champ","floor":33,"turns":7}],"seed_played":"4607257844694375949","potions_obtained":[{"floor":6,"key":"SteroidPotion"},{"floor":10,"key":"Block Potion"},{"floor":12,"key":"BloodPotion"},{"floor":16,"key":"Weak Potion"},{"floor":21,"key":"Regen Potion"},{"floor":25,"key":"EssenceOfSteel"}],"is_trial":false,"path_per_floor":["M","$","?","$","M","E","R","M","T","E","M","M","R","E","R","B",null,"M","?","$","M","$","R","M","E","T","E","R","E","R","$","R","B"],"character_chosen":"IRONCLAD","items_purchased":["Headbutt","Red Skull","Kunai","ClockworkSouvenir"],"campfire_rested":0,"item_purchase_floors":[4,20,22,31],"current_hp_per_floor":[80,80,80,80,80,54,54,60,60,39,43,47,47,45,45,51,80,79,79,79,47,47,47,46,27,27,18,18,23,23,23,23,0],"gold":21,"neow_bonus":"UPGRADE_CARD","is_prod":false,"is_daily":false,"chose_seed":false,"campfire_upgraded":4,"win_rate":0,"timestamp":1551940516,"path_taken":["M","$","?","$","M","E","R","M","T","E","M","M","R","E","R","BOSS","M","?","$","M","?","R","M","E","T","E","R","E","R","$","R","BOSS"],"build_version":"2019-01-23","purchased_purges":2,"victory":false,"max_hp_per_floor":[80,80,80,80,80,80,80,80,80,80,80,80,80,80,80,80,80,80,80,80,80,80,80,83,83,83,83,83,83,83,83,83,83],"card_choices":[{"not_picked":["Anger","Warcry"],"picked":"Pommel Strike","floor":1},{"not_picked":["Havoc","Thunderclap"],"picked":"Shrug It Off","floor":5},{"not_picked":["Sentinel","Wild Strike"],"picked":"Blood for Blood","floor":6},{"not_picked":["Sever Soul","Reckless Charge"],"picked":"Armaments","floor":8},{"not_picked":["Pommel Strike","Corruption"],"picked":"Fiend Fire","floor":10},{"not_picked":["Body Slam","Intimidate"],"picked":"Havoc","floor":11},{"not_picked":["Headbutt","Heavy Blade"],"picked":"Disarm","floor":12},{"not_picked":["Armaments","Clothesline"],"picked":"Shrug It Off","floor":14},{"not_picked":["Limit Break","Reaper"],"picked":"Feed","floor":16},{"not_picked":["Warcry+1","True Grit"],"picked":"Pommel Strike+1","floor":18},{"not_picked":["Rage","Reckless Charge"],"picked":"Exhume","floor":21},{"not_picked":["Heavy Blade","Thunderclap"],"picked":"Power Through","floor":24},{"not_picked":["Second Wind","Wild Strike"],"picked":"True Grit","floor":25},{"not_picked":["Twin Strike+1","Power Through+1"],"picked":"Inflame","floor":27},{"not_picked":["Perfected Strike","Burning Pact"],"picked":"Corruption+1","floor":29}],"player_experience":58157,"relics_obtained":[{"floor":6,"key":"Letter Opener"},{"floor":9,"key":"Ornamental Fan"},{"floor":10,"key":"Bronze Scales"},{"floor":14,"key":"War Paint"},{"floor":25,"key":"Orichalcum"},{"floor":25,"key":"Potion Belt"},{"floor":26,"key":"Centennial Puzzle"},{"floor":27,"key":"Girya"},{"floor":27,"key":"Omamori"},{"floor":29,"key":"Meat on the Bone"},{"floor":29,"key":"Nunchaku"}],"event_choices":[{"damage_healed":0,"gold_gain":0,"player_choice":"Leave","damage_taken":0,"max_hp_gain":0,"max_hp_loss":0,"event_name":"The Cleric","floor":3,"gold_loss":0},{"damage_healed":0,"gold_gain":275,"player_choice":"Desecrate","damage_taken":0,"max_hp_gain":0,"max_hp_loss":0,"event_name":"Golden Shrine","floor":19,"gold_loss":0,"cards_obtained":["Regret"]}],"is_beta":false,"boss_relics":[{"not_picked":["Empty Cage","Philosopher\u0027s Stone"],"picked":"Black Star"}],"items_purged_floors":[2,20],"is_endless":false,"potions_floor_spawned":[6,10,12,16,21,24,25],"killed_by":"Champ","ascension_level":4}