{"gold_per_floor":[366,32,32,44,64,64,94,94,94,119,135,135,35,65,65,161,161,171,171,171,183,58,58,58,86,86,86,102,28,28,55,55,159,159,176,227,246,96,0,0,30,44,44,44,44,60,60,70,70,70],"floor_reached":51,"playtime":3076,"items_purged":["Parasite","Defend_R","Writhe","Strike_R"],"score":854,"play_id":"5a6b4b8f-34e9-4bf2-9c10-57553d4a676f","local_time":"20190127223848","is_ascension_mode":true,"campfire_choices":[{"data":"Searing Blow","floor":6.0,"key":"SMITH"},{"data":"Searing Blow+1","floor":8.0,"key":"SMITH"},{"data":"Searing Blow+2","floor":12.0,"key":"SMITH"},{"data":"Searing Blow+3","floor":15.0,"key":"SMITH"},{"data":"Searing Blow+5","floor":23.0,"key":"SMITH"},{"data":"Searing Blow+6","floor":24.0,"key":"SMITH"},{"floor":27.0,"key":"REST"},{"data":"Searing Blow+7","floor":30.0,"key":"SMITH"},{"data":"Searing Blow+8","floor":32.0,"key":"SMITH"},{"floor":40.0,"key":"REST"},{"floor":47.0,"key":"REST"},{"floor":49.0,"key":"REST"}],"neow_cost":"CURSE","seed_source_timestamp":792472550909623,"circlet_count":0,"master_deck":["Strike_R","Strike_R","Strike_R","Strike_R","Defend_R","Bash","Searing Blow+10","Spot Weakness","Rage","Rampage","Inflame","Clash","Armaments","Fiend Fire","Heavy Blade","Battle Trance","Pummel+1","Metallicize+1","Warcry+1","Feed","Clash+1","Battle Trance+1"],"special_seed":0,"relics":["Burning Blood","Kunai","WingedGreaves","Mercury Hourglass","Regal Pillow","Ice Cream","Empty Cage","Frozen Egg 2","Self Forming Clay","Bottled Tornado","Sundial","White Beast Statue","Charon\u0027s Ashes","Red Mask","Strawberry","Ornamental Fan"],"potions_floor_usage":[50,50],"damage_taken":[{"damage":8.0,"enemies":"Jaw Worm","floor":1.0,"turns":5.0},{"damage":4.0,"enemies":"Small Slimes","floor":4.0,"turns":3.0},{"damage":6.0,"enemies":"Cultist","floor":5.0,"turns":3.0},{"damage":8.0,"enemies":"Gremlin Nob","floor":7.0,"turns":3.0},{"damage":27.0,"enemies":"Lagavulin","floor":10.0,"turns":5.0},{"damage":0.0,"enemies":"2 Fungi Beasts","floor":11.0,"turns":2.0},{"damage":9.0,"enemies":"3 Sentries","floor":14.0,"turns":4.0},{"damage":0.0,"enemies":"Slime Boss","floor":16.0,"turns":5.0},{"damage":0.0,"enemies":"Spheric Guardian","floor":18.0,"turns":3.0},{"damage":3.0,"enemies":"3 Byrds","floor":21.0,"turns":4.0},{"damage":50.0,"enemies":"Slavers","floor":25.0,"turns":5.0},{"damage":12.0,"enemies":"Cultist and Chosen","floor":28.0,"turns":4.0},{"damage":15.0,"enemies":"Book of Stabbing","floor":31.0,"turns":3.0},{"damage":45.0,"enemies":"Collector","floor":33.0,"turns":4.0},{"damage":27.0,"enemies":"3 Darklings","floor":35.0,"turns":5.0},{"damage":40.0,"enemies":"2 Orb Walkers","floor":36.0,"turns":3.0},{"damage":0.0,"enemies":"Orb Walker","floor":37.0,"turns":1.0},{"damage":27.0,"enemies":"Giant Head","floor":41.0,"turns":6.0},{"damage":15.0,"enemies":"Transient","floor":42.0,"turns":5.0},{"damage":15.0,"enemies":"Writhing Mass","floor":46.0,"turns":2.0},{"damage":25.0,"enemies":"3 Darklings","floor":48.0,"turns":3.0},{"damage":32,"enemies":"Time Eater","floor":50,"turns":6}],"seed_played":"341179068438671319","potions_obtained":[{"floor":5.0,"key":"AttackPotion"},{"floor":7.0,"key":"FearPotion"},{"floor":11.0,"key":"Poison Potion"},{"floor":16.0,"key":"Dexterity Potion"},{"floor":33.0,"key":"SteroidPotion"},{"floor":35.0,"key":"Explosive Potion"},{"floor":36.0,"key":"LiquidBronze"},{"floor":37.0,"key":"Block Potion"},{"floor":41.0,"key":"PowerPotion"},{"floor":42.0,"key":"GamblersBrew"},{"floor":46.0,"key":"LiquidBronze"},{"floor":48.0,"key":"Fire Potion"}],"is_trial":false,"path_per_floor":["M","$","?","M","M","R","E","R","T","E","M","R","$","E","R","B",null,"M","?","?","M","$","R","R","E","T","R","M","$","R","E","R","B",null,"M","?","M","$","?","R","E","M","T","?","?","M","R","M","R","B",null],"character_chosen":"IRONCLAD","items_purchased":["Kunai","Metallicize+1"],"campfire_rested":4,"item_purchase_floors":[2,29],"current_hp_per_floor":[78,77,77,77,77,77,75,75,75,54,60,60,60,57,57,63,77,77,77,77,77,77,77,77,33,33,71,65,65,65,56,56,17,77,56,25,31,31,31,70,56,47,47,47,47,38,79,60,87,61],"gold":70,"neow_bonus":"TWO_FIFTY_GOLD","is_prod":false,"is_daily":false,"chose_seed":false,"campfire_upgraded":8,"win_rate":1,"timestamp":1548653928,"path_taken":["M","$","?","M","M","R","E","R","T","E","M","R","$","E","R","BOSS","M","?","?","?","$","R","R","E","T","R","M","$","R","E","R","BOSS","M","?","M","$","?","R","E","M","T","?","?","M","R","M","R","BOSS"],"build_version":"2019-01-23","purchased_purges":4,"victory":true,"max_hp_per_floor":[80,77,77,77,77,77,77,77,77,77,77,77,77,77,77,77,77,77,77,77,77,77,77,77,77,77,77,77,77,77,77,77,77,77,77,80,80,80,80,80,87,87,87,87,87,87,87,87,87,87],"card_choices":[{"not_picked":["Evolve","Wild Strike"],"picked":"Searing Blow","floor":1.0},{"not_picked":["Bloodletting","True Grit"],"picked":"Spot Weakness","floor":4.0},{"not_picked":["Thunderclap","Clothesline"],"picked":"Rage","floor":5.0},{"not_picked":["Shockwave","Pommel Strike"],"picked":"Rampage","floor":7.0},{"not_picked":["Reaper","Clash"],"picked":"Inflame","floor":10.0},{"not_picked":["Anger","Warcry"],"picked":"Clash","floor":11.0},{"not_picked":["Battle Trance","Headbutt"],"picked":"Armaments","floor":14.0},{"not_picked":["Impervious","Limit Break"],"picked":"Fiend Fire","floor":16.0},{"not_picked":["Thunderclap","Rupture+1"],"picked":"Heavy Blade","floor":18.0},{"not_picked":["Sword Boomerang","Reaper"],"picked":"Battle Trance","floor":21.0},{"not_picked":["Rampage","Heavy Blade"],"picked":"Pummel+1","floor":25.0},{"not_picked":["Combust+1","Battle Trance"],"picked":"Metallicize+1","floor":28.0},{"not_picked":["Body Slam+1","Power Through"],"picked":"Warcry+1","floor":31.0},{"not_picked":["Barricade+1","Juggernaut+1"],"picked":"Feed","floor":33.0},{"not_picked":["Warcry","Ghostly Armor"],"picked":"Clash+1","floor":35.0},{"not_picked":["Rupture+1","Corruption+1","Anger"],"picked":"SKIP","floor":37.0},{"not_picked":["Thunderclap+1","Combust+1","Reckless Charge+1"],"picked":"SKIP","floor":41.0},{"not_picked":["Heavy Blade","Pommel Strike+1"],"picked":"Battle Trance+1","floor":42.0},{"not_picked":["True Grit","Entrench+1","Searing Blow+1"],"picked":"SKIP","floor":46.0},{"not_picked":["Intimidate","Clash+1","Second Wind"],"picked":"SKIP","floor":48.0}],"player_experience":27266,"relics_obtained":[{"floor":7.0,"key":"WingedGreaves"},{"floor":9.0,"key":"Mercury Hourglass"},{"floor":10.0,"key":"Regal Pillow"},{"floor":14.0,"key":"Ice Cream"},{"floor":25.0,"key":"Self Forming Clay"},{"floor":26.0,"key":"Bottled Tornado"},{"floor":31.0,"key":"Sundial"},{"floor":36.0,"key":"Charon\u0027s Ashes"},{"floor":41.0,"key":"Strawberry"},{"floor":43.0,"key":"Ornamental Fan"}],"event_choices":[{"damage_healed":0.0,"max_hp_gain":0.0,"max_hp_loss":0.0,"gold_gain":0.0,"event_name":"Liars Game","player_choice":"Ignored","floor":3.0,"gold_loss":0.0,"damage_taken":0.0},{"damage_healed":0.0,"max_hp_gain":0.0,"max_hp_loss":0.0,"gold_gain":0.0,"event_name":"The Mausoleum","player_choice":"Opened","floor":19.0,"gold_loss":0.0,"damage_taken":0.0,"relics_obtained":["Frozen Egg 2"],"cards_obtained":["Writhe"]},{"damage_healed":0.0,"max_hp_gain":0.0,"max_hp_loss":0.0,"gold_gain":0.0,"event_name":"Upgrade Shrine","player_choice":"Upgraded","floor":20.0,"gold_loss":0.0,"damage_taken":0.0,"cards_upgraded":["Searing Blow"]},{"damage_healed":0.0,"max_hp_gain":0.0,"max_hp_loss":0.0,"gold_gain":0.0,"event_name":"Mysterious Sphere","player_choice":"Fight","floor":36.0,"gold_loss":0.0,"damage_taken":0.0},{"damage_healed":0.0,"max_hp_gain":0.0,"max_hp_loss":0.0,"gold_gain":0.0,"event_name":"Tomb of Lord Red Mask","player_choice":"Paid","floor":39.0,"gold_loss":96.0,"damage_taken":0.0,"relics_obtained":["Red Mask"]},{"cards_removed":["Metallicize"],"damage_healed":0.0,"max_hp_gain":0.0,"max_hp_loss":0.0,"gold_gain":0.0,"event_name":"Falling","player_choice":"Removed Power","floor":44.0,"gold_loss":0.0,"damage_taken":0.0},{"damage_healed":0.0,"max_hp_gain":0.0,"max_hp_loss":0.0,"gold_gain":0.0,"event_name":"Upgrade Shrine","player_choice":"Upgraded","floor":45.0,"gold_loss":0.0,"damage_taken":0.0,"cards_upgraded":["Searing Blow"]}],"is_beta":false,"boss_relics":[{"not_picked":["Orrery","Fusion Hammer"],"picked":"Empty Cage"},{"not_picked":["Calling Bell","Black Star"],"picked":"White Beast Statue"}],"items_purged_floors":[2,13,22,38],"is_endless":false,"potions_floor_spawned":[5,7,11,16,18,33,35,36,37,41,42,46,48],"ascension_level":2}