{"gold_per_floor":[119,136,136,4,4,4,19,19,42,42,42,68,79,109,121,133],"floor_reached":16,"playtime":626,"items_purged":[],"score":216,"play_id":"721451bb-72c7-438c-a3a1-93f810c24abe","local_time":"20190306191432","is_ascension_mode":true,"campfire_choices":[{"data":"Heavy Blade","floor":6,"key":"SMITH"},{"data":"True Grit","floor":8,"key":"SMITH"},{"data":"Feel No Pain","floor":10,"key":"SMITH"},{"floor":15,"key":"REST"}],"neow_cost":"NONE","seed_source_timestamp":439670223470253,"circlet_count":0,"master_deck":["AscendersBane","Strike_R","Strike_R","Strike_R","Defend_R","Defend_R","Defend_R","Defend_R","Bash","True Grit+1","Heavy Blade+1","Feel No Pain+1","Spot Weakness","Infernal Blade","Flame Barrier","Iron Wave","Power Through"],"relics":["Burning Blood","Vajra","Orichalcum","Art of War","MawBank"],"potions_floor_usage":[12,12,16],"damage_taken":[{"damage":1,"enemies":"Cultist","floor":1,"turns":3},{"damage":10,"enemies":"2 Louse","floor":2,"turns":2},{"damage":9,"enemies":"Small Slimes","floor":7,"turns":3},{"damage":25,"enemies":"Lagavulin","floor":12,"turns":5},{"damage":7,"enemies":"Blue Slaver","floor":13,"turns":3},{"damage":20,"enemies":"Gremlin Nob","floor":14,"turns":4},{"damage":70,"enemies":"Slime Boss","floor":16,"turns":11}],"seed_played":"3932109682017531295","potions_obtained":[{"floor":2,"key":"SteroidPotion"},{"floor":7,"key":"PowerPotion"},{"floor":14,"key":"Regen Potion"}],"is_trial":false,"path_per_floor":["M","M","?","$","?","R","M","R","T","R","?","E","M","E","R","B"],"character_chosen":"IRONCLAD","items_purchased":["Feel No Pain","Spot Weakness"],"campfire_rested":1,"item_purchase_floors":[4,4],"current_hp_per_floor":[73,69,62,62,62,62,59,59,59,59,59,40,39,25,47,0],"gold":133,"neow_bonus":"RANDOM_COMMON_RELIC","is_prod":false,"is_daily":false,"chose_seed":false,"campfire_upgraded":3,"win_rate":0,"timestamp":1551924872,"path_taken":["M","?","?","$","?","R","M","R","T","R","?","E","M","E","R","BOSS"],"build_version":"2019-01-23","purchased_purges":0,"victory":false,"max_hp_per_floor":[75,75,75,75,75,75,75,75,75,75,75,75,75,75,75,75],"card_choices":[{"not_picked":["Dual Wield","Searing Blow"],"picked":"True Grit","floor":1},{"not_picked":["Headbutt","Sentinel"],"picked":"Heavy Blade","floor":2},{"not_picked":["Hemokinesis","Entrench"],"picked":"Infernal Blade","floor":7},{"not_picked":["Anger","Seeing Red"],"picked":"Flame Barrier","floor":12},{"not_picked":["Heavy Blade","Perfected Strike"],"picked":"Iron Wave","floor":13},{"not_picked":["Clash","Entrench"],"picked":"Power Through","floor":14}],"player_experience":1356240,"relics_obtained":[{"floor":9,"key":"Orichalcum"},{"floor":12,"key":"Art of War"},{"floor":14,"key":"MawBank"}],"event_choices":[{"cards_removed":["Strike_R"],"damage_healed":0,"gold_gain":0,"player_choice":"Card Removal","damage_taken":7,"max_hp_gain":0,"max_hp_loss":0,"event_name":"Golden Wing","floor":3,"gold_loss":0},{"cards_removed":["Strike_R"],"damage_healed":0,"gold_gain":0,"player_choice":"Forget","damage_taken":0,"max_hp_gain":0,"max_hp_loss":0,"event_name":"Living Wall","floor":5,"gold_loss":0},{"damage_healed":0,"gold_gain":0,"player_choice":"Ignored","damage_taken":0,"max_hp_gain":0,"max_hp_loss":0,"event_name":"Shining Light","floor":11,"gold_loss":0}],"is_beta":false,"boss_relics":[],"items_purged_floors":[],"is_endless":false,"potions_floor_spawned":[2,7,14],"killed_by":"Slime Boss","ascension_level":20}