{"gold_per_floor":[118,43,62,12,12,45,62,62,62,90,108,125,153,153,153,227,227,237,255,270,282,24,24,24,24,50,78,78,91,117,129,129,129],"floor_reached":33,"playtime":2376,"items_purged":["Strike_B"],"score":564,"play_id":"22f8f0b9-e797-429a-b507-f061538edd6e","local_time":"20190205202212","is_ascension_mode":true,"campfire_choices":[{"data":"Genetic Algorithm","floor":8,"key":"SMITH"},{"floor":15,"key":"REST"},{"data":"Fission","floor":23,"key":"SMITH"},{"data":"White Noise","floor":25,"key":"SMITH"},{"data":"Zap","floor":28,"key":"SMITH"},{"floor":32,"key":"REST"}],"neow_cost":"NONE","seed_source_timestamp":1559574037421577,"circlet_count":0,"master_deck":["AscendersBane","Strike_B","Defend_B","Defend_B","Defend_B","Defend_B","Zap+1","Dualcast","Melter","Genetic Algorithm+1","Streamline","Electrodynamics","Go for the Eyes","Cold Snap","Conserve Battery","Capacitor","Good Instincts","Fission+1","Scrape+1","White Noise+1","Recycle+1","Hologram","Storm","Stack","Storm"],"relics":["Cracked Core","NeowsBlessing","Darkstone Periapt","Meat on the Bone","Anchor","Dead Branch","Nuclear Battery","Blue Candle","Bag of Preparation","Regal Pillow","Potion Belt"],"potions_floor_usage":[10,16,16,20,21],"damage_taken":[{"damage":0,"enemies":"2 Louse","floor":1,"turns":1},{"damage":0,"enemies":"Small Slimes","floor":3,"turns":1},{"damage":0,"enemies":"Gremlin Nob","floor":6,"turns":1},{"damage":0,"enemies":"Cultist","floor":7,"turns":3},{"damage":27,"enemies":"Lagavulin","floor":10,"turns":5},{"damage":1,"enemies":"Looter","floor":11,"turns":3},{"damage":2,"enemies":"Red Slaver","floor":12,"turns":4},{"damage":1,"enemies":"3 Sentries","floor":13,"turns":3},{"damage":26,"enemies":"Slime Boss","floor":16,"turns":11},{"damage":0,"enemies":"Chosen","floor":18,"turns":4},{"damage":10,"enemies":"2 Thieves","floor":19,"turns":4},{"damage":1,"enemies":"Chosen and Byrds","floor":20,"turns":6},{"damage":0,"enemies":"Sentry and Sphere","floor":21,"turns":4},{"damage":5,"enemies":"Slavers","floor":27,"turns":3},{"damage":9,"enemies":"Snecko","floor":29,"turns":3},{"damage":27,"enemies":"Book of Stabbing","floor":30,"turns":5},{"damage":1,"enemies":"3 Cultists","floor":31,"turns":4},{"damage":71,"enemies":"Champ","floor":33,"turns":8}],"seed_played":"6734135616168730369","potions_obtained":[{"floor":1,"key":"FearPotion"},{"floor":3,"key":"Swift Potion"},{"floor":7,"key":"Regen Potion"},{"floor":13,"key":"SkillPotion"},{"floor":19,"key":"LiquidBronze"},{"floor":20,"key":"Block Potion"}],"is_trial":false,"path_per_floor":["M","$","M","?","?","E","M","R","T","E","M","M","E","?","R","B",null,"M","M","M","M","$","R","?","R","T","E","R","M","E","M","R","B"],"character_chosen":"DEFECT","items_purchased":["Blue Candle"],"campfire_rested":2,"item_purchase_floors":[22],"current_hp_per_floor":[64,64,64,64,57,57,57,57,57,44,43,41,40,40,61,47,65,65,55,54,54,54,54,54,54,54,49,49,40,25,36,71,0],"gold":129,"neow_bonus":"THREE_ENEMY_KILL","is_prod":false,"is_daily":false,"chose_seed":false,"campfire_upgraded":4,"win_rate":0,"timestamp":1549423332,"path_taken":["M","$","M","?","?","E","M","R","T","E","M","M","E","?","R","BOSS","M","M","?","M","$","R","?","R","T","E","R","?","E","M","R","BOSS"],"build_version":"2019-01-23","purchased_purges":1,"victory":false,"max_hp_per_floor":[71,71,71,71,71,71,71,71,71,71,71,71,71,71,71,71,71,71,71,71,71,71,71,71,71,71,71,71,71,71,71,71,71],"card_choices":[{"not_picked":["Beam Cell","Steam"],"picked":"Melter","floor":1},{"not_picked":["Rebound","Storm"],"picked":"Genetic Algorithm","floor":3},{"not_picked":["Stack","Reprogram"],"picked":"Streamline","floor":6},{"not_picked":["Stack","Double Energy"],"picked":"Electrodynamics","floor":7},{"not_picked":["Recycle","Rip and Tear"],"picked":"Go for the Eyes","floor":10},{"not_picked":["Coolheaded","Storm"],"picked":"Cold Snap","floor":11},{"not_picked":["Undo","Static Discharge"],"picked":"Conserve Battery","floor":12},{"not_picked":["Go for the Eyes","Coolheaded","Steam Power"],"picked":"SKIP","floor":13},{"not_picked":["Multi-Cast","Buffer"],"picked":"Fission","floor":16},{"not_picked":["Ball Lightning","Hologram"],"picked":"Scrape+1","floor":18},{"not_picked":["Static Discharge","Leap"],"picked":"White Noise","floor":19},{"not_picked":["Cold Snap","Heatsinks"],"picked":"Recycle+1","floor":20},{"not_picked":["Sweeping Beam","Glacier+1"],"picked":"Hologram","floor":21},{"not_picked":["Steam","Stack","Streamline+1"],"picked":"SKIP","floor":27},{"not_picked":["Barrage+1","Stack"],"picked":"Storm","floor":29},{"not_picked":["Go for the Eyes","Streamline+1"],"picked":"Stack","floor":30},{"not_picked":["Gash","Hologram"],"picked":"Storm","floor":31}],"player_experience":974366,"relics_obtained":[{"floor":6,"key":"Darkstone Periapt"},{"floor":9,"key":"Meat on the Bone"},{"floor":10,"key":"Anchor"},{"floor":13,"key":"Dead Branch"},{"floor":26,"key":"Bag of Preparation"},{"floor":27,"key":"Regal Pillow"},{"floor":30,"key":"Potion Belt"}],"event_choices":[{"cards_removed":["Strike_B"],"damage_healed":0,"gold_gain":0,"player_choice":"Card Removal","damage_taken":0,"max_hp_gain":0,"max_hp_loss":0,"event_name":"The Cleric","floor":4,"gold_loss":50},{"cards_removed":["Strike_B"],"damage_healed":0,"gold_gain":0,"player_choice":"Card Removal","damage_taken":7,"max_hp_gain":0,"max_hp_loss":0,"event_name":"Golden Wing","floor":5,"gold_loss":0},{"damage_healed":0,"gold_gain":0,"player_choice":"2 cards matched","damage_taken":0,"max_hp_gain":0,"max_hp_loss":0,"event_name":"Match and Keep!","floor":14,"gold_loss":0,"cards_obtained":["Capacitor","Good Instincts"]},{"damage_healed":0,"gold_gain":0,"player_choice":"Ignored","damage_taken":0,"max_hp_gain":0,"max_hp_loss":0,"event_name":"N\u0027loth","floor":24,"gold_loss":0}],"is_beta":false,"boss_relics":[{"not_picked":["Ectoplasm","Fusion Hammer"],"picked":"Nuclear Battery"}],"items_purged_floors":[2],"is_endless":false,"potions_floor_spawned":[1,3,7,13,19,20],"killed_by":"Champ","ascension_level":14}