{"gold_per_floor":[114,114,39,56,72,72,84,84,107,138,138,38,68,68,68,68],"floor_reached":16,"playtime":775,"items_purged":["Strike_R","Strike_R"],"score":200,"play_id":"ed3dc839-7f15-4c16-baf1-48b5fb232573","local_time":"20190217083749","is_ascension_mode":true,"campfire_choices":[{"data":"Thunderclap","floor":6,"key":"SMITH"},{"floor":8,"key":"REST"},{"floor":11,"key":"REST"},{"floor":15,"key":"REST"}],"neow_cost":"NONE","seed_source_timestamp":145320655847321,"circlet_count":0,"master_deck":["AscendersBane","Strike_R+1","Strike_R","Strike_R","Defend_R+1","Defend_R","Defend_R+1","Defend_R","Bash","Seeing Red+1","Thunderclap+1","True Grit","Rampage","Corruption","Whirlwind"],"relics":["Burning Blood","Potion Belt","Vajra","War Paint","Self Forming Clay","Bronze Scales"],"potions_floor_usage":[10,10],"damage_taken":[{"damage":7,"enemies":"2 Louse","floor":1,"turns":4},{"damage":0,"enemies":"Small Slimes","floor":4,"turns":3},{"damage":11,"enemies":"Jaw Worm","floor":5,"turns":6},{"damage":9,"enemies":"Red Slaver","floor":7,"turns":5},{"damage":31,"enemies":"Lagavulin","floor":10,"turns":6},{"damage":19,"enemies":"Gremlin Nob","floor":13,"turns":4},{"damage":42,"enemies":"Slime Boss","floor":16,"turns":7}],"seed_played":"8245445092849129434","potions_obtained":[{"floor":1,"key":"SkillPotion"},{"floor":5,"key":"EssenceOfSteel"},{"floor":7,"key":"Weak Potion"}],"is_trial":false,"path_per_floor":["M","?","$","M","M","R","M","R","T","E","R","$","E","?","R","B"],"character_chosen":"IRONCLAD","items_purchased":[],"campfire_rested":3,"item_purchase_floors":[],"current_hp_per_floor":[67,44,44,50,45,45,42,64,64,39,61,61,48,13,35,0],"gold":68,"neow_bonus":"RANDOM_COMMON_RELIC","is_prod":false,"is_daily":false,"chose_seed":false,"campfire_upgraded":1,"win_rate":0,"timestamp":1550417869,"path_taken":["M","?","$","M","M","R","M","R","T","E","R","$","E","?","R","BOSS"],"build_version":"2019-01-23","purchased_purges":2,"victory":false,"max_hp_per_floor":[75,75,75,75,75,75,75,75,75,75,75,75,75,75,75,75],"card_choices":[{"not_picked":["Thunderclap","Carnage"],"picked":"Seeing Red","floor":1},{"not_picked":["Iron Wave","Clash"],"picked":"Thunderclap","floor":4},{"not_picked":["Warcry","Perfected Strike"],"picked":"True Grit","floor":5},{"not_picked":["Burning Pact","Rage"],"picked":"Rampage","floor":7},{"not_picked":["Pommel Strike","Perfected Strike"],"picked":"Corruption","floor":10},{"not_picked":["Iron Wave","Spot Weakness"],"picked":"Whirlwind","floor":13}],"player_experience":1133073,"relics_obtained":[{"floor":9,"key":"Vajra"},{"floor":10,"key":"War Paint"},{"floor":13,"key":"Self Forming Clay"}],"event_choices":[{"damage_healed":0,"gold_gain":0,"player_choice":"Entered Light","damage_taken":23,"max_hp_gain":0,"max_hp_loss":0,"event_name":"Shining Light","floor":2,"gold_loss":0,"cards_upgraded":["Defend_R","Strike_R"]},{"damage_healed":0,"gold_gain":0,"player_choice":"Success","damage_taken":35,"relics_obtained":["Bronze Scales"],"max_hp_gain":0,"max_hp_loss":0,"event_name":"Scrap Ooze","floor":14,"gold_loss":0}],"is_beta":false,"boss_relics":[],"items_purged_floors":[3,12],"is_endless":false,"potions_floor_spawned":[1,5,7],"killed_by":"Slime Boss","ascension_level":17}