{"gold_per_floor":[114,189,114,134,59,59,59,88,112,130,162,172,172,185,185,263,263,281,281,293,293],"floor_reached":21,"playtime":1023,"items_purged":["Bash"],"score":407,"play_id":"171ebb36-627c-47ae-bd09-4e400352809d","local_time":"20190218224942","is_ascension_mode":true,"campfire_choices":[{"data":"Rupture","floor":7,"key":"SMITH"},{"floor":15,"key":"REST"}],"neow_cost":"NONE","seed_source_timestamp":282579746134381,"circlet_count":0,"master_deck":["AscendersBane","Hemokinesis","Rupture+1","Cleave","True Grit","Metallicize","Thunderclap","Pain","Cleave","Barricade","Searing Blow","Thunderclap","Fire Breathing","Immolate","Clash","Metallicize","Twin Strike","Second Wind","Iron Wave","Dropkick"],"relics":["Burning Blood","NeowsBlessing","Letter Opener","Ancient Tea Set","Bronze Scales","WarpedTongs","Pandora\u0027s Box","Enchiridion"],"potions_floor_usage":[11,11,14,18],"damage_taken":[{"damage":0,"enemies":"Jaw Worm","floor":1,"turns":1},{"damage":0,"enemies":"2 Louse","floor":4,"turns":1},{"damage":0,"enemies":"Gremlin Nob","floor":8,"turns":1},{"damage":3,"enemies":"Small Slimes","floor":10,"turns":3},{"damage":36,"enemies":"Lagavulin","floor":11,"turns":7},{"damage":0,"enemies":"Red Slaver","floor":12,"turns":5},{"damage":9,"enemies":"Exordium Thugs","floor":14,"turns":4},{"damage":44,"enemies":"The Guardian","floor":16,"turns":11},{"damage":35,"enemies":"Spheric Guardian","floor":18,"turns":5},{"damage":3,"enemies":"3 Byrds","floor":20,"turns":2},{"damage":28,"enemies":"Snake Plant","floor":21,"turns":2}],"seed_played":"1108646821117602080","potions_obtained":[{"floor":8,"key":"Strength Potion"},{"floor":10,"key":"Weak Potion"},{"floor":12,"key":"Ancient Potion"},{"floor":16,"key":"Regen Potion"}],"is_trial":false,"path_per_floor":["M","?","?","M","$","?","R","E","T","M","E","M","?","M","R","B",null,"M","?","M","M"],"character_chosen":"IRONCLAD","items_purchased":[],"campfire_rested":1,"item_purchase_floors":[],"current_hp_per_floor":[74,63,63,69,69,46,46,52,52,55,25,31,31,28,50,12,59,45,24,27,0],"gold":293,"neow_bonus":"THREE_ENEMY_KILL","is_prod":false,"is_daily":false,"chose_seed":false,"campfire_upgraded":1,"win_rate":0,"timestamp":1550555382,"path_taken":["M","?","?","M","$","?","R","E","T","M","E","M","?","?","R","BOSS","M","?","M","M"],"build_version":"2019-01-23","purchased_purges":1,"victory":false,"max_hp_per_floor":[75,75,75,75,75,75,75,75,75,75,75,75,75,75,75,75,75,75,75,75,75],"card_choices":[{"not_picked":["Perfected Strike","Combust"],"picked":"Hemokinesis","floor":1},{"not_picked":["True Grit","Intimidate"],"picked":"Rupture","floor":4},{"not_picked":["Sword Boomerang","Carnage"],"picked":"Cleave","floor":8},{"not_picked":["Feel No Pain","Twin Strike"],"picked":"True Grit","floor":10},{"not_picked":["Wild Strike","Feel No Pain"],"picked":"Metallicize","floor":11},{"not_picked":["Flex","Sword Boomerang"],"picked":"Thunderclap","floor":12},{"not_picked":["Burning Pact","Sword Boomerang"],"picked":"Cleave","floor":14},{"not_picked":["Reaper","Double Tap"],"picked":"Barricade","floor":16},{"not_picked":["Cleave+1","Sword Boomerang+1"],"picked":"Iron Wave","floor":18},{"not_picked":["Clash","Perfected Strike"],"picked":"Dropkick","floor":20}],"player_experience":1173586,"relics_obtained":[{"floor":8,"key":"Letter Opener"},{"floor":9,"key":"Ancient Tea Set"},{"floor":11,"key":"Bronze Scales"},{"floor":19,"key":"Enchiridion"}],"event_choices":[{"damage_healed":0,"gold_gain":75,"player_choice":"Gather Gold","damage_taken":11,"max_hp_gain":0,"max_hp_loss":0,"event_name":"World of Goop","floor":2,"gold_loss":0},{"cards_removed":["Strike_R"],"damage_healed":0,"gold_gain":0,"player_choice":"Card Removal","damage_taken":0,"max_hp_gain":0,"max_hp_loss":0,"event_name":"The Cleric","floor":3,"gold_loss":75},{"damage_healed":0,"gold_gain":0,"player_choice":"Entered Light","damage_taken":23,"max_hp_gain":0,"max_hp_loss":0,"event_name":"Shining Light","floor":6,"gold_loss":0,"cards_upgraded":["Defend_R","Strike_R"]},{"damage_healed":0,"gold_gain":0,"player_choice":"Rummage","damage_taken":0,"relics_obtained":["WarpedTongs"],"max_hp_gain":0,"max_hp_loss":0,"event_name":"Accursed Blacksmith","floor":13,"gold_loss":0,"cards_obtained":["Pain"]},{"damage_healed":0,"gold_gain":0,"player_choice":"Obtained Book","damage_taken":21,"max_hp_gain":0,"max_hp_loss":0,"event_name":"Cursed Tome","floor":19,"gold_loss":0}],"is_beta":false,"boss_relics":[{"not_picked":["Runic Dome","Runic Pyramid"],"picked":"Pandora\u0027s Box"}],"items_purged_floors":[5],"is_endless":false,"potions_floor_spawned":[8,10,12,16],"killed_by":"Snake Plant","ascension_level":18}