{"gold_per_floor":[110,110,110,110,110,145,145,174,174,174,194,194,210,228,228,299,299,313,9,109,129,144,144,169,169,169,169,59,94,94],"floor_reached":30,"playtime":1561,"items_purged":["Strike_R"],"score":711,"play_id":"b2709010-91fa-43a7-9418-578371c3b916","local_time":"20190217232805","is_ascension_mode":true,"campfire_choices":[{"data":"1","floor":7,"key":"LIFT"},{"data":"2","floor":10,"key":"LIFT"},{"data":"3","floor":12,"key":"LIFT"},{"data":"True Grit","floor":15,"key":"SMITH"},{"floor":23,"key":"REST"},{"floor":25,"key":"REST"},{"floor":27,"key":"REST"}],"neow_cost":"NONE","seed_source_timestamp":197937059061252,"circlet_count":0,"master_deck":["AscendersBane","Strike_R+1","Strike_R+1","Strike_R","Defend_R","Defend_R+1","Defend_R","Defend_R","Bash","True Grit+1","Power Through","Metallicize","Clash+1","Iron Wave+1","Pummel+1","Barricade","Heavy Blade+1","Dagger Spray+1","Forethought","Demon Form","Bandage Up"],"relics":["Burning Blood","NeowsBlessing","Girya","StoneCalendar","Pen Nib","Molten Egg 2","Blue Candle","Philosopher\u0027s Stone","PrismaticShard","Mango","Sundial","Boot","Shuriken","Gambling Chip"],"potions_floor_usage":[20,20,24,29,29],"damage_taken":[{"damage":0,"enemies":"Jaw Worm","floor":1,"turns":1},{"damage":0,"enemies":"3 Sentries","floor":6,"turns":2},{"damage":0,"enemies":"Lagavulin","floor":8,"turns":1},{"damage":0,"enemies":"Small Slimes","floor":11,"turns":3},{"damage":0,"enemies":"2 Louse","floor":13,"turns":2},{"damage":9,"enemies":"2 Fungi Beasts","floor":14,"turns":4},{"damage":0,"enemies":"Slime Boss","floor":16,"turns":6},{"damage":0,"enemies":"Chosen","floor":18,"turns":3},{"damage":24,"enemies":"Colosseum Slavers","floor":20,"turns":4},{"damage":8,"enemies":"Colosseum Nobs","floor":20,"turns":4},{"damage":20,"enemies":"3 Byrds","floor":21,"turns":5},{"damage":24,"enemies":"Snake Plant","floor":22,"turns":3},{"damage":47,"enemies":"Gremlin Leader","floor":24,"turns":5},{"damage":72,"enemies":"Slavers","floor":29,"turns":7},{"damage":19,"enemies":"Centurion and Healer","floor":30,"turns":4}],"seed_played":"7676549739640298168","potions_obtained":[{"floor":6,"key":"EssenceOfSteel"},{"floor":11,"key":"LiquidBronze"},{"floor":13,"key":"Block Potion"},{"floor":20,"key":"SpeedPotion"},{"floor":21,"key":"SkillPotion"},{"floor":24,"key":"SkillPotion"}],"is_trial":false,"path_per_floor":["M","?","?","?","?","E","R","E","T","R","M","R","M","M","R","B",null,"M","$","?","M","M","R","E","R","T","R","?","E","M"],"character_chosen":"IRONCLAD","items_purchased":["PrismaticShard"],"campfire_rested":3,"item_purchase_floors":[19],"current_hp_per_floor":[74,74,56,33,33,39,39,45,45,45,51,51,57,54,54,60,71,75,75,69,55,37,63,22,48,48,74,74,8,0],"gold":94,"neow_bonus":"THREE_ENEMY_KILL","is_prod":false,"is_daily":false,"chose_seed":false,"campfire_upgraded":1,"win_rate":0,"timestamp":1550471285,"path_taken":["M","?","?","?","?","E","R","E","T","R","?","R","M","M","R","BOSS","M","$","?","M","M","R","E","R","T","R","?","E","?"],"build_version":"2019-01-23","purchased_purges":1,"victory":false,"max_hp_per_floor":[75,75,75,75,75,75,75,75,75,75,75,75,75,75,75,75,75,75,75,89,89,89,89,89,89,89,89,89,89,89],"card_choices":[{"not_picked":["Perfected Strike","Sword Boomerang"],"picked":"True Grit","floor":1},{"not_picked":["Sword Boomerang","Warcry"],"picked":"Power Through","floor":6},{"not_picked":["Impervious","Armaments"],"picked":"Metallicize","floor":8},{"not_picked":["Twin Strike+1","Entrench"],"picked":"Clash+1","floor":11},{"not_picked":["Wild Strike+1","Warcry"],"picked":"Iron Wave+1","floor":13},{"not_picked":["Pommel Strike+1","Ghostly Armor"],"picked":"Pummel+1","floor":14},{"not_picked":["Offering","Bludgeon+1"],"picked":"Barricade","floor":16},{"not_picked":["Cleave+1","Sword Boomerang+1"],"picked":"Heavy Blade+1","floor":18},{"not_picked":["Shrug It Off","Calculated Gamble"],"picked":"Dagger Spray+1","floor":20},{"not_picked":["Rupture","Gash+1","Noxious Fumes"],"picked":"SKIP","floor":21},{"not_picked":["Scrape+1","Compile Driver+1"],"picked":"Forethought","floor":22},{"not_picked":["Quick Slash+1","PiercingWail"],"picked":"Demon Form","floor":24},{"not_picked":["Finisher+1","Loop"],"picked":"Bandage Up","floor":29}],"player_experience":1149455,"relics_obtained":[{"floor":6,"key":"Pen Nib"},{"floor":8,"key":"Molten Egg 2"},{"floor":9,"key":"Blue Candle"},{"floor":20,"key":"Mango"},{"floor":20,"key":"Sundial"},{"floor":24,"key":"Boot"},{"floor":26,"key":"Shuriken"},{"floor":29,"key":"Gambling Chip"}],"event_choices":[{"damage_healed":0,"gold_gain":0,"player_choice":"Box","damage_taken":0,"relics_obtained":["Girya"],"max_hp_gain":0,"max_hp_loss":0,"event_name":"Big Fish","floor":2,"gold_loss":0,"cards_obtained":["Regret"]},{"damage_healed":0,"gold_gain":0,"player_choice":"Success","damage_taken":18,"relics_obtained":["StoneCalendar"],"max_hp_gain":0,"max_hp_loss":0,"event_name":"Scrap Ooze","floor":3,"gold_loss":0},{"damage_healed":0,"gold_gain":0,"player_choice":"Entered Light","damage_taken":23,"max_hp_gain":0,"max_hp_loss":0,"event_name":"Shining Light","floor":4,"gold_loss":0,"cards_upgraded":["Strike_R","Strike_R"]},{"cards_removed":["Regret"],"damage_healed":0,"gold_gain":0,"player_choice":"Forget","damage_taken":0,"max_hp_gain":0,"max_hp_loss":0,"event_name":"Living Wall","floor":5,"gold_loss":0},{"damage_healed":0,"gold_gain":0,"player_choice":"Fight","damage_taken":0,"max_hp_gain":0,"max_hp_loss":0,"event_name":"Colosseum","floor":20,"gold_loss":0},{"damage_healed":0,"gold_gain":0,"player_choice":"Fought Nobs","damage_taken":0,"max_hp_gain":0,"max_hp_loss":0,"event_name":"Colosseum","floor":20,"gold_loss":0},{"cards_removed":["Strike_R"],"damage_healed":0,"gold_gain":0,"player_choice":"Upgrade and Remove","damage_taken":0,"max_hp_gain":0,"max_hp_loss":0,"event_name":"Designer","floor":28,"gold_loss":110,"cards_upgraded":["Defend_R"]}],"is_beta":false,"boss_relics":[{"not_picked":["Eternal Feather","Runic Dome"],"picked":"Philosopher\u0027s Stone"}],"items_purged_floors":[19],"is_endless":false,"potions_floor_spawned":[6,11,13,16,20,21,24],"killed_by":"Centurion and Healer","ascension_level":18}