{"path_per_floor":["M","?","$","M","M","R","E","R","T","?","R","M","R","M","R","B",null,"M","?","?","M"],"character_chosen":"IRONCLAD","items_purchased":[],"gold_per_floor":[111,111,36,48,58,58,84,84,107,107,107,122,122,139,139,234,234,221,146,146,157,157],"floor_reached":22,"campfire_rested":0,"playtime":1103,"item_purchase_floors":[],"current_hp_per_floor":[80,64,64,59,65,65,65,65,65,53,53,56,56,62,62,22,80,66,66,73,65,0],"items_purged":["Strike_R"],"gold":157,"score":193,"play_id":"99718805-a986-4b0f-8351-d504d57821d3","local_time":"20180615223558","is_prod":false,"is_daily":false,"chose_seed":false,"is_ascension_mode":true,"campfire_upgraded":5,"win_rate":0,"timestamp":1529123758,"campfire_choices":[{"data":"Flex","floor":6.0,"key":"SMITH"},{"data":"Cleave","floor":8.0,"key":"SMITH"},{"data":"Power Through","floor":11.0,"key":"SMITH"},{"data":"True Grit","floor":13.0,"key":"SMITH"},{"data":"Entrench","floor":15.0,"key":"SMITH"}],"path_taken":["M","?","$","M","M","R","E","R","T","?","R","M","R","?","R","BOSS","M","?","?","?","M"],"build_version":"2018-06-14v2","seed_source_timestamp":0,"purchased_purges":1,"victory":false,"master_deck":["Strike_R+1","Strike_R","Strike_R","Defend_R","Defend_R+1","Defend_R","Defend_R","Bash+1","Flex+1","Power Through+1","Shrug It Off","Cleave+1","True Grit+1","Entrench+1","Juggernaut","Iron Wave","Body Slam"],"max_hp_per_floor":[80,80,80,80,80,80,80,80,80,80,80,80,80,80,80,80,80,80,80,87,87,87],"special_seed":0,"relics":["Burning Blood","Anchor","Bronze Scales","Centennial Puzzle","Black Star","Strawberry"],"card_choices":[{"not_picked":["Warcry","Combust"],"picked":"Flex","floor":1.0},{"not_picked":["Headbutt","Anger"],"picked":"Power Through","floor":4.0},{"not_picked":["Infernal Blade","Berserk"],"picked":"Shrug It Off","floor":5.0},{"not_picked":["Combust","Heavy Blade"],"picked":"Cleave","floor":7.0},{"not_picked":["Body Slam","Blood for Blood"],"picked":"True Grit","floor":12.0},{"not_picked":["Flex","Iron Wave"],"picked":"Entrench","floor":14.0},{"not_picked":["Brutality","Berserk"],"picked":"Juggernaut","floor":16.0},{"not_picked":["Shrug It Off","Perfected Strike"],"picked":"Iron Wave","floor":18},{"not_picked":["Armaments","Clash"],"picked":"Body Slam","floor":21}],"player_experience":882256,"potions_floor_usage":[],"damage_taken":[{"damage":6.0,"enemies":"Cultist","floor":1.0,"turns":3.0},{"damage":11.0,"enemies":"Jaw Worm","floor":4.0,"turns":2.0},{"damage":0.0,"enemies":"2 Louse","floor":5.0,"turns":2.0},{"damage":6.0,"enemies":"3 Sentries","floor":7.0,"turns":11.0},{"damage":3.0,"enemies":"Looter","floor":12.0,"turns":2.0},{"damage":0.0,"enemies":"3 Louse","floor":14.0,"turns":3.0},{"damage":46.0,"enemies":"The Guardian","floor":16.0,"turns":13.0},{"damage":20,"enemies":"2 Thieves","floor":18,"turns":4},{"damage":14,"enemies":"Shell Parasite","floor":21,"turns":7},{"damage":65,"enemies":"Centurion and Healer","floor":22,"turns":5}],"relics_obtained":[{"floor":7.0,"key":"Anchor"},{"floor":9.0,"key":"Bronze Scales"}],"event_choices":[{"event_name":"Shining Light","player_choice":"Entered Light","floor":2.0,"damage_taken":0.0},{"event_name":"Scrap Ooze","player_choice":"success","floor":10.0,"damage_taken":12.0},{"event_name":"Beggar","player_choice":"Gave Gold","floor":19,"damage_taken":0},{"event_name":"Accursed Blacksmith","player_choice":"Rummage","floor":20,"damage_taken":0}],"boss_relics":[{"not_picked":["Cursed Key","Runic Cube"],"picked":"Black Star"}],"items_purged_floors":[],"is_endless":true,"potions_floor_spawned":[1,7,14],"seed_played":"-4072708551978067895","killed_by":"Centurion and Healer","ascension_level":1,"potions_obtained":[{"floor":1.0,"key":"SkillPotion"},{"floor":7.0,"key":"EssenceOfSteel"},{"floor":14.0,"key":"EssenceOfSteel"}],"is_trial":false}