{"gold_per_floor":[368,97,132,57,95,95,145,145,219,257,332,332,332,394,394,519,519,558,139,179,7,7,39,78,78,132,174,174,243,243,282,282,282],"floor_reached":33,"playtime":2300,"items_purged":["Strike_R","Strike_R"],"score":524,"play_id":"9a931810-e768-4b9b-9447-1307a02ce8a5","local_time":"20190211005340","is_ascension_mode":true,"campfire_choices":[{"data":"HandOfGreed","floor":6,"key":"SMITH"},{"floor":8,"key":"REST"},{"floor":12,"key":"REST"},{"data":"Body Slam","floor":15,"key":"SMITH"},{"floor":25,"key":"REST"},{"floor":28,"key":"REST"},{"data":"Limit Break","floor":30,"key":"SMITH"},{"floor":32,"key":"REST"}],"neow_cost":"PERCENT_DAMAGE","seed_source_timestamp":2007954923027524,"circlet_count":0,"master_deck":["AscendersBane","Strike_R","Defend_R","Defend_R","Defend_R","Defend_R","Bash","Metallicize","HandOfGreed+1","Clothesline","Warcry","Cleave","Dropkick","Uppercut","Offering","Body Slam+1","Limit Break+1","Thunderclap","Spot Weakness","Metallicize","Flex","Iron Wave","Whirlwind","Heavy Blade","Blood for Blood","Blood for Blood"],"relics":["Burning Blood","Pen Nib","Kunai","Dream Catcher","Philosopher\u0027s Stone","Anchor","Vajra","Darkstone Periapt","Centennial Puzzle"],"potions_floor_usage":[7,11,16,31,33,33],"damage_taken":[{"damage":4,"enemies":"Small Slimes","floor":1,"turns":4},{"damage":0,"enemies":"Cultist","floor":3,"turns":4},{"damage":4,"enemies":"Jaw Worm","floor":5,"turns":3},{"damage":42,"enemies":"Lagavulin","floor":7,"turns":6},{"damage":3,"enemies":"Blue Slaver","floor":10,"turns":3},{"damage":18,"enemies":"3 Sentries","floor":11,"turns":6},{"damage":8,"enemies":"2 Fungi Beasts","floor":14,"turns":4},{"damage":27,"enemies":"Slime Boss","floor":16,"turns":11},{"damage":45,"enemies":"2 Thieves","floor":18,"turns":5},{"damage":10,"enemies":"Shell Parasite","floor":20,"turns":3},{"damage":19,"enemies":"Slavers","floor":23,"turns":3},{"damage":6,"enemies":"Cultist and Chosen","floor":24,"turns":4},{"damage":15,"enemies":"Snake Plant","floor":27,"turns":3},{"damage":9,"enemies":"Centurion and Healer","floor":29,"turns":6},{"damage":16,"enemies":"Snecko","floor":31,"turns":3},{"damage":67,"enemies":"Champ","floor":33,"turns":6}],"seed_played":"3173922821718444322","potions_obtained":[{"floor":5,"key":"GamblersBrew"},{"floor":10,"key":"Explosive Potion"},{"floor":14,"key":"Weak Potion"},{"floor":27,"key":"Strength Potion"},{"floor":29,"key":"Regen Potion"},{"floor":31,"key":"Weak Potion"}],"is_trial":false,"path_per_floor":["M","$","M","?","M","R","E","R","T","M","E","R","?","M","R","B",null,"M","$","M","$","?","E","M","R","T","M","R","M","R","M","R","B"],"character_chosen":"IRONCLAD","items_purchased":["HandOfGreed","Anchor","Spot Weakness","Metallicize","Vajra"],"campfire_rested":5,"item_purchase_floors":[2,19,19,19,21],"current_hp_per_floor":[52,52,58,58,60,60,24,46,46,49,37,59,59,57,57,36,65,26,26,22,22,22,9,9,31,31,22,44,41,41,40,62,0],"gold":282,"neow_bonus":"TWO_FIFTY_GOLD","is_prod":false,"is_daily":false,"chose_seed":false,"campfire_upgraded":3,"win_rate":0,"timestamp":1549871620,"path_taken":["M","$","M","?","M","R","E","R","T","M","E","R","?","M","R","BOSS","M","$","M","$","?","E","M","R","T","M","R","M","R","M","R","BOSS"],"build_version":"2019-01-23","purchased_purges":2,"victory":false,"max_hp_per_floor":[75,75,75,75,75,75,75,75,75,75,75,75,75,75,75,75,75,75,75,75,75,75,75,75,75,75,75,75,75,75,75,75,75],"card_choices":[{"not_picked":["Clothesline","Thunderclap"],"picked":"Metallicize","floor":1},{"not_picked":["Sentinel","Pummel"],"picked":"Clothesline","floor":3},{"not_picked":["Perfected Strike","Havoc"],"picked":"Warcry","floor":5},{"not_picked":["Anger","Rampage"],"picked":"Cleave","floor":7},{"not_picked":["Rage","Iron Wave"],"picked":"Dropkick","floor":10},{"not_picked":["Perfected Strike","Wild Strike"],"picked":"Uppercut","floor":11},{"not_picked":["Clothesline","Warcry"],"picked":"Offering","floor":12},{"not_picked":["Anger","Havoc"],"picked":"Body Slam","floor":14},{"not_picked":["Berserk","Fiend Fire"],"picked":"Limit Break","floor":16},{"not_picked":["Clothesline","Twin Strike+1"],"picked":"Thunderclap","floor":18},{"not_picked":["Wild Strike","Body Slam"],"picked":"Flex","floor":20},{"not_picked":["Offering","Twin Strike"],"picked":"Iron Wave","floor":23},{"not_picked":["Flex","Havoc","Twin Strike+1"],"picked":"SKIP","floor":24},{"not_picked":["Warcry","Intimidate+1"],"picked":"Whirlwind","floor":25},{"not_picked":["Clothesline","Anger","Twin Strike"],"picked":"SKIP","floor":27},{"not_picked":["Wild Strike","Clash"],"picked":"Heavy Blade","floor":29},{"not_picked":["Twin Strike","Sentinel"],"picked":"Blood for Blood","floor":31},{"not_picked":["Limit Break","Spot Weakness"],"picked":"Blood for Blood","floor":32}],"player_experience":1064061,"relics_obtained":[{"floor":7,"key":"Pen Nib"},{"floor":9,"key":"Kunai"},{"floor":11,"key":"Dream Catcher"},{"floor":23,"key":"Darkstone Periapt"},{"floor":26,"key":"Centennial Puzzle"}],"event_choices":[{"cards_removed":["Strike_R"],"damage_healed":0,"gold_gain":0,"player_choice":"Card Removal","damage_taken":0,"max_hp_gain":0,"max_hp_loss":0,"event_name":"The Cleric","floor":4,"gold_loss":75},{"cards_removed":["Strike_R"],"damage_healed":0,"gold_gain":0,"player_choice":"Forget","damage_taken":0,"max_hp_gain":0,"max_hp_loss":0,"event_name":"Living Wall","floor":13,"gold_loss":0},{"damage_healed":0,"gold_gain":0,"player_choice":"Ignored","damage_taken":0,"max_hp_gain":0,"max_hp_loss":0,"event_name":"Cursed Tome","floor":22,"gold_loss":0}],"is_beta":false,"boss_relics":[{"not_picked":["Black Blood","Fusion Hammer"],"picked":"Philosopher\u0027s Stone"}],"items_purged_floors":[2,19],"is_endless":false,"potions_floor_spawned":[5,10,14,27,29,31],"killed_by":"Champ","ascension_level":16}