{"path_per_floor":["M","M","M","$","?","E","R","M","T","M","M","R","$","?","R","B",null,"M","$","?","?","M","R","E","M","T","R","M","?","R","M","R","B",null,"M","?","T","?","?","R","E","R","T","M","?","$","M","E","R","B"],"character_chosen":"DEFECT","items_purchased":["Dodecahedron","Cold Snap","Storm","Storm","Vajra","Conserve Battery"],"gold_per_floor":[359,369,386,22,22,53,53,71,126,146,156,156,56,56,56,153,153,171,101,101,101,111,111,136,155,155,155,171,201,201,218,218,321,321,336,336,336,388,388,388,421,421,493,507,507,142,159,189,189,189],"floor_reached":51,"campfire_rested":8,"playtime":3759,"item_purchase_floors":[4,4,19,46,46,46],"current_hp_per_floor":[68,61,60,60,60,25,45,35,35,29,26,46,46,21,41,44,62,56,56,56,56,36,68,36,14,20,57,51,22,59,46,74,47,67,44,69,75,35,35,35,44,44,50,57,57,57,49,36,78,57],"items_purged":["Strike_B","Regret","Normality"],"gold":189,"score":923,"play_id":"afcbd623-1e81-4c4b-aaa4-ac56f0dce84e","local_time":"20180616002428","is_prod":false,"is_daily":false,"chose_seed":false,"is_ascension_mode":true,"campfire_upgraded":0,"win_rate":0,"timestamp":1529130268,"campfire_choices":[{"floor":7,"key":"REST"},{"floor":12,"key":"REST"},{"floor":15,"key":"REST"},{"floor":23,"key":"REST"},{"floor":27,"key":"REST"},{"floor":30,"key":"REST"},{"floor":32,"key":"REST"},{"floor":40,"key":"DIG"},{"floor":42,"key":"DIG"},{"floor":49,"key":"REST"}],"path_taken":["M","M","M","$","?","E","R","M","T","M","M","R","$","?","R","BOSS","M","$","?","?","?","R","E","?","T","R","M","?","R","M","R","BOSS","M","?","?","?","?","R","E","R","T","?","?","$","M","E","R","BOSS"],"build_version":"2018-06-14v2","seed_source_timestamp":190420337493148,"purchased_purges":3,"victory":true,"master_deck":["Strike_B","Strike_B","Defend_B","Defend_B","Defend_B","Defend_B","Zap","Dualcast","Consume","Rebound","Conserve Battery","Cold Snap","Echo Form","Glacier","Gash","Static Discharge","Amplify","Force Field+1","Storm","Creative AI","Stack","BootSequence","Writhe","Go for the Eyes+1","FTL","Loop","Thunder Strike","Static Discharge","Writhe","Force Field+1","Cold Snap","Normality","Storm","Conserve Battery","Ball Lightning+1","Chaos+1"],"max_hp_per_floor":[68,68,68,68,68,68,68,68,68,68,68,68,68,68,68,68,68,68,68,68,68,68,68,68,68,74,74,74,74,74,74,74,74,74,74,80,86,86,86,86,86,86,92,92,92,92,92,92,92,92],"relics":["Cracked Core","Dodecahedron","Meat on the Bone","Bag of Preparation","Oddly Smooth Stone","Darkstone Periapt","Cursed Key","Regal Pillow","Ginger","Anchor","Red Mask","Nuclear Battery","Blue Candle","Shovel","Lantern","Dream Catcher","Thread and Needle","Pantograph","Vajra","The Courier"],"card_choices":[{"not_picked":["Streamline","Gash"],"picked":"Consume","floor":1},{"not_picked":["Beam Cell","Compile Driver"],"picked":"Rebound","floor":2},{"not_picked":["Barrage","Beam Cell"],"picked":"Conserve Battery","floor":3},{"not_picked":["Darkness","Beam Cell"],"picked":"Echo Form","floor":6},{"not_picked":["Steam","Scrape"],"picked":"Glacier","floor":8},{"not_picked":["Scrape","Consume"],"picked":"Gash","floor":10},{"not_picked":["Conserve Battery","Coolheaded"],"picked":"Static Discharge","floor":11},{"not_picked":["Meteor Strike","Hyperbeam"],"picked":"Amplify","floor":16},{"not_picked":["Gash","Leap"],"picked":"Force Field+1","floor":18},{"not_picked":["Coolheaded","Stack+1","Ball Lightning"],"picked":"SKIP","floor":22},{"not_picked":["Go for the Eyes","Beam Cell","Double Energy"],"picked":"SKIP","floor":24},{"not_picked":["Turbo","Redo"],"picked":"BootSequence","floor":25},{"not_picked":["Coolheaded+1","Sweeping Beam"],"picked":"Go for the Eyes+1","floor":28},{"not_picked":["Barrage","Go for the Eyes+1"],"picked":"FTL","floor":29},{"not_picked":["Turbo","Chill"],"picked":"Loop","floor":31},{"not_picked":["Biased Cognition","Multi-Cast"],"picked":"Thunder Strike","floor":33},{"not_picked":["Chill+1","Redo"],"picked":"Static Discharge","floor":35},{"not_picked":["Chill+1","Leap+1"],"picked":"Cold Snap","floor":41},{"not_picked":["Go for the Eyes+1","Streamline+1","Turbo"],"picked":"SKIP","floor":44},{"not_picked":["Genetic Algorithm+1","Gash+1"],"picked":"Ball Lightning+1","floor":47},{"not_picked":["Static Discharge+1","Redo+1"],"picked":"Chaos+1","floor":48}],"player_experience":886061,"potions_floor_usage":[8,16,16,24,31,38,38,44,48,50,50],"damage_taken":[{"damage":0,"enemies":"Jaw Worm","floor":1,"turns":3},{"damage":7,"enemies":"2 Louse","floor":2,"turns":3},{"damage":1,"enemies":"Cultist","floor":3,"turns":3},{"damage":47,"enemies":"Lagavulin","floor":6,"turns":7},{"damage":24,"enemies":"Large Slime","floor":8,"turns":5},{"damage":18,"enemies":"Blue Slaver","floor":10,"turns":4},{"damage":15,"enemies":"2 Fungi Beasts","floor":11,"turns":3},{"damage":9,"enemies":"Hexaghost","floor":16,"turns":12},{"damage":6,"enemies":"Shell Parasite","floor":18,"turns":7},{"damage":32,"enemies":"Chosen","floor":22,"turns":7},{"damage":44,"enemies":"Book of Stabbing","floor":24,"turns":6},{"damage":34,"enemies":"Centurion and Healer","floor":25,"turns":6},{"damage":6,"enemies":"Snecko","floor":28,"turns":5},{"damage":41,"floor":29,"turns":6},{"damage":13,"enemies":"Cultist and Chosen","floor":31,"turns":5},{"damage":27,"enemies":"Collector","floor":33,"turns":6},{"damage":23,"enemies":"3 Darklings","floor":35,"turns":5},{"damage":52,"floor":38,"turns":8},{"damage":3,"enemies":"Giant Head","floor":41,"turns":7},{"damage":5,"enemies":"Orb Walker","floor":44,"turns":4},{"damage":20,"enemies":"Sphere and 2 Shapes","floor":47,"turns":4},{"damage":25,"enemies":"Nemesis","floor":48,"turns":5},{"damage":47,"enemies":"Donu and Deca","floor":50,"turns":7}],"relics_obtained":[{"floor":6,"key":"Bag of Preparation"},{"floor":9,"key":"Oddly Smooth Stone"},{"floor":24,"key":"Ginger"},{"floor":26,"key":"Anchor"},{"floor":29,"key":"Red Mask"},{"floor":37,"key":"Blue Candle"},{"floor":38,"key":"Shovel"},{"floor":40,"key":"Lantern"},{"floor":41,"key":"Dream Catcher"},{"floor":42,"key":"Thread and Needle"},{"floor":43,"key":"Pantograph"},{"floor":48,"key":"The Courier"}],"event_choices":[{"event_name":"Big Fish","player_choice":"Box","floor":5,"damage_taken":0},{"event_name":"Scrap Ooze","player_choice":"success","floor":14,"damage_taken":25},{"event_name":"The Mausoleum","player_choice":"Yes","floor":20,"damage_taken":0},{"event_name":"Match and Keep!","player_choice":"2 cards matched","floor":21,"damage_taken":0},{"event_name":"Masked Bandits","player_choice":"Fought over 171 gold","floor":29,"damage_taken":0},{"event_name":"Winding Halls","player_choice":"Writhe","floor":36,"damage_taken":0},{"event_name":"Mysterious Sphere","player_choice":"Fight","floor":38,"damage_taken":0},{"event_name":"Duplicator","player_choice":"One dupe","floor":39,"damage_taken":0},{"event_name":"Falling","player_choice":"Removed Attack","floor":45,"damage_taken":0}],"boss_relics":[{"not_picked":["Philosopher\u0027s Stone","Snecko Eye"],"picked":"Cursed Key"},{"not_picked":["Runic Dome","Astrolabe"],"picked":"Nuclear Battery"}],"items_purged_floors":[4,13,46],"is_endless":false,"potions_floor_spawned":[6,8,11,16,28,29,31,33,38,41,48],"seed_played":"-4242546873264712947","ascension_level":5,"potions_obtained":[{"floor":6,"key":"Regen Potion"},{"floor":8,"key":"AttackPotion"},{"floor":11,"key":"FocusPotion"},{"floor":16,"key":"Energy Potion"},{"floor":28,"key":"Explosive Potion"},{"floor":29,"key":"Block Potion"},{"floor":31,"key":"Block Potion"},{"floor":33,"key":"Block Potion"},{"floor":38,"key":"AttackPotion"},{"floor":41,"key":"LiquidBronze"},{"floor":48,"key":"Explosive Potion"}],"is_trial":false}