{"path_per_floor":["M","$","M","M","?","R","M","E","T","M","?","R","M","M","R","B",null,"M","M","?","M","T","R","M","M","T","M","R","?","E","M","R"],"character_chosen":"IRONCLAD","items_purchased":["Perfected Strike"],"gold_per_floor":[114,16,27,45,45,45,55,80,160,173,173,173,192,210,210,313,313,331,342,442,458,534,534,554,573,622,638,638,638,638,657,657,657],"floor_reached":33,"campfire_rested":2,"playtime":2721,"current_hp_per_floor":[83,83,86,89,89,89,92,81,81,90,78,98,93,83,83,18,101,100,90,90,85,85,85,65,70,70,68,100,100,106,99,99,0],"items_purged":["Bash"],"gold":657,"score":323,"play_id":"26b135a8-71b4-40a9-995c-49011bb9b03e","local_time":"20180519153615","is_prod":false,"is_daily":false,"chose_seed":false,"is_ascension_mode":false,"campfire_upgraded":4,"timestamp":1526754975,"campfire_choices":[{"data":"Perfected Strike","floor":6,"key":"SMITH"},{"floor":12,"key":"REST"},{"data":"Anger","floor":15,"key":"SMITH"},{"data":"Bludgeon","floor":23,"key":"SMITH"},{"floor":28,"key":"REST"},{"data":"Perfected Strike","floor":32,"key":"SMITH"}],"path_taken":["M","?","M","M","?","R","M","E","T","M","?","R","M","M","R","BOSS","M","M","?","?","?","R","M","M","T","M","R","?","E","M","R","BOSS"],"build_version":"2018-05-17","seed_source_timestamp":938493894681222,"purchased_purges":1,"victory":false,"master_deck":["Strike_R","Strike_R","Strike_R","Strike_R","Strike_R","Defend_R","Defend_R","Defend_R","Defend_R","Feed","Battle Trance","Perfected Strike+1","Anger+1","Fire Breathing","Fire Breathing","Bludgeon+1","Shrug It Off","Twin Strike+1","Power Through+1","Shrug It Off","Perfected Strike+1","Writhe","Whirlwind+1"],"max_hp_per_floor":[83,83,86,89,89,89,92,95,95,98,98,98,98,98,98,101,101,104,104,104,104,104,104,104,104,104,107,107,107,107,107,107,107],"relics":["Burning Blood","Bird Faced Urn","Letter Opener","Boot","Sozu","Gremlin Horn","Vajra","Self Forming Clay"],"card_choices":[{"not_picked":["Sever Soul","Clothesline"],"picked":"Battle Trance","floor":1},{"not_picked":["Warcry","Infernal Blade"],"picked":"Anger","floor":3},{"not_picked":["Flex","Pummel"],"picked":"Whirlwind","floor":4},{"not_picked":["Flex","Thunderclap","Clothesline"],"picked":"SKIP","floor":7},{"not_picked":["Dark Embrace","Iron Wave"],"picked":"Fire Breathing","floor":8},{"not_picked":["Flex","Clash"],"picked":"Fire Breathing","floor":10},{"not_picked":["Warcry","Body Slam","Thunderclap"],"picked":"SKIP","floor":13},{"not_picked":["Offering","Heavy Blade","Blood for Blood"],"picked":"SKIP","floor":14},{"not_picked":["Brutality","Demon Form"],"picked":"Bludgeon","floor":16},{"not_picked":["Headbutt","Body Slam"],"picked":"Shrug It Off","floor":18},{"not_picked":["Sword Boomerang","Flex+1"],"picked":"Twin Strike+1","floor":19},{"not_picked":["Heavy Blade","Thunderclap"],"picked":"Power Through+1","floor":21},{"not_picked":["Clothesline+1","Ghostly Armor","Sever Soul"],"picked":"SKIP","floor":24},{"not_picked":["Warcry","Entrench"],"picked":"Shrug It Off","floor":25},{"not_picked":["Reckless Charge","Corruption+1"],"picked":"Perfected Strike","floor":27},{"not_picked":["Burning Pact","True Grit"],"picked":"Whirlwind+1","floor":31}],"player_experience":12192,"potions_floor_usage":[16,16,30],"damage_taken":[{"damage":5,"enemies":"Cultist","floor":1,"turns":5},{"damage":6,"enemies":"Jaw Worm","floor":3,"turns":3},{"damage":2,"enemies":"Small Slimes","floor":4,"turns":2},{"damage":5,"enemies":"Looter","floor":7,"turns":2},{"damage":20,"enemies":"3 Sentries","floor":8,"turns":10},{"damage":2,"enemies":"3 Louse","floor":10,"turns":3},{"damage":13,"enemies":"Red Slaver","floor":13,"turns":2},{"damage":20,"enemies":"Exordium Thugs","floor":14,"turns":4},{"damage":78,"enemies":"The Guardian","floor":16,"turns":10},{"damage":10,"enemies":"3 Byrds","floor":18,"turns":3},{"damage":20,"enemies":"2 Thieves","floor":19,"turns":4},{"damage":13,"enemies":"Snecko","floor":21,"turns":4},{"damage":30,"enemies":"Centurion and Healer","floor":24,"turns":5},{"damage":5,"enemies":"3 Cultists","floor":25,"turns":5},{"damage":15,"enemies":"Cultist and Chosen","floor":27,"turns":5},{"damage":0,"enemies":"Slavers","floor":30,"turns":1},{"damage":16,"enemies":"Snake Plant","floor":31,"turns":3},{"damage":117,"enemies":"Automaton","floor":33,"turns":10}],"relics_obtained":[{"floor":8,"key":"Bird Faced Urn"},{"floor":9,"key":"Letter Opener"},{"floor":22,"key":"Gremlin Horn"},{"floor":26,"key":"Vajra"}],"event_choices":[{"event_name":"Bonfire Elementals","player_choice":"UNCOMMON","floor":5,"damage_taken":0},{"event_name":"Scrap Ooze","player_choice":"success","floor":11,"damage_taken":12},{"event_name":"Golden Shrine","player_choice":"Pray","floor":20,"damage_taken":0},{"event_name":"The Mausoleum","player_choice":"Yes","floor":29,"damage_taken":0}],"boss_relics":[{"not_picked":["Astrolabe","Runic Dome"],"picked":"Sozu"}],"potions_floor_spawned":[1,7,10,13,18,19,31],"seed_played":"3379848743397186184","killed_by":"Automaton","ascension_level":0,"potions_obtained":[{"floor":1,"key":"SmokeBomb"},{"floor":7,"key":"Energy Potion"},{"floor":10,"key":"Dexterity Potion"}],"is_trial":false}