{"path_per_floor":["M","$","M","?","M","R","E","M","T","?","R","M","$","M","R"],"character_chosen":"DEFECT","items_purchased":["Hyperbeam"],"gold_per_floor":[216,67,83,83,94,94,123,141,141,216,216,233,133,148,148,148],"floor_reached":16,"campfire_rested":0,"playtime":622,"current_hp_per_floor":[56,56,56,56,56,56,56,56,56,45,45,45,45,45,45,0],"items_purged":["Strike_B","Strike_B"],"gold":148,"score":165,"play_id":"16c25f70-299a-4c14-9c51-1059303dfccf","local_time":"20180515210022","is_prod":false,"is_daily":false,"chose_seed":false,"is_ascension_mode":true,"campfire_upgraded":3,"timestamp":1526439622,"path_taken":["M","$","M","?","?","R","E","M","T","?","R","M","$","M","R","BOSS"],"build_version":"2018-05-14v2","seed_source_timestamp":519189509560957,"purchased_purges":2,"victory":false,"master_deck":["Strike_B","Strike_B","Defend_B","Defend_B","Defend_B","Defend_B","Zap","Dualcast","Barrage+1","Hyperbeam+1","FTL+1","Streamline","BootSequence"],"max_hp_per_floor":[75,75,75,75,75,75,75,75,75,75,75,75,75,75,75,75],"relics":["Cracked Core","Bag of Marbles","Lantern"],"card_choices":[{"not_picked":["Skim","Beam Cell"],"picked":"Barrage","floor":1},{"not_picked":["Steam","Chill"],"picked":"FTL","floor":3},{"not_picked":["Lockon","Axe Kick"],"picked":"Streamline","floor":5},{"not_picked":["Streamline","Hologram","Steam"],"picked":"SKIP","floor":7},{"not_picked":["Barrage","Hologram","Aggregate"],"picked":"SKIP","floor":8},{"not_picked":["Turbo","Rebound"],"picked":"BootSequence","floor":12},{"not_picked":["Capacitor","Conserve Battery","Glacier"],"picked":"SKIP","floor":14}],"player_experience":124775,"potions_floor_usage":[7,16,16],"damage_taken":[{"damage":12,"enemies":"Jaw Worm","floor":1,"turns":2},{"damage":0,"enemies":"Cultist","floor":3,"turns":2},{"damage":0,"enemies":"Small Slimes","floor":5,"turns":1},{"damage":0,"enemies":"3 Sentries","floor":7,"turns":2},{"damage":0,"enemies":"3 Louse","floor":8,"turns":1},{"damage":0,"enemies":"Large Slime","floor":12,"turns":1},{"damage":0,"enemies":"Blue Slaver","floor":14,"turns":2},{"damage":51,"enemies":"The Guardian","floor":16,"turns":10}],"relics_obtained":[{"floor":7,"key":"Bag of Marbles"},{"floor":9,"key":"Lantern"}],"event_choices":[{"event_name":"The Woman in Blue","player_choice":"Bought 0 Potions","floor":4,"damage_taken":0},{"event_name":"World of Goop","player_choice":"Gather Gold","floor":10,"damage_taken":0}],"boss_relics":[],"potions_floor_spawned":[3,5,8],"seed_played":"-6952136087642532276","killed_by":"The Guardian","ascension_level":6,"potions_obtained":[{"floor":3,"key":"Strength Potion"},{"floor":5,"key":"GamblersBrew"},{"floor":8,"key":"SteroidPotion"}],"is_trial":false}