{"gold_per_floor":[19,37,37,57,70,100,113,113,138,138,213,238,251,270,270,270],"floor_reached":16,"playtime":848,"items_purged":[],"score":353,"play_id":"d63a3a5f-4e3e-448d-9fd7-9094778daeb3","local_time":"20190307021609","is_ascension_mode":true,"campfire_choices":[{"data":"Armaments","floor":8,"key":"SMITH"},{"data":"Power Through","floor":10,"key":"SMITH"},{"data":"Spot Weakness","floor":15,"key":"SMITH"}],"neow_cost":"NO_GOLD","seed_source_timestamp":10028061275067,"circlet_count":0,"master_deck":["AscendersBane","Strike_R","Strike_R+1","Strike_R","Strike_R","Strike_R","Defend_R","Defend_R","Defend_R","Defend_R","Bash","Cleave+1","Cleave","Cleave","Armaments+1","Shrug It Off","Power Through+1","Spot Weakness+1","Body Slam","Cleave"],"relics":["Burning Blood","FossilizedHelix","PreservedInsect","Strawberry","Whetstone","Boot"],"potions_floor_usage":[6,16],"damage_taken":[{"damage":3,"enemies":"2 Louse","floor":1,"turns":3},{"damage":0,"enemies":"Cultist","floor":2,"turns":3},{"damage":0,"enemies":"Small Slimes","floor":4,"turns":3},{"damage":16,"enemies":"Exordium Thugs","floor":5,"turns":4},{"damage":0,"enemies":"Gremlin Nob","floor":6,"turns":3},{"damage":0,"enemies":"Looter","floor":7,"turns":3},{"damage":0,"enemies":"3 Sentries","floor":12,"turns":4},{"damage":0,"enemies":"Large Slime","floor":13,"turns":4},{"damage":10,"enemies":"Exordium Wildlife","floor":14,"turns":4},{"damage":84,"enemies":"Slime Boss","floor":16,"turns":12}],"seed_played":"-7725772152122414604","potions_obtained":[{"floor":2,"key":"EssenceOfSteel"},{"floor":4,"key":"SteroidPotion"},{"floor":7,"key":"FearPotion"}],"is_trial":false,"path_per_floor":["M","M","?","M","M","E","M","R","T","R","?","E","M","M","R","B"],"character_chosen":"IRONCLAD","items_purchased":[],"campfire_rested":0,"item_purchase_floors":[],"current_hp_per_floor":[71,75,75,75,65,78,82,82,82,82,71,77,82,78,78,0],"gold":270,"neow_bonus":"ONE_RARE_RELIC","is_prod":false,"is_daily":false,"chose_seed":false,"campfire_upgraded":3,"win_rate":0,"timestamp":1551950169,"path_taken":["M","M","?","M","?","E","M","R","T","R","?","E","M","M","R","BOSS"],"build_version":"2019-01-23","purchased_purges":0,"victory":false,"max_hp_per_floor":[75,75,75,75,75,82,82,82,82,82,82,82,82,82,82,82],"card_choices":[{"not_picked":["Armaments","True Grit"],"picked":"Cleave","floor":1},{"not_picked":["Body Slam","Whirlwind"],"picked":"Cleave","floor":2},{"not_picked":["Rampage","True Grit"],"picked":"Cleave","floor":4},{"not_picked":["Anger","Whirlwind"],"picked":"Armaments","floor":5},{"not_picked":["Limit Break","Hemokinesis"],"picked":"Shrug It Off","floor":6},{"not_picked":["Armaments","Iron Wave"],"picked":"Power Through","floor":7},{"not_picked":["Anger","Flex"],"picked":"Spot Weakness","floor":12},{"not_picked":["Iron Wave","Clash"],"picked":"Body Slam","floor":13},{"not_picked":["Perfected Strike","Exhume"],"picked":"Cleave","floor":14}],"player_experience":1373326,"relics_obtained":[{"floor":6,"key":"Strawberry"},{"floor":9,"key":"Whetstone"},{"floor":12,"key":"Boot"}],"event_choices":[{"damage_healed":0,"gold_gain":0,"player_choice":"Gave Potion","damage_taken":0,"relics_obtained":["PreservedInsect"],"max_hp_gain":0,"max_hp_loss":0,"event_name":"WeMeetAgain","floor":3,"gold_loss":0},{"damage_healed":0,"gold_gain":75,"player_choice":"Gather Gold","damage_taken":11,"max_hp_gain":0,"max_hp_loss":0,"event_name":"World of Goop","floor":11,"gold_loss":0}],"is_beta":false,"boss_relics":[],"items_purged_floors":[],"is_endless":false,"potions_floor_spawned":[2,4,7],"killed_by":"Slime Boss","ascension_level":20}