{"path_per_floor":["M","M","$","?","M","R","M","E","T","M","?","R","M","M","R","B",null,"M","M","?","?","M","R"],"character_chosen":"DEFECT","items_purchased":[],"gold_per_floor":[119,129,54,54,71,71,84,111,135,150,150,150,170,189,189,289,289,302,322,322,322,335,335,335],"floor_reached":24,"campfire_rested":0,"playtime":1412,"item_purchase_floors":[],"current_hp_per_floor":[70,75,75,75,75,75,74,40,40,53,41,41,31,34,34,17,61,69,54,40,66,49,49,0],"items_purged":["Strike_B"],"gold":335,"score":280,"play_id":"a5ab2506-a069-42e0-aa70-4d7165d76c3a","local_time":"20180520202300","is_prod":false,"is_daily":false,"chose_seed":false,"is_ascension_mode":true,"campfire_upgraded":4,"timestamp":1526869380,"campfire_choices":[{"data":"Chaos","floor":6,"key":"SMITH"},{"data":"Consume","floor":12,"key":"SMITH"},{"data":"Zap","floor":15,"key":"SMITH"},{"data":"Thunder Strike","floor":23,"key":"SMITH"}],"path_taken":["M","M","$","?","M","R","M","E","T","M","?","R","?","M","R","BOSS","M","M","?","?","M","R","M"],"build_version":"2018-05-18","seed_source_timestamp":948167828992770,"purchased_purges":1,"victory":false,"master_deck":["Strike_B","Strike_B","Strike_B","Defend_B","Defend_B","Defend_B","Defend_B","Zap+1","Dualcast","Self Repair","Streamline","Regret","Chaos+1","Consume+1","Lockon","Sweeping Beam","Thunder Strike+1","Capacitor","Capacitor+1","Storm+1"],"max_hp_per_floor":[75,75,75,75,75,75,75,75,75,75,75,75,75,75,75,75,75,75,75,80,80,80,80,80],"relics":["Cracked Core","Blood Vial","Anchor","Happy Flower","Bronze Scales","Kunai","Philosopher\u0027s Stone"],"card_choices":[{"not_picked":["Sweeping Beam","Barrage"],"picked":"Self Repair","floor":1},{"not_picked":["Leap","Turbo"],"picked":"Streamline","floor":2},{"not_picked":["Go for the Eyes","Steam"],"picked":"Chaos","floor":5},{"not_picked":["Leap","Skim","Chaos"],"picked":"SKIP","floor":7},{"not_picked":["Barrage","Rebound"],"picked":"Consume","floor":8},{"not_picked":["Nova","Beam Cell"],"picked":"Lockon","floor":10},{"not_picked":["FTL","Leap"],"picked":"Sweeping Beam","floor":13},{"not_picked":["Reprogram","Streamline","Steam"],"picked":"SKIP","floor":14},{"not_picked":["Fission","Hyperbeam"],"picked":"Thunder Strike","floor":16},{"not_picked":["Barrage","Skim"],"picked":"Capacitor","floor":18},{"not_picked":["Storm","Double Energy"],"picked":"Capacitor+1","floor":19},{"not_picked":["Go for the Eyes","Axe Kick"],"picked":"Storm+1","floor":22}],"player_experience":148943,"potions_floor_usage":[10,13,16,19,24],"damage_taken":[{"damage":0,"enemies":"2 Louse","floor":1,"turns":3},{"damage":2,"enemies":"Jaw Worm","floor":2,"turns":5},{"damage":2,"enemies":"Small Slimes","floor":5,"turns":3},{"damage":8,"enemies":"Blue Slaver","floor":7,"turns":4},{"damage":42,"enemies":"Gremlin Nob","floor":8,"turns":4},{"damage":8,"enemies":"Red Slaver","floor":10,"turns":3},{"damage":12,"enemies":"Gremlin Gang","floor":13,"turns":4},{"damage":6,"enemies":"Exordium Wildlife","floor":14,"turns":5},{"damage":26,"enemies":"Slime Boss","floor":16,"turns":7},{"damage":1,"enemies":"Chosen","floor":18,"turns":5},{"damage":17,"enemies":"3 Byrds","floor":19,"turns":3},{"damage":26,"enemies":"Centurion and Healer","floor":22,"turns":6},{"damage":53,"enemies":"Slaver and Parasite","floor":24,"turns":3}],"relics_obtained":[{"floor":8,"key":"Happy Flower"},{"floor":9,"key":"Bronze Scales"}],"event_choices":[{"event_name":"Big Fish","player_choice":"Box","floor":4,"damage_taken":0},{"event_name":"Scrap Ooze","player_choice":"success","floor":11,"damage_taken":12},{"event_name":"Forgotten Altar","player_choice":"Shed Blood","floor":20,"damage_taken":0},{"event_name":"The Library","player_choice":"Heal","floor":21,"damage_taken":0}],"boss_relics":[{"not_picked":["Runic Dome","Lizard Tail"],"picked":"Philosopher\u0027s Stone"}],"items_purged_floors":[3],"potions_floor_spawned":[7,10,13,14,18,22],"seed_played":"5846296884300805087","killed_by":"Slaver and Parasite","ascension_level":8,"potions_obtained":[{"floor":7,"key":"Regen Potion"},{"floor":10,"key":"SkillPotion"},{"floor":13,"key":"Strength Potion"},{"floor":14,"key":"LiquidBronze"},{"floor":18,"key":"SteroidPotion"},{"floor":22,"key":"Swift Potion"}],"is_trial":false}