{"gold_per_floor":[111,131,53,53,71,102,102,141,190,190,209,209,209,253,253,349,349,373,386,386,9,28,49,49,83,83,83,83,83,114,127,127,127],"floor_reached":33,"playtime":2275,"items_purged":["Strike_G"],"score":574,"play_id":"d318b7ea-b4b3-4a19-b0df-a81ac8f8e3a6","local_time":"20190212235828","is_ascension_mode":true,"campfire_choices":[{"data":"Adrenaline","floor":7,"key":"SMITH"},{"floor":10,"key":"REST"},{"floor":12,"key":"REST"},{"floor":15,"key":"REST"},{"floor":24,"key":"REST"},{"floor":28,"key":"REST"},{"floor":32,"key":"REST"}],"neow_cost":"NONE","seed_source_timestamp":2177472728806340,"circlet_count":0,"master_deck":["AscendersBane","Defend_G","Defend_G","Defend_G","Defend_G","Defend_G","Strike_G","Strike_G","Survivor","Neutralize","Flying Knee","Dagger Spray","Infinite Blades","Adrenaline+1","Backstab","Infinite Blades","Backflip","Tactician","Slice","Phantasmal Killer","Concentrate","Prepared","Adrenaline+1","Underhanded Strike","After Image","Infinite Blades","Footwork","Burst","Caltrops","All Out Attack","Accuracy","Finisher","Footwork"],"relics":["Ring of the Snake","NeowsBlessing","Golden Idol","Pear","Boot","Centennial Puzzle","Dream Catcher","Cursed Key","Unceasing Top","Matryoshka","Lantern","Prayer Wheel","The Specimen"],"potions_floor_usage":[6,14,16,23,25],"damage_taken":[{"damage":0,"enemies":"2 Louse","floor":1,"turns":1},{"damage":0,"enemies":"Jaw Worm","floor":2,"turns":1},{"damage":0,"enemies":"Cultist","floor":5,"turns":1},{"damage":28,"enemies":"Gremlin Nob","floor":6,"turns":4},{"damage":22,"enemies":"3 Sentries","floor":8,"turns":9},{"damage":3,"enemies":"Large Slime","floor":11,"turns":3},{"damage":20,"enemies":"Lagavulin","floor":14,"turns":5},{"damage":36,"enemies":"The Guardian","floor":16,"turns":12},{"damage":6,"enemies":"3 Byrds","floor":18,"turns":3},{"damage":9,"enemies":"Chosen","floor":19,"turns":4},{"damage":21,"enemies":"Snecko","floor":22,"turns":4},{"damage":5,"enemies":"Shelled Parasite and Fungi","floor":23,"turns":5},{"damage":10,"enemies":"Gremlin Leader","floor":25,"turns":4},{"damage":9,"enemies":"Book of Stabbing","floor":30,"turns":4},{"damage":22,"enemies":"Cultist and Chosen","floor":31,"turns":6},{"damage":58,"enemies":"Champ","floor":33,"turns":8}],"seed_played":"5759101919949940754","potions_obtained":[{"floor":1,"key":"PowerPotion"},{"floor":8,"key":"Fire Potion"},{"floor":14,"key":"Weak Potion"},{"floor":16,"key":"SpeedPotion"},{"floor":19,"key":"Energy Potion"},{"floor":30,"key":"Ancient Potion"}],"is_trial":false,"path_per_floor":["M","M","$","?","M","E","R","E","T","R","M","R","?","E","R","B",null,"M","M","?","$","M","M","R","E","T","?","R","?","E","M","R","B"],"character_chosen":"THE_SILENT","items_purchased":["Infinite Blades","Unceasing Top"],"campfire_rested":6,"item_purchase_floors":[3,21],"current_hp_per_floor":[59,59,59,59,59,41,41,19,19,40,37,58,51,31,52,16,57,51,42,42,42,21,16,37,27,27,27,48,48,39,17,38,0],"gold":127,"neow_bonus":"THREE_ENEMY_KILL","is_prod":false,"is_daily":false,"chose_seed":false,"campfire_upgraded":1,"win_rate":0,"timestamp":1550041108,"path_taken":["M","M","$","?","M","E","R","E","T","R","M","R","?","E","R","BOSS","M","M","?","?","M","M","R","E","T","?","R","?","E","M","R","BOSS"],"build_version":"2019-01-23","purchased_purges":1,"victory":false,"max_hp_per_floor":[66,66,66,60,60,70,70,70,70,70,70,70,70,70,70,70,70,70,70,70,70,70,70,70,70,70,70,70,70,70,70,70,70],"card_choices":[{"not_picked":["Riddle With Holes","Crippling Poison"],"picked":"Flying Knee","floor":1},{"not_picked":["Quick Slash","Escape Plan"],"picked":"Dagger Spray","floor":2},{"not_picked":["Outmaneuver","Dagger Spray"],"picked":"Adrenaline","floor":5},{"not_picked":["Backflip","Bouncing Flask"],"picked":"Backstab","floor":6},{"not_picked":["Tactician","Cloak And Dagger"],"picked":"Infinite Blades","floor":8},{"not_picked":["Heel Hook","Dagger Spray"],"picked":"Backflip","floor":11},{"not_picked":["Deadly Poison","Crippling Poison"],"picked":"Tactician","floor":14},{"not_picked":["Setup","Expertise"],"picked":"Slice","floor":15},{"not_picked":["Venomology","Die Die Die"],"picked":"Phantasmal Killer","floor":16},{"not_picked":["Terror","Outmaneuver"],"picked":"Concentrate","floor":18},{"not_picked":["Deflect","Blade Dance"],"picked":"Prepared","floor":19},{"not_picked":["Sucker Punch","Bane"],"picked":"Underhanded Strike","floor":22},{"not_picked":["Cloak And Dagger","Skewer"],"picked":"After Image","floor":23},{"not_picked":["PiercingWail","Cloak And Dagger+1"],"picked":"Infinite Blades","floor":24},{"not_picked":["Expertise","Well Laid Plans"],"picked":"Footwork","floor":25},{"not_picked":["Deflect","Cloak And Dagger"],"picked":"Caltrops","floor":28},{"not_picked":["Cloak And Dagger","Quick Slash"],"picked":"All Out Attack","floor":30},{"not_picked":["Dagger Throw","Acrobatics"],"picked":"Accuracy","floor":31},{"not_picked":["Slice","Crippling Poison"],"picked":"Finisher","floor":31},{"not_picked":["Underhanded Strike","Dagger Spray"],"picked":"Footwork","floor":32}],"player_experience":1096007,"relics_obtained":[{"floor":6,"key":"Pear"},{"floor":8,"key":"Boot"},{"floor":9,"key":"Centennial Puzzle"},{"floor":14,"key":"Dream Catcher"},{"floor":25,"key":"Matryoshka"},{"floor":26,"key":"Lantern"},{"floor":26,"key":"Prayer Wheel"},{"floor":30,"key":"The Specimen"}],"event_choices":[{"damage_healed":0,"gold_gain":0,"player_choice":"Lose Max HP","damage_taken":0,"relics_obtained":["Golden Idol"],"max_hp_gain":0,"max_hp_loss":6,"event_name":"Golden Idol","floor":4,"gold_loss":0},{"cards_removed":["Strike_G"],"damage_healed":0,"gold_gain":0,"player_choice":"Card Removal","damage_taken":7,"max_hp_gain":0,"max_hp_loss":0,"event_name":"Golden Wing","floor":13,"gold_loss":0},{"damage_healed":0,"gold_gain":0,"player_choice":"Copied","damage_taken":0,"max_hp_gain":0,"max_hp_loss":0,"event_name":"Duplicator","floor":20,"gold_loss":0,"cards_obtained":["Adrenaline"]},{"damage_healed":0,"gold_gain":0,"cards_transformed":["Normality","Strike_G"],"player_choice":"Became Test Subject","damage_taken":0,"max_hp_gain":0,"max_hp_loss":0,"event_name":"Drug Dealer","floor":27,"gold_loss":0,"cards_obtained":["Regret","Burst"]},{"cards_removed":["Regret"],"damage_healed":0,"gold_gain":0,"player_choice":"Removed Curses","damage_taken":0,"max_hp_gain":0,"max_hp_loss":0,"event_name":"Fountain of Cleansing","floor":29,"gold_loss":0}],"is_beta":false,"boss_relics":[{"not_picked":["Snecko Eye","Runic Dome"],"picked":"Cursed Key"}],"items_purged_floors":[21],"is_endless":false,"potions_floor_spawned":[1,8,14,16,19,23,30],"killed_by":"Champ","ascension_level":15}