{"gold_per_floor":[362,437,42,42,59,59,90,90,115,128,147,162,181,213,213,213],"floor_reached":16,"playtime":844,"items_purged":[],"score":224,"play_id":"4ab0c28d-6db0-4bd2-8054-2516ff954910","local_time":"20190312234103","is_ascension_mode":true,"campfire_choices":[{"data":"Uppercut","floor":6,"key":"SMITH"},{"data":"Power Through","floor":8,"key":"SMITH"},{"data":"Body Slam","floor":15,"key":"SMITH"}],"neow_cost":"CURSE","seed_source_timestamp":515553675155860,"circlet_count":0,"master_deck":["AscendersBane","Strike_R","Strike_R","Strike_R","Strike_R","Strike_R","Defend_R+1","Defend_R","Defend_R","Defend_R+1","Bash","Uppercut+1","Power Through+1","Feel No Pain","Pommel Strike","Flame Barrier","Body Slam+1","True Grit","Ghostly Armor"],"relics":["Burning Blood","Anchor","ClockworkSouvenir","War Paint","Ancient Tea Set","Gremlin Horn"],"potions_floor_usage":[7,13,16],"damage_taken":[{"damage":13,"enemies":"Small Slimes","floor":1,"turns":5},{"damage":1,"enemies":"Cultist","floor":5,"turns":3},{"damage":10,"enemies":"3 Sentries","floor":7,"turns":8},{"damage":0,"enemies":"Jaw Worm","floor":10,"turns":4},{"damage":3,"enemies":"Blue Slaver","floor":11,"turns":3},{"damage":4,"enemies":"Looter","floor":12,"turns":4},{"damage":3,"enemies":"Large Slime","floor":13,"turns":6},{"damage":30,"enemies":"Lagavulin","floor":14,"turns":6},{"damage":47,"enemies":"Hexaghost","floor":16,"turns":14}],"seed_played":"2640210982395480445","potions_obtained":[{"floor":1,"key":"Explosive Potion"},{"floor":10,"key":"SpeedPotion"},{"floor":11,"key":"SpeedPotion"}],"is_trial":false,"path_per_floor":["M","?","$","?","M","R","E","R","T","M","M","M","M","E","R","B"],"character_chosen":"IRONCLAD","items_purchased":["Anchor","ClockworkSouvenir"],"campfire_rested":0,"item_purchase_floors":[3,3],"current_hp_per_floor":[61,50,50,50,55,55,51,51,51,57,60,62,65,41,41,0],"gold":213,"neow_bonus":"TWO_FIFTY_GOLD","is_prod":false,"is_daily":false,"chose_seed":false,"campfire_upgraded":3,"win_rate":0,"timestamp":1552455663,"path_taken":["M","?","$","?","M","R","E","R","T","M","M","?","M","E","R","BOSS"],"build_version":"2019-01-23","purchased_purges":0,"victory":false,"max_hp_per_floor":[75,75,75,75,75,75,75,75,75,75,75,75,75,75,75,75],"card_choices":[{"not_picked":["Rage","Rupture"],"picked":"Uppercut","floor":1},{"not_picked":["Corruption","Heavy Blade"],"picked":"Power Through","floor":5},{"not_picked":["Sever Soul","Sword Boomerang"],"picked":"Feel No Pain","floor":7},{"not_picked":["Clash","Havoc"],"picked":"Pommel Strike","floor":10},{"not_picked":["Perfected Strike","Rampage"],"picked":"Flame Barrier","floor":11},{"not_picked":["Cleave","Intimidate"],"picked":"Body Slam","floor":12},{"not_picked":["Blood for Blood","Exhume"],"picked":"True Grit","floor":13},{"not_picked":["Anger","Seeing Red"],"picked":"Ghostly Armor","floor":14}],"player_experience":1417343,"relics_obtained":[{"floor":7,"key":"War Paint"},{"floor":9,"key":"Ancient Tea Set"},{"floor":14,"key":"Gremlin Horn"}],"event_choices":[{"damage_healed":0,"gold_gain":75,"player_choice":"Gather Gold","damage_taken":11,"max_hp_gain":0,"max_hp_loss":0,"event_name":"World of Goop","floor":2,"gold_loss":0},{"cards_removed":["Decay"],"damage_healed":0,"gold_gain":0,"player_choice":"Removed Curses","damage_taken":0,"max_hp_gain":0,"max_hp_loss":0,"event_name":"Fountain of Cleansing","floor":4,"gold_loss":0}],"is_beta":false,"boss_relics":[],"items_purged_floors":[],"is_endless":false,"potions_floor_spawned":[1,10,11],"killed_by":"Hexaghost","ascension_level":20}