{"gold_per_floor":[115,125,125,142,67,67,100,100,100,110,110,135,60,60,60,60],"floor_reached":16,"playtime":650,"items_purged":["Strike_R"],"score":211,"play_id":"3192364a-c0fa-45ee-bcc7-02e6aed7dc7d","local_time":"20190226205034","is_ascension_mode":true,"campfire_choices":[{"data":"Whirlwind","floor":6,"key":"SMITH"},{"floor":8,"key":"REST"},{"data":"Flex","floor":11,"key":"SMITH"},{"data":"Rage","floor":15,"key":"SMITH"}],"neow_cost":"TEN_PERCENT_HP_LOSS","seed_source_timestamp":353859826058369,"circlet_count":0,"master_deck":["AscendersBane","Strike_R","Strike_R","Strike_R","Defend_R","Defend_R","Defend_R","Defend_R","Bash","Thunderclap","Headbutt","Whirlwind+1","Flex+1","Rage+1"],"relics":["Burning Blood","Peace Pipe","GremlinMask","Blue Candle","Sundial","Lantern"],"potions_floor_usage":[12,12],"damage_taken":[{"damage":9,"enemies":"Jaw Worm","floor":1,"turns":5},{"damage":7,"enemies":"Cultist","floor":2,"turns":4},{"damage":2,"enemies":"2 Louse","floor":4,"turns":3},{"damage":40,"enemies":"Lagavulin","floor":7,"turns":5},{"damage":18,"enemies":"Large Slime","floor":10,"turns":3},{"damage":8,"enemies":"Gremlin Nob","floor":12,"turns":3},{"damage":49,"enemies":"The Guardian","floor":16,"turns":13}],"seed_played":"-7963752429110912706","potions_obtained":[{"floor":4,"key":"SpeedPotion"},{"floor":7,"key":"AttackPotion"},{"floor":10,"key":"BloodPotion"}],"is_trial":false,"path_per_floor":["M","M","?","M","$","R","E","R","T","M","R","E","?","$","R","B"],"character_chosen":"IRONCLAD","items_purchased":[],"campfire_rested":1,"item_purchase_floors":[],"current_hp_per_floor":[65,64,64,68,68,68,34,54,54,42,42,46,46,46,46,0],"gold":60,"neow_bonus":"ONE_RARE_RELIC","is_prod":false,"is_daily":false,"chose_seed":false,"campfire_upgraded":3,"win_rate":0,"timestamp":1551239434,"path_taken":["M","M","?","M","?","R","E","R","T","M","R","E","?","$","R","BOSS"],"build_version":"2019-01-23","purchased_purges":1,"victory":false,"max_hp_per_floor":[68,68,68,68,68,68,68,68,68,68,68,68,68,68,68,68],"card_choices":[{"not_picked":["Havoc","Wild Strike"],"picked":"Thunderclap","floor":1},{"not_picked":["Armaments","Perfected Strike"],"picked":"Headbutt","floor":2},{"not_picked":["Metallicize","Pommel Strike"],"picked":"Whirlwind","floor":4},{"not_picked":["Whirlwind","Fire Breathing"],"picked":"Flex","floor":7},{"not_picked":["Dual Wield","Juggernaut","Wild Strike"],"picked":"SKIP","floor":10},{"not_picked":["Body Slam","Pummel"],"picked":"Rage","floor":12}],"player_experience":1272043,"relics_obtained":[{"floor":7,"key":"Blue Candle"},{"floor":9,"key":"Sundial"},{"floor":12,"key":"Lantern"}],"event_choices":[{"damage_healed":0,"gold_gain":0,"player_choice":"Trade","damage_taken":0,"relics_obtained":["GremlinMask"],"max_hp_gain":0,"max_hp_loss":0,"event_name":"FaceTrader","floor":3,"gold_loss":0},{"cards_removed":["Strike_R"],"damage_healed":0,"gold_gain":0,"player_choice":"Card Removal","damage_taken":0,"max_hp_gain":0,"max_hp_loss":0,"event_name":"The Cleric","floor":13,"gold_loss":75}],"is_beta":false,"boss_relics":[],"items_purged_floors":[5],"is_endless":false,"potions_floor_spawned":[4,7,10],"killed_by":"The Guardian","ascension_level":19}