{"gold_per_floor":[114,126,140,140,215,244,244,274,298,312,322,322,341,10,10,114,114,129,129,54,40,40,40],"floor_reached":23,"playtime":1833,"items_purged":["Strike_R"],"score":236,"play_id":"1bb8a584-1f18-43f9-94df-f7c6cf4de44d","local_time":"20181123124152","is_ascension_mode":true,"campfire_choices":[{"floor":7,"key":"REST"},{"data":"Armaments","floor":12,"key":"SMITH"},{"data":"Seeing Red","floor":15,"key":"SMITH"}],"neow_cost":"NONE","seed_source_timestamp":763748616034765,"circlet_count":0,"master_deck":["Defend_R","Defend_R","Defend_R","Defend_R","Bash","Pommel Strike","Armaments+1","Inflame","Seeing Red+1","Clothesline","Shockwave","Demon Form","Shrug It Off+1","Shrug It Off+1","Sword Boomerang","Bite","Bite","Bite","Bite","Bite","Pommel Strike"],"relics":["Burning Blood","Potion Belt","Orichalcum","Juzu Bracelet","Kunai","Astrolabe","MutagenicStrength"],"potions_floor_usage":[11,16,16,21,23],"damage_taken":[{"damage":6,"enemies":"Jaw Worm","floor":1,"turns":3},{"damage":4,"enemies":"2 Louse","floor":2,"turns":3},{"damage":0,"enemies":"Small Slimes","floor":3,"turns":3},{"damage":39,"enemies":"3 Sentries","floor":6,"turns":11},{"damage":8,"enemies":"Gremlin Nob","floor":8,"turns":4},{"damage":3,"enemies":"Blue Slaver","floor":10,"turns":3},{"damage":6,"enemies":"2 Fungi Beasts","floor":11,"turns":3},{"damage":3,"enemies":"Red Slaver","floor":13,"turns":3},{"damage":25,"enemies":"Slime Boss","floor":16,"turns":13},{"damage":62,"enemies":"3 Byrds","floor":18,"turns":9},{"damage":18,"enemies":"2 Thieves","floor":21,"turns":4},{"damage":41,"enemies":"Book of Stabbing","floor":23,"turns":7}],"seed_played":"1073948753911387926","potions_obtained":[{"floor":8,"key":"Fire Potion"},{"floor":10,"key":"Fruit Juice"},{"floor":11,"key":"Block Potion"},{"floor":13,"key":"SpeedPotion"},{"floor":18,"key":"Explosive Potion"}],"is_trial":false,"path_per_floor":["M","M","M","?","?","E","R","E","T","M","M","R","M","$","R","B",null,"M","?","?","M","?","E"],"character_chosen":"IRONCLAD","items_purchased":["Kunai"],"campfire_rested":1,"item_purchase_floors":[14],"current_hp_per_floor":[80,80,80,80,69,36,60,58,58,63,70,70,75,75,75,58,85,29,29,29,26,26,0],"gold":40,"neow_bonus":"RANDOM_COMMON_RELIC","is_prod":false,"is_daily":false,"chose_seed":false,"campfire_upgraded":2,"win_rate":0,"timestamp":1542994912,"path_taken":["M","M","M","?","?","E","R","E","T","M","M","R","M","$","R","BOSS","M","?","?","M","?","E"],"build_version":"2018-11-15","purchased_purges":1,"victory":false,"max_hp_per_floor":[80,80,80,80,80,80,80,80,80,80,85,85,85,85,85,85,85,85,85,85,85,85,85],"card_choices":[{"not_picked":["Cleave","Wild Strike"],"picked":"Pommel Strike","floor":1},{"not_picked":["Clash","Rupture"],"picked":"Armaments","floor":2},{"not_picked":["Body Slam","Perfected Strike"],"picked":"Inflame","floor":3},{"not_picked":["Sword Boomerang","Feel No Pain","Pummel"],"picked":"SKIP","floor":6},{"not_picked":["Body Slam","Clash"],"picked":"Seeing Red","floor":8},{"not_picked":["Twin Strike","Flex"],"picked":"Clothesline","floor":10},{"not_picked":["Combust","Anger","Wild Strike"],"picked":"SKIP","floor":11},{"not_picked":["Wild Strike","Clothesline"],"picked":"Shockwave","floor":13},{"not_picked":["Double Tap","Offering"],"picked":"Demon Form","floor":16},{"not_picked":["Wild Strike","True Grit+1"],"picked":"Sword Boomerang","floor":18},{"not_picked":["Havoc","Headbutt"],"picked":"Pommel Strike","floor":21}],"player_experience":171881,"relics_obtained":[{"floor":6,"key":"Orichalcum"},{"floor":8,"key":"Juzu Bracelet"},{"floor":9,"key":"Blood Vial"}],"event_choices":[{"cards_removed":["Strike_R"],"damage_healed":0,"gold_gain":0,"player_choice":"Forget","damage_taken":0,"max_hp_gain":0,"max_hp_loss":0,"event_name":"Living Wall","floor":4,"gold_loss":0},{"damage_healed":0,"gold_gain":75,"player_choice":"Gather Gold","damage_taken":11,"max_hp_gain":0,"max_hp_loss":0,"event_name":"World of Goop","floor":5,"gold_loss":0},{"damage_healed":0,"gold_gain":0,"player_choice":"Became a vampire (Vial)","damage_taken":0,"max_hp_gain":0,"max_hp_loss":0,"event_name":"Vampires","floor":19,"relics_lost":["Blood Vial"],"gold_loss":0,"cards_obtained":["Bite","Bite","Bite","Bite","Bite"]},{"cards_removed":["Sever Soul"],"damage_healed":0,"gold_gain":0,"player_choice":"Gave Gold","damage_taken":0,"max_hp_gain":0,"max_hp_loss":0,"event_name":"Beggar","floor":20,"gold_loss":75},{"damage_healed":0,"gold_gain":0,"player_choice":"Inject Mutagens","damage_taken":0,"relics_obtained":["MutagenicStrength"],"max_hp_gain":0,"max_hp_loss":0,"event_name":"Drug Dealer","floor":22,"gold_loss":0}],"is_beta":false,"boss_relics":[{"not_picked":["Velvet Choker","Empty Cage"],"picked":"Astrolabe"}],"items_purged_floors":[14],"is_endless":false,"potions_floor_spawned":[8,10,11,13,18],"killed_by":"Book of Stabbing","ascension_level":1}