{"gold_per_floor":[215,111,111,125,139,139,167,167,214,214,247,260,260,270,270,346,346,346,346,59,59,59,59,59,59,59,59,59,59,59,59,59,59,59,59,59,59,59,59,59,59,59,59,59,59,59],"floor_reached":46,"playtime":2424,"items_purged":["Bash"],"score":904,"play_id":"0a8dd1ba-3275-491b-bd81-810a24f5e80d","local_time":"20190219211821","is_ascension_mode":true,"campfire_choices":[{"data":"Armaments","floor":6,"key":"SMITH"},{"data":"Searing Blow","floor":10,"key":"SMITH"},{"data":"Searing Blow+1","floor":13,"key":"SMITH"},{"data":"Searing Blow+2","floor":15,"key":"SMITH"},{"data":"Searing Blow+3","floor":23,"key":"SMITH"},{"floor":29,"key":"REST"},{"floor":32,"key":"REST"},{"data":"Searing Blow+4","floor":40,"key":"SMITH"},{"data":"Searing Blow+5","floor":42,"key":"SMITH"},{"floor":44,"key":"REST"}],"neow_cost":"NONE","seed_source_timestamp":362098799202971,"circlet_count":0,"master_deck":["AscendersBane","Strike_R","Strike_R","Strike_R","Strike_R","Strike_R","Defend_R","Defend_R","Defend_R","Defend_R","Searing Blow+6","Armaments+1","Shrug It Off","Pommel Strike","Body Slam","Body Slam","Whirlwind","Barricade","Iron Wave","Necronomicurse","Iron Wave","Uppercut","Iron Wave","Offering","Thunderclap+1","Madness","Madness","Infernal Blade","Mayhem"],"relics":["Burning Blood","Bag of Preparation","Lantern","Vajra","Ectoplasm","Matryoshka","Necronomicon","Shuriken","Anchor","Art of War","Sozu","GremlinMask","Mummified Hand","Dream Catcher"],"potions_floor_usage":[7,11,16,16,24,27],"damage_taken":[{"damage":11,"enemies":"Jaw Worm","floor":1,"turns":5},{"damage":7,"enemies":"Small Slimes","floor":4,"turns":4},{"damage":0,"enemies":"Cultist","floor":5,"turns":4},{"damage":41,"enemies":"Lagavulin","floor":7,"turns":8},{"damage":32,"enemies":"3 Sentries","floor":11,"turns":10},{"damage":0,"enemies":"2 Fungi Beasts","floor":12,"turns":2},{"damage":0,"enemies":"Looter","floor":14,"turns":2},{"damage":39,"enemies":"The Guardian","floor":16,"turns":11},{"damage":0,"enemies":"Chosen","floor":18,"turns":6},{"damage":3,"enemies":"Spheric Guardian","floor":21,"turns":3},{"damage":13,"enemies":"Centurion and Healer","floor":24,"turns":4},{"damage":16,"enemies":"Snecko","floor":25,"turns":4},{"damage":0,"enemies":"Shelled Parasite and Fungi","floor":27,"turns":3},{"damage":26,"enemies":"Gremlin Leader","floor":28,"turns":5},{"damage":0,"enemies":"Chosen and Byrds","floor":30,"turns":3},{"damage":36,"enemies":"Collector","floor":33,"turns":6},{"damage":0,"enemies":"3 Darklings","floor":35,"turns":1},{"damage":16,"enemies":"3 Shapes","floor":39,"turns":6},{"damage":48,"enemies":"Reptomancer","floor":45,"turns":4},{"damage":33,"enemies":"Spire Growth","floor":46,"turns":2}],"seed_played":"-5868215069757195996","potions_obtained":[{"floor":1,"key":"Strength Potion"},{"floor":4,"key":"SpeedPotion"},{"floor":7,"key":"Block Potion"},{"floor":14,"key":"Energy Potion"},{"floor":18,"key":"Ancient Potion"},{"floor":25,"key":"Regen Potion"}],"is_trial":false,"path_per_floor":["M","$","?","M","M","R","E","?","T","R","E","M","R","M","R","B",null,"M","?","$","M","?","R","M","M","T","M","E","R","M","?","R","B",null,"M","?","?","$","M","R","?","R","T","R","E","M"],"character_chosen":"IRONCLAD","items_purchased":["Armaments","Matryoshka"],"campfire_rested":3,"item_purchase_floors":[2,20],"current_hp_per_floor":[63,63,63,62,68,68,33,58,58,58,32,38,38,44,44,11,59,65,61,61,64,43,43,36,26,26,41,21,43,49,49,71,41,67,73,59,59,59,49,49,49,49,49,71,29,0],"gold":59,"neow_bonus":"HUNDRED_GOLD","is_prod":false,"is_daily":false,"chose_seed":false,"campfire_upgraded":7,"win_rate":0,"timestamp":1550636301,"path_taken":["M","$","?","M","M","R","E","?","T","R","E","M","R","M","R","BOSS","M","?","$","?","?","R","M","M","T","M","E","R","M","?","R","BOSS","M","?","?","$","?","R","?","R","T","R","E","M"],"build_version":"2019-01-23","purchased_purges":1,"victory":false,"max_hp_per_floor":[75,75,75,75,75,75,75,75,75,75,75,75,75,75,75,75,75,75,75,75,75,75,75,75,75,75,75,75,75,75,75,75,75,75,75,75,75,75,75,75,75,75,75,75,75,75],"card_choices":[{"not_picked":["Entrench","Heavy Blade"],"picked":"Searing Blow","floor":1},{"not_picked":["True Grit","Havoc"],"picked":"Shrug It Off","floor":4},{"not_picked":["Clothesline","Heavy Blade","Shockwave"],"picked":"SKIP","floor":5},{"not_picked":["Perfected Strike","Anger"],"picked":"Pommel Strike","floor":7},{"not_picked":["Iron Wave","Feel No Pain"],"picked":"Body Slam","floor":11},{"not_picked":["Armaments","Carnage"],"picked":"Body Slam","floor":12},{"not_picked":["Twin Strike","Anger"],"picked":"Whirlwind","floor":14},{"not_picked":["Impervious","Demon Form"],"picked":"Barricade","floor":16},{"not_picked":["Whirlwind","Pommel Strike","Anger"],"picked":"SKIP","floor":18},{"not_picked":["Heavy Blade","Headbutt"],"picked":"Iron Wave","floor":21},{"not_picked":["Armaments+1","Perfected Strike","Wild Strike"],"picked":"SKIP","floor":24},{"not_picked":["Headbutt","Clothesline"],"picked":"Iron Wave","floor":25},{"not_picked":["Warcry","Pommel Strike","Bloodletting"],"picked":"SKIP","floor":27},{"not_picked":["Perfected Strike+1","Burning Pact"],"picked":"Uppercut","floor":28},{"not_picked":["Battle Trance","Cleave"],"picked":"Iron Wave","floor":30},{"not_picked":["Juggernaut","Brutality"],"picked":"Offering","floor":33},{"not_picked":["Wild Strike+1","Perfected Strike"],"picked":"Thunderclap+1","floor":35},{"not_picked":["Reckless Charge","Clothesline+1"],"picked":"Infernal Blade","floor":39},{"not_picked":["Good Instincts","Dramatic Entrance"],"picked":"Mayhem","floor":41},{"not_picked":["Havoc","Fiend Fire","Armaments"],"picked":"SKIP","floor":45}],"player_experience":1180809,"relics_obtained":[{"floor":7,"key":"Bag of Preparation"},{"floor":9,"key":"Lantern"},{"floor":11,"key":"Vajra"},{"floor":22,"key":"Necronomicon"},{"floor":26,"key":"Shuriken"},{"floor":26,"key":"Anchor"},{"floor":28,"key":"Art of War"},{"floor":43,"key":"Mummified Hand"},{"floor":45,"key":"Dream Catcher"}],"event_choices":[{"damage_healed":0,"gold_gain":0,"player_choice":"Ignored","damage_taken":0,"max_hp_gain":0,"max_hp_loss":0,"event_name":"Liars Game","floor":3,"gold_loss":0},{"damage_healed":25,"gold_gain":0,"player_choice":"Banana","damage_taken":0,"max_hp_gain":0,"max_hp_loss":0,"event_name":"Big Fish","floor":8,"gold_loss":0},{"damage_healed":0,"gold_gain":0,"player_choice":"Bought 0 Potions","damage_taken":0,"max_hp_gain":0,"max_hp_loss":0,"event_name":"The Woman in Blue","floor":19,"gold_loss":0},{"damage_healed":0,"gold_gain":0,"player_choice":"Obtained Book","damage_taken":21,"max_hp_gain":0,"max_hp_loss":0,"event_name":"Cursed Tome","floor":22,"gold_loss":0},{"damage_healed":0,"gold_gain":0,"player_choice":"Ignored","damage_taken":0,"max_hp_gain":0,"max_hp_loss":0,"event_name":"N\u0027loth","floor":31,"gold_loss":0},{"damage_healed":0,"gold_gain":0,"player_choice":"Embrace Madness","damage_taken":14,"max_hp_gain":0,"max_hp_loss":0,"event_name":"Winding Halls","floor":36,"gold_loss":0,"cards_obtained":["Madness","Madness"]},{"damage_healed":0,"gold_gain":0,"player_choice":"Trade","damage_taken":0,"relics_obtained":["GremlinMask"],"max_hp_gain":0,"max_hp_loss":0,"event_name":"FaceTrader","floor":37,"gold_loss":0},{"damage_healed":0,"gold_gain":0,"player_choice":"Memory 1","damage_taken":0,"max_hp_gain":0,"max_hp_loss":0,"event_name":"SensoryStone","floor":41,"gold_loss":0}],"is_beta":false,"boss_relics":[{"not_picked":["Astrolabe","Velvet Choker"],"picked":"Ectoplasm"},{"not_picked":["Fusion Hammer","Philosopher\u0027s Stone"],"picked":"Sozu"}],"items_purged_floors":[2],"is_endless":false,"potions_floor_spawned":[1,4,7,14,18,25,39],"killed_by":"Spire Growth","ascension_level":18}