{"gold_per_floor":[116,28,40,40,60,60,60,95,95,95,107,123,148,167,167,167],"floor_reached":16,"playtime":744,"items_purged":[],"score":224,"play_id":"92372490-57eb-4977-b3ea-fce9a1edf768","local_time":"20190304225129","is_ascension_mode":true,"campfire_choices":[{"data":"Wild Strike","floor":6,"key":"SMITH"},{"data":"Reckless Charge","floor":10,"key":"SMITH"},{"data":"Armaments","floor":15,"key":"SMITH"}],"neow_cost":"NONE","seed_source_timestamp":279763571269053,"circlet_count":0,"master_deck":["AscendersBane","Strike_R","Strike_R","Strike_R","Strike_R","Strike_R","Defend_R","Defend_R","Defend_R","Defend_R","Bash","Rage","Feel No Pain","Wild Strike+1","Feel No Pain","Reckless Charge+1","Impervious","True Grit","Second Wind","Armaments+1"],"relics":["Burning Blood","NeowsBlessing","Mercury Hourglass","Paper Frog","Gremlin Horn","Blood Vial"],"potions_floor_usage":[11,12,16],"damage_taken":[{"damage":0,"enemies":"Cultist","floor":1,"turns":1},{"damage":0,"enemies":"Small Slimes","floor":3,"turns":1},{"damage":0,"enemies":"2 Louse","floor":5,"turns":1},{"damage":27,"enemies":"Gremlin Nob","floor":8,"turns":4},{"damage":12,"enemies":"Exordium Thugs","floor":11,"turns":5},{"damage":0,"enemies":"3 Louse","floor":12,"turns":3},{"damage":7,"enemies":"3 Sentries","floor":13,"turns":8},{"damage":0,"enemies":"2 Fungi Beasts","floor":14,"turns":3},{"damage":81,"enemies":"Hexaghost","floor":16,"turns":14}],"seed_played":"-9124683657246181412","potions_obtained":[{"floor":1,"key":"Dexterity Potion"},{"floor":8,"key":"BloodPotion"},{"floor":11,"key":"Ancient Potion"},{"floor":12,"key":"PowerPotion"},{"floor":14,"key":"Explosive Potion"}],"is_trial":false,"path_per_floor":["M","$","M","?","M","R","$","E","T","R","M","M","E","M","R","B"],"character_chosen":"IRONCLAD","items_purchased":["Feel No Pain"],"campfire_rested":0,"item_purchase_floors":[2],"current_hp_per_floor":[74,74,75,75,75,75,75,54,54,54,55,61,60,68,68,0],"gold":167,"neow_bonus":"THREE_ENEMY_KILL","is_prod":false,"is_daily":false,"chose_seed":false,"campfire_upgraded":3,"win_rate":0,"timestamp":1551765089,"path_taken":["M","$","M","?","?","R","?","E","T","R","M","M","E","M","R","BOSS"],"build_version":"2019-01-23","purchased_purges":0,"victory":false,"max_hp_per_floor":[75,75,75,75,75,75,75,75,75,75,75,75,75,75,75,75],"card_choices":[{"not_picked":["Perfected Strike","Body Slam"],"picked":"Rage","floor":1},{"not_picked":["Flex","Body Slam"],"picked":"Wild Strike","floor":3},{"not_picked":["Flex","Body Slam"],"picked":"Feel No Pain","floor":5},{"not_picked":["Battle Trance","Iron Wave"],"picked":"Reckless Charge","floor":8},{"not_picked":["Shrug It Off","Dual Wield"],"picked":"Impervious","floor":11},{"not_picked":["Wild Strike","Rampage"],"picked":"True Grit","floor":12},{"not_picked":["Entrench","Heavy Blade"],"picked":"Second Wind","floor":13},{"not_picked":["Sword Boomerang","Twin Strike"],"picked":"Armaments","floor":14}],"player_experience":1330286,"relics_obtained":[{"floor":8,"key":"Paper Frog"},{"floor":9,"key":"Gremlin Horn"},{"floor":13,"key":"Blood Vial"}],"event_choices":[{"damage_healed":0,"gold_gain":0,"player_choice":"Gave Potion","damage_taken":0,"relics_obtained":["Mercury Hourglass"],"max_hp_gain":0,"max_hp_loss":0,"event_name":"WeMeetAgain","floor":4,"gold_loss":0}],"is_beta":false,"boss_relics":[],"items_purged_floors":[],"is_endless":false,"potions_floor_spawned":[1,8,11,12,14],"killed_by":"Hexaghost","ascension_level":20}