{"path_per_floor":["M","M","$","?","M","R","?","$","T","R","M","E","M","?","R","B",null,"M","?","M","?","?","R","M","M","T","R","T","$","M"],"character_chosen":"DEFECT","items_purchased":["Bird Faced Urn","Heatsinks"],"gold_per_floor":[114,130,55,55,71,71,71,71,71,71,82,109,128,128,128,225,225,235,235,255,255,354,354,374,393,465,465,491,13,32,32],"floor_reached":31,"campfire_rested":3,"playtime":1345,"item_purchase_floors":[29,29],"current_hp_per_floor":[65,63,63,70,55,55,55,55,55,80,77,52,52,52,52,33,72,61,61,37,37,37,62,15,3,3,28,28,28,18,0],"items_purged":["Strike_B","Defend_B"],"gold":32,"score":294,"play_id":"f9497ee1-4c80-4bb0-a655-64d7126da3ac","local_time":"20180615225840","is_prod":false,"is_daily":false,"chose_seed":false,"is_ascension_mode":true,"campfire_upgraded":2,"win_rate":0,"timestamp":1529125120,"campfire_choices":[{"data":"Consume","floor":6,"key":"SMITH"},{"floor":10,"key":"REST"},{"data":"Zap","floor":15,"key":"SMITH"},{"floor":23,"key":"REST"},{"floor":27,"key":"REST"}],"path_taken":["M","M","$","?","M","R","?","$","T","R","M","E","M","?","R","BOSS","M","?","M","?","?","R","M","M","T","R","?","$","M","M"],"build_version":"2018-06-14v2","seed_source_timestamp":187693693877774,"purchased_purges":2,"victory":false,"master_deck":["Defend_B","Defend_B","Defend_B","Zap+1","Dualcast","Consume+1","Doom and Gloom","Chill","Leap","Seek","Storm","Thunder Strike","Static Discharge","Heatsinks"],"max_hp_per_floor":[75,75,75,85,85,85,85,85,85,85,85,85,85,85,85,85,85,85,85,85,85,85,85,85,85,85,85,85,85,85,85],"relics":["Cracked Core","Pear","Lantern","Mummified Hand","Boot","Empty Cage","Molten Egg 2","Happy Flower","Bird Faced Urn"],"card_choices":[{"not_picked":["Hologram","Compile Driver"],"picked":"Consume","floor":1},{"not_picked":["Gash","Barrage"],"picked":"Doom and Gloom","floor":2},{"not_picked":["Rip and Tear","Force Field"],"picked":"Chill","floor":5},{"not_picked":["Gash","Streamline"],"picked":"Leap","floor":11},{"not_picked":["Glacier","Leap"],"picked":"Seek","floor":12},{"not_picked":["Turbo","Redo"],"picked":"Storm","floor":13},{"not_picked":["Buffer","Machine Learning"],"picked":"Thunder Strike","floor":16},{"not_picked":["Go for the Eyes","Double Energy","Steam+1"],"picked":"SKIP","floor":18},{"not_picked":["Compile Driver","Lockon","Aggregate"],"picked":"SKIP","floor":20},{"not_picked":["Rebound","Barrage","Turbo"],"picked":"SKIP","floor":24},{"not_picked":["Streamline+1","Coolheaded"],"picked":"Static Discharge","floor":25},{"not_picked":["Leap","Rebound+1","Turbo"],"picked":"SKIP","floor":30}],"player_experience":883359,"potions_floor_usage":[12,16,24,24],"damage_taken":[{"damage":10,"enemies":"Small Slimes","floor":1,"turns":3},{"damage":2,"enemies":"Jaw Worm","floor":2,"turns":3},{"damage":15,"enemies":"2 Louse","floor":5,"turns":2},{"damage":3,"enemies":"2 Fungi Beasts","floor":11,"turns":2},{"damage":25,"enemies":"Gremlin Nob","floor":12,"turns":4},{"damage":0,"enemies":"3 Louse","floor":13,"turns":2},{"damage":19,"enemies":"Slime Boss","floor":16,"turns":8},{"damage":11,"enemies":"Spheric Guardian","floor":18,"turns":5},{"damage":24,"enemies":"Shell Parasite","floor":20,"turns":6},{"damage":47,"enemies":"Cultist and Chosen","floor":24,"turns":5},{"damage":12,"enemies":"Sentry and Sphere","floor":25,"turns":5},{"damage":16,"enemies":"Centurion and Healer","floor":30,"turns":6},{"damage":28,"enemies":"Cultist and Chosen","floor":31,"turns":3}],"relics_obtained":[{"floor":9,"key":"Mummified Hand"},{"floor":12,"key":"Boot"},{"floor":26,"key":"Molten Egg 2"},{"floor":28,"key":"Happy Flower"}],"event_choices":[{"event_name":"Scrap Ooze","player_choice":"success","floor":4,"damage_taken":3},{"event_name":"Big Fish","player_choice":"Box","floor":7,"damage_taken":0},{"event_name":"Living Wall","player_choice":"Forget","floor":14,"damage_taken":0},{"event_name":"Purifier","player_choice":"One Purge","floor":19,"damage_taken":0},{"event_name":"The Woman in Blue","player_choice":"Bought 0 Potions","floor":21,"damage_taken":0},{"event_name":"Nest","player_choice":"Stole From Cult","floor":22,"damage_taken":0}],"boss_relics":[{"not_picked":["Cursed Key","Snecko Eye"],"picked":"Empty Cage"}],"items_purged_floors":[3,29],"is_endless":false,"potions_floor_spawned":[1,5,16,20],"seed_played":"-3768483503234599939","killed_by":"Cultist and Chosen","ascension_level":5,"potions_obtained":[{"floor":1,"key":"GamblersBrew"},{"floor":5,"key":"EssenceOfSteel"},{"floor":16,"key":"LiquidBronze"},{"floor":20,"key":"Explosive Potion"}],"is_trial":false}