{"gold_per_floor":[113,38,38,38,38,38,51,126,151,151,183,201,97,116,116,217,217,232,232,232,77,91,101,101,16,42,42,73,92,92,105,105,202,202,213,69,89,139,139,168,181,0,0,32,32,32,49,49,49,49],"floor_reached":51,"playtime":3666,"items_purged":["Strike_B"],"score":721,"play_id":"4df56535-4a29-4f0f-922f-18ec5bf234d5","local_time":"20190303174641","is_ascension_mode":false,"campfire_choices":[{"data":"Zap","floor":6,"key":"SMITH"},{"data":"Steam","floor":10,"key":"SMITH"},{"data":"Loop","floor":15,"key":"SMITH"},{"data":"Streamline","floor":24,"key":"SMITH"},{"floor":32,"key":"REST"},{"floor":45,"key":"REST"},{"floor":49,"key":"REST"}],"neow_cost":"NONE","seed_source_timestamp":222070466576266,"circlet_count":0,"master_deck":["Strike_B+1","Strike_B","Strike_B","Defend_B","Defend_B","Zap+1","Dualcast+1","Auto Shields","Force Field","Steam+1","Genetic Algorithm","Streamline+1","Loop+1","Genetic Algorithm","Creative AI","Ball Lightning","RitualDagger","BootSequence","Streamline+1","FTL","Steam+1"],"relics":["Cracked Core","Centennial Puzzle","Anchor","PreservedInsect","Busted Crown","Shuriken","Bag of Preparation","Regal Pillow","Vajra","Mummified Hand","Kunai","Fusion Hammer","Pen Nib","Nunchaku","Toxic Egg 2","Red Mask","Orichalcum","Bottled Tornado","CultistMask"],"potions_floor_usage":[16,16,23,33,37,38,44,50,50],"damage_taken":[{"damage":1,"enemies":"Jaw Worm","floor":1,"turns":3},{"damage":0,"enemies":"Small Slimes","floor":7,"turns":3},{"damage":17,"enemies":"3 Sentries","floor":11,"turns":8},{"damage":0,"enemies":"2 Louse","floor":12,"turns":2},{"damage":0,"enemies":"Looter","floor":14,"turns":2},{"damage":36,"enemies":"The Guardian","floor":16,"turns":10},{"damage":5,"enemies":"3 Byrds","floor":18,"turns":4},{"damage":0,"enemies":"Chosen","floor":22,"turns":3},{"damage":4,"enemies":"Snake Plant","floor":23,"turns":4},{"damage":14,"enemies":"Gremlin Leader","floor":28,"turns":5},{"damage":10,"enemies":"Snecko","floor":29,"turns":3},{"damage":10,"enemies":"3 Cultists","floor":31,"turns":5},{"damage":18,"enemies":"Champ","floor":33,"turns":8},{"damage":0,"enemies":"3 Shapes","floor":35,"turns":3},{"damage":4,"enemies":"3 Darklings","floor":37,"turns":4},{"damage":13,"enemies":"2 Orb Walkers","floor":38,"turns":4},{"damage":0,"enemies":"Nemesis","floor":40,"turns":4},{"damage":4,"enemies":"Spire Growth","floor":41,"turns":4},{"damage":24,"enemies":"Reptomancer","floor":44,"turns":4},{"damage":14,"enemies":"Maw","floor":47,"turns":7},{"damage":59,"enemies":"Awakened One","floor":50,"turns":10}],"seed_played":"-1514310633175972388","potions_obtained":[{"floor":1,"key":"SkillPotion"},{"floor":11,"key":"Regen Potion"},{"floor":14,"key":"SteroidPotion"},{"floor":16,"key":"Energy Potion"},{"floor":18,"key":"Block Potion"},{"floor":31,"key":"Swift Potion"},{"floor":35,"key":"Dexterity Potion"},{"floor":41,"key":"Fire Potion"},{"floor":44,"key":"Poison Potion"}],"is_trial":false,"path_per_floor":["M","$","?","?","?","R","M","?","T","R","E","M","$","M","R","B",null,"M","?","T","$","M","M","R","?","T","?","E","M","T","M","R","B",null,"M","$","M","?","?","E","M","?","T","E","R","?","M","?","R","B",null],"character_chosen":"DEFECT","items_purchased":["Tempest","Loop","Bag of Preparation","Pen Nib"],"campfire_rested":3,"item_purchase_floors":[13,13,21,36],"current_hp_per_floor":[74,74,74,59,59,59,59,48,48,48,31,31,31,31,31,10,75,70,64,64,64,64,60,60,60,60,60,46,36,36,26,63,45,75,75,75,71,58,75,75,71,71,71,47,75,75,61,61,71,12],"gold":49,"neow_bonus":"RANDOM_COMMON_RELIC","is_prod":false,"is_daily":false,"chose_seed":false,"campfire_upgraded":4,"win_rate":0.0,"timestamp":1551660401,"path_taken":["M","$","?","?","?","R","M","?","T","R","E","M","?","?","R","BOSS","M","?","?","$","?","M","R","?","T","?","E","M","?","M","R","BOSS","M","$","M","?","?","E","?","?","T","E","R","?","?","?","R","BOSS"],"build_version":"2019-01-23","purchased_purges":1,"victory":true,"max_hp_per_floor":[75,75,75,75,75,75,75,75,75,75,75,75,75,75,75,75,75,75,75,75,75,75,75,75,75,75,75,75,75,75,75,75,75,75,75,75,75,75,75,75,75,75,75,75,75,75,75,71,71,71],"card_choices":[{"not_picked":["Heatsinks","Cold Snap"],"picked":"Auto Shields","floor":1},{"not_picked":["Fusion","Redo"],"picked":"Steam","floor":7},{"not_picked":["Steam","Heatsinks"],"picked":"Genetic Algorithm","floor":11},{"not_picked":["Chill","Sweeping Beam"],"picked":"Streamline","floor":12},{"not_picked":["Barrage","Streamline"],"picked":"Genetic Algorithm","floor":14},{"not_picked":["All For One","Seek"],"picked":"Creative AI","floor":16},{"not_picked":[],"picked":"Ball Lightning","floor":18},{"not_picked":["Compile Driver"],"picked":"SKIP","floor":22},{"not_picked":[],"picked":"BootSequence","floor":23},{"not_picked":[],"picked":"Streamline+1","floor":28},{"not_picked":["Genetic Algorithm"],"picked":"SKIP","floor":29},{"not_picked":["Sweeping Beam"],"picked":"SKIP","floor":31},{"not_picked":[],"picked":"FTL","floor":35},{"not_picked":["Conserve Battery+1"],"picked":"SKIP","floor":37},{"not_picked":[],"picked":"Steam+1","floor":38},{"not_picked":["Go for the Eyes+1"],"picked":"SKIP","floor":40},{"not_picked":["Barrage+1"],"picked":"SKIP","floor":41},{"not_picked":["Compile Driver"],"picked":"SKIP","floor":44},{"not_picked":["Go for the Eyes+1"],"picked":"SKIP","floor":47}],"player_experience":32415,"relics_obtained":[{"floor":9,"key":"Anchor"},{"floor":11,"key":"PreservedInsect"},{"floor":20,"key":"Shuriken"},{"floor":26,"key":"Vajra"},{"floor":28,"key":"Mummified Hand"},{"floor":30,"key":"Kunai"},{"floor":38,"key":"Nunchaku"},{"floor":40,"key":"Toxic Egg 2"},{"floor":43,"key":"Orichalcum"},{"floor":44,"key":"Bottled Tornado"}],"event_choices":[{"damage_healed":0,"gold_gain":0,"cards_transformed":["Defend_B"],"player_choice":"Change","damage_taken":0,"max_hp_gain":0,"max_hp_loss":0,"event_name":"Living Wall","floor":3,"gold_loss":0,"cards_obtained":["Force Field"]},{"damage_healed":0,"gold_gain":0,"player_choice":"Entered Light","damage_taken":15,"max_hp_gain":0,"max_hp_loss":0,"event_name":"Shining Light","floor":4,"gold_loss":0,"cards_upgraded":["Strike_B","Dualcast"]},{"damage_healed":0,"gold_gain":0,"player_choice":"Leave","damage_taken":0,"max_hp_gain":0,"max_hp_loss":0,"event_name":"The Cleric","floor":5,"gold_loss":0},{"damage_healed":0,"gold_gain":75,"player_choice":"Gather Gold","damage_taken":11,"max_hp_gain":0,"max_hp_loss":0,"event_name":"World of Goop","floor":8,"gold_loss":0},{"damage_healed":0,"gold_gain":0,"player_choice":"Joined the Cult","damage_taken":6,"max_hp_gain":0,"max_hp_loss":0,"event_name":"Nest","floor":19,"gold_loss":0,"cards_obtained":["RitualDagger"]},{"damage_healed":0,"gold_gain":0,"player_choice":"Obtained Relic","damage_taken":0,"relics_obtained":["Regal Pillow"],"max_hp_gain":0,"max_hp_loss":0,"event_name":"Addict","floor":25,"gold_loss":85},{"cards_removed":["Defend_B"],"damage_healed":0,"gold_gain":0,"player_choice":"Elegance","damage_taken":0,"max_hp_gain":0,"max_hp_loss":0,"event_name":"Back to Basics","floor":27,"gold_loss":0},{"damage_healed":0,"gold_gain":0,"player_choice":"Fight","damage_taken":0,"max_hp_gain":0,"max_hp_loss":0,"event_name":"Mysterious Sphere","floor":38,"gold_loss":0},{"cards_removed":["Tempest"],"damage_healed":17,"gold_gain":0,"player_choice":"Offered Uncommon","damage_taken":0,"max_hp_gain":0,"max_hp_loss":0,"event_name":"Bonfire Elementals","floor":39,"gold_loss":0},{"damage_healed":0,"gold_gain":0,"player_choice":"Paid","damage_taken":0,"relics_obtained":["Red Mask"],"max_hp_gain":0,"max_hp_loss":0,"event_name":"Tomb of Lord Red Mask","floor":42,"gold_loss":181},{"damage_healed":0,"gold_gain":0,"player_choice":"Trade","damage_taken":0,"relics_obtained":["CultistMask"],"max_hp_gain":0,"max_hp_loss":0,"event_name":"FaceTrader","floor":46,"gold_loss":0},{"damage_healed":0,"gold_gain":0,"player_choice":"Max HP","damage_taken":0,"max_hp_gain":0,"max_hp_loss":4,"event_name":"Winding Halls","floor":48,"gold_loss":0}],"is_beta":false,"boss_relics":[{"not_picked":["Cursed Key","Snecko Eye"],"picked":"Busted Crown"},{"not_picked":["Tiny House","Coffee Dripper"],"picked":"Fusion Hammer"}],"items_purged_floors":[2],"is_endless":false,"potions_floor_spawned":[1,11,14,16,18,31,35,41,44],"ascension_level":0}