{"gold_per_floor":[116,130,150,164,314,314,314,314,314,340,354,354,354,18,18,18],"floor_reached":16,"playtime":914,"items_purged":["Strike_G"],"score":158,"play_id":"db493e9b-de57-497d-bf9f-a154ddc7eb4c","local_time":"20190211210156","is_ascension_mode":true,"campfire_choices":[{"floor":6,"key":"REST"},{"floor":8,"key":"REST"},{"data":"Footwork","floor":12,"key":"SMITH"},{"floor":15,"key":"REST"}],"neow_cost":"PERCENT_DAMAGE","seed_source_timestamp":2081839164933257,"circlet_count":0,"master_deck":["AscendersBane","Defend_G","Defend_G","Defend_G","Defend_G","Defend_G","Strike_G","Strike_G","Strike_G+1","Survivor+1","Neutralize","Footwork+1","Cloak And Dagger","Tactician","Slice","Tactician","Dash","Cloak And Dagger","Dagger Spray","Doubt","Acrobatics"],"relics":["Ring of the Snake","Prayer Wheel","Singing Bowl","Centennial Puzzle","Gremlin Horn"],"potions_floor_usage":[11,16],"damage_taken":[{"damage":11,"enemies":"Small Slimes","floor":1,"turns":4},{"damage":3,"enemies":"2 Louse","floor":2,"turns":3},{"damage":2,"enemies":"Jaw Worm","floor":3,"turns":6},{"damage":5,"enemies":"Lots of Slimes","floor":4,"turns":8},{"damage":1,"enemies":"Looter","floor":11,"turns":2},{"damage":62,"enemies":"Slime Boss","floor":16,"turns":11}],"seed_played":"-6254393121109554279","potions_obtained":[{"floor":1,"key":"SteroidPotion"},{"floor":2,"key":"SteroidPotion"},{"floor":4,"key":"EssenceOfSteel"}],"is_trial":false,"path_per_floor":["M","M","M","M","?","R","?","R","T","T","M","R","?","$","R","B"],"character_chosen":"THE_SILENT","items_purchased":["Gremlin Horn"],"campfire_rested":3,"item_purchase_floors":[14],"current_hp_per_floor":[33,30,28,23,23,42,22,41,41,41,42,42,42,42,62,0],"gold":18,"neow_bonus":"ONE_RARE_RELIC","is_prod":false,"is_daily":false,"chose_seed":false,"campfire_upgraded":1,"win_rate":0,"timestamp":1549944116,"path_taken":["M","M","M","M","?","R","?","R","T","?","?","R","?","$","R","BOSS"],"build_version":"2019-01-23","purchased_purges":1,"victory":false,"max_hp_per_floor":[66,66,66,66,66,66,66,66,66,66,68,68,68,68,68,68],"card_choices":[{"not_picked":["Expertise","Bane"],"picked":"Footwork","floor":1},{"not_picked":["Dagger Spray","Blade Dance"],"picked":"Cloak And Dagger","floor":1},{"not_picked":["Sucker Punch","Deflect"],"picked":"Tactician","floor":2},{"not_picked":["Calculated Gamble","Backflip"],"picked":"Slice","floor":2},{"not_picked":["Heel Hook","Quick Slash"],"picked":"Tactician","floor":3},{"not_picked":["Tactician","Well Laid Plans"],"picked":"Dash","floor":3},{"not_picked":["Leg Sweep","Crippling Poison"],"picked":"Cloak And Dagger","floor":4},{"not_picked":["PiercingWail","Blade Dance"],"picked":"Dagger Spray","floor":4},{"not_picked":["Backflip","Finisher","Phantasmal Killer"],"picked":"Singing Bowl","floor":11},{"not_picked":["Escape Plan","Bane"],"picked":"Acrobatics","floor":11}],"player_experience":1072787,"relics_obtained":[{"floor":9,"key":"Singing Bowl"},{"floor":10,"key":"Centennial Puzzle"}],"event_choices":[{"damage_healed":0,"gold_gain":150,"player_choice":"AGREE","damage_taken":0,"max_hp_gain":0,"max_hp_loss":0,"event_name":"Liars Game","floor":5,"gold_loss":0,"cards_obtained":["Doubt"]},{"damage_healed":0,"gold_gain":0,"player_choice":"Entered Light","damage_taken":20,"max_hp_gain":0,"max_hp_loss":0,"event_name":"Shining Light","floor":7,"gold_loss":0,"cards_upgraded":["Survivor","Strike_G"]},{"cards_removed":["Strike_G"],"damage_healed":0,"gold_gain":0,"player_choice":"Offered Basic","damage_taken":0,"max_hp_gain":0,"max_hp_loss":0,"event_name":"Bonfire Elementals","floor":13,"gold_loss":0}],"is_beta":false,"boss_relics":[],"items_purged_floors":[14],"is_endless":false,"potions_floor_spawned":[1,2,4],"killed_by":"Slime Boss","ascension_level":15}