{"gold_per_floor":[119,139,150,7,7,36,36,36,61,61,84,84,97,121,121,250,250,273,288,136,161,86,86,155,180,262,298,311,311,410,441,453,465],"floor_reached":33,"playtime":3132,"items_purged":["Strike_G"],"score":322,"play_id":"f4327e12-2659-4c08-8692-42fa7bdcc54e","local_time":"20190127003628","is_ascension_mode":true,"campfire_choices":[{"data":"Neutralize","floor":7,"key":"SMITH"},{"data":"Caltrops","floor":12,"key":"SMITH"},{"data":"Calculated Gamble","floor":15,"key":"SMITH"},{"data":"Deadly Poison","floor":23,"key":"SMITH"},{"floor":29,"key":"REST"},{"data":"Blade Dance","floor":32,"key":"SMITH"}],"neow_cost":"NONE","seed_source_timestamp":0,"circlet_count":0,"master_deck":["Defend_G","Defend_G","Defend_G","Defend_G","Defend_G","Strike_G","Strike_G","Survivor","Neutralize+1","Caltrops+1","Backstab","Escape Plan","Deadly Poison","Blade Dance+1","Adrenaline","Calculated Gamble+1","Dagger Throw","Malaise","Escape Plan","Caltrops+1","Slice","Deadly Poison+1","Quick Slash+1","Backstab","Corpse Explosion","Burst"],"special_seed":0,"relics":["Ring of the Snake","Bag of Preparation","Strawberry","Golden Idol","Pen Nib","WristBlade","Tiny Chest","Mummified Hand","Kunai","MawBank"],"potions_floor_usage":[16,24,33,33,33],"damage_taken":[{"damage":0.0,"enemies":"Jaw Worm","floor":1.0,"turns":5.0},{"damage":0,"enemies":"2 Louse","floor":2,"turns":4},{"damage":0,"enemies":"Small Slimes","floor":3,"turns":5},{"damage":16,"enemies":"3 Sentries","floor":6,"turns":11},{"damage":2,"enemies":"Looter","floor":11,"turns":3},{"damage":1,"enemies":"Blue Slaver","floor":13,"turns":2},{"damage":4,"enemies":"Large Slime","floor":14,"turns":4},{"damage":23,"enemies":"Slime Boss","floor":16,"turns":10},{"damage":0,"enemies":"Spheric Guardian","floor":18,"turns":3},{"damage":7,"enemies":"3 Byrds","floor":19,"turns":4},{"damage":15,"enemies":"Centurion and Healer","floor":21,"turns":5},{"damage":9,"enemies":"Slavers","floor":24,"turns":4},{"damage":10,"enemies":"3 Cultists","floor":25,"turns":4},{"damage":7,"enemies":"Book of Stabbing","floor":27,"turns":3},{"damage":6,"enemies":"Snake Plant","floor":28,"turns":4},{"damage":14,"enemies":"Slavers","floor":31,"turns":4},{"damage":36,"enemies":"Champ","floor":33,"turns":6}],"seed_played":"5569469754074350811","potions_obtained":[{"floor":3,"key":"SteroidPotion"},{"floor":6,"key":"Ancient Potion"},{"floor":19,"key":"Strength Potion"},{"floor":21,"key":"Explosive Potion"},{"floor":27,"key":"PowerPotion"}],"is_trial":false,"path_per_floor":["M","M","M","$","?","E","R","?","T","?","M","R","M","M","R","B",null,"M","M","$","M","?","R","E","M","T","E","M","R","?","E","R","B"],"character_chosen":"THE_SILENT","items_purchased":["Bag of Preparation","Slice","Deadly Poison"],"campfire_rested":1,"item_purchase_floors":[4,20,20],"current_hp_per_floor":[70,70,70,70,75,66,66,66,66,66,64,64,63,59,59,36,76,76,69,69,54,54,54,45,35,35,28,22,44,44,30,30,0],"gold":465,"neow_bonus":"TRANSFORM_CARD","is_prod":false,"is_daily":false,"chose_seed":false,"campfire_upgraded":5,"win_rate":0,"timestamp":1548574588,"path_taken":["M","M","M","$","?","E","R","?","T","?","M","R","M","M","R","BOSS","M","M","$","M","?","R","E","M","T","E","M","R","?","E","R","BOSS"],"build_version":"2019-01-23","purchased_purges":1,"victory":false,"max_hp_per_floor":[70,70,70,70,75,82,82,76,76,76,76,76,76,76,76,76,76,76,76,76,76,76,76,76,76,76,76,76,76,76,76,76,76],"card_choices":[{"not_picked":["Backflip","Slice"],"picked":"Backstab","floor":1},{"not_picked":["Sucker Punch","Backstab"],"picked":"Escape Plan","floor":2},{"not_picked":["Dagger Spray","Sucker Punch"],"picked":"Deadly Poison","floor":3},{"not_picked":["Dagger Spray","Quick Slash"],"picked":"Blade Dance","floor":6},{"not_picked":["Prepared","Poisoned Stab"],"picked":"Adrenaline","floor":11},{"not_picked":["Backflip","All Out Attack"],"picked":"Calculated Gamble","floor":13},{"not_picked":["Expertise","Prepared"],"picked":"Dagger Throw","floor":14},{"not_picked":["Bullet Time","Glass Knife"],"picked":"Malaise","floor":16},{"not_picked":["Outmaneuver","PiercingWail"],"picked":"Escape Plan","floor":18},{"not_picked":["PiercingWail","Deadly Poison"],"picked":"Caltrops+1","floor":19},{"not_picked":["Heel Hook","Outmaneuver"],"picked":"Quick Slash+1","floor":21},{"not_picked":["Deadly Poison","Sucker Punch"],"picked":"Backstab","floor":24},{"not_picked":["Tactician","Underhanded Strike"],"picked":"Corpse Explosion","floor":25},{"not_picked":["Dash","Prepared"],"picked":"Burst","floor":27},{"not_picked":["Finisher","Dagger Spray","Acrobatics"],"picked":"SKIP","floor":28},{"not_picked":["Outmaneuver","Tactician+1","Prepared+1"],"picked":"SKIP","floor":31}],"player_experience":20784,"relics_obtained":[{"floor":6,"key":"Strawberry"},{"floor":9,"key":"Pen Nib"},{"floor":24,"key":"Tiny Chest"},{"floor":26,"key":"Mummified Hand"},{"floor":27,"key":"Kunai"},{"floor":31,"key":"MawBank"}],"event_choices":[{"damage_healed":0,"gold_gain":0,"player_choice":"Donut","damage_taken":0,"max_hp_gain":5,"max_hp_loss":0,"event_name":"Big Fish","floor":5,"gold_loss":0},{"damage_healed":0,"gold_gain":0,"player_choice":"Lose Max HP","damage_taken":0,"relics_obtained":["Golden Idol"],"max_hp_gain":0,"max_hp_loss":6,"event_name":"Golden Idol","floor":8,"gold_loss":0},{"damage_healed":0,"gold_gain":0,"player_choice":"Ignored","damage_taken":0,"max_hp_gain":0,"max_hp_loss":0,"event_name":"Liars Game","floor":10,"gold_loss":0},{"cards_removed":["Strike_G"],"damage_healed":0,"gold_gain":0,"player_choice":"Gave Gold","damage_taken":0,"max_hp_gain":0,"max_hp_loss":0,"event_name":"Beggar","floor":22,"gold_loss":75},{"damage_healed":0,"gold_gain":99,"player_choice":"Stole From Cult","damage_taken":0,"max_hp_gain":0,"max_hp_loss":0,"event_name":"Nest","floor":30,"gold_loss":0}],"is_beta":false,"boss_relics":[{"not_picked":["Ectoplasm","Tiny House"],"picked":"WristBlade"}],"items_purged_floors":[20],"is_endless":false,"potions_floor_spawned":[3,6,19,21,27,31],"killed_by":"Champ","ascension_level":1}