{"gold_per_floor":[110,35,48,68,68,93,108,140,140,140,152,27,41,70,70,166,166,179,278,21,21,38,71,89,89],"floor_reached":25,"playtime":2389,"items_purged":["Strike_R","Strike_R"],"score":243,"play_id":"4885b294-e396-4683-96d3-6b6d3d3beb3c","local_time":"20190316104236","is_ascension_mode":false,"campfire_choices":[{"floor":10,"key":"REST"},{"floor":15,"key":"REST"}],"neow_cost":"NONE","seed_source_timestamp":312642149120546,"circlet_count":0,"master_deck":["Strike_R","Strike_R","Defend_R","Defend_R","Defend_R","Defend_R","Bash+1","Seeing Red","Seeing Red","Flex","Heavy Blade","Hemokinesis","Feel No Pain","Battle Trance","Armaments","Flex","Barricade","Spot Weakness","Offering","Ghostly Armor","Spot Weakness","Shockwave","Rupture"],"relics":["Black Blood","Strawberry","Question Card","Torii","Champion Belt","Singing Bowl","Darkstone Periapt"],"potions_floor_usage":[3,6,14,16,23],"damage_taken":[{"damage":0,"enemies":"2 Louse","floor":1,"turns":3},{"damage":22,"enemies":"Jaw Worm","floor":3,"turns":7},{"damage":12,"enemies":"Small Slimes","floor":4,"turns":7},{"damage":13,"enemies":"3 Sentries","floor":6,"turns":6},{"damage":8,"enemies":"Looter","floor":7,"turns":2},{"damage":41,"enemies":"Gremlin Nob","floor":8,"turns":5},{"damage":4,"enemies":"2 Fungi Beasts","floor":11,"turns":3},{"damage":4,"enemies":"Exordium Thugs","floor":13,"turns":3},{"damage":9,"enemies":"Lagavulin","floor":14,"turns":8},{"damage":38,"enemies":"Hexaghost","floor":16,"turns":8},{"damage":18,"enemies":"Shell Parasite","floor":18,"turns":4},{"damage":15,"enemies":"Chosen","floor":22,"turns":6},{"damage":72,"enemies":"Slavers","floor":23,"turns":8},{"damage":8,"enemies":"Snake Plant","floor":24,"turns":5},{"damage":19,"enemies":"Cultist and Chosen","floor":25,"turns":4}],"seed_played":"-3797568607555837445","potions_obtained":[{"floor":1,"key":"SkillPotion"},{"floor":4,"key":"Explosive Potion"},{"floor":11,"key":"EssenceOfSteel"},{"floor":13,"key":"LiquidBronze"},{"floor":16,"key":"Energy Potion"}],"is_trial":false,"path_per_floor":["M","$","M","M","?","E","M","E","T","R","M","$","M","E","R","B",null,"M","?","$","?","M","E","M","M"],"character_chosen":"IRONCLAD","items_purchased":["Flex","Singing Bowl"],"campfire_rested":2,"item_purchase_floors":[12,20],"current_hp_per_floor":[80,80,64,58,58,58,56,21,21,47,49,49,51,48,74,42,87,79,79,79,79,76,14,16,0],"gold":89,"neow_bonus":"TRANSFORM_CARD","is_prod":false,"is_daily":false,"chose_seed":false,"campfire_upgraded":0,"win_rate":0,"timestamp":1552743756,"path_taken":["M","$","M","M","?","E","M","E","T","R","M","$","M","E","R","BOSS","M","?","$","?","M","E","?","M"],"build_version":"2019-01-23","purchased_purges":2,"victory":false,"max_hp_per_floor":[80,80,80,80,80,87,87,87,87,87,87,87,87,87,87,87,87,87,87,87,87,89,89,89,89],"card_choices":[{"not_picked":["Corruption","Thunderclap"],"picked":"Seeing Red","floor":1},{"not_picked":["Body Slam","Heavy Blade"],"picked":"Flex","floor":3},{"not_picked":["Seeing Red","Pommel Strike"],"picked":"Heavy Blade","floor":4},{"not_picked":["Body Slam","Havoc"],"picked":"Hemokinesis","floor":6},{"not_picked":["Anger","Clothesline"],"picked":"Feel No Pain","floor":7},{"not_picked":["Inflame","Headbutt"],"picked":"Battle Trance","floor":8},{"not_picked":["Anger","Headbutt","Sentinel"],"picked":"Armaments","floor":11},{"not_picked":["Infernal Blade","Evolve","Body Slam"],"picked":"Barricade","floor":13},{"not_picked":["Twin Strike","Armaments","Brutality"],"picked":"Spot Weakness","floor":14},{"not_picked":["Feed","Berserk","Immolate"],"picked":"Offering","floor":16},{"not_picked":["Searing Blow","Blood for Blood","Headbutt"],"picked":"Ghostly Armor","floor":18},{"not_picked":["Cleave","Evolve+1","Pummel","Carnage+1"],"picked":"Singing Bowl","floor":22},{"not_picked":["Juggernaut","Fire Breathing","Body Slam"],"picked":"Shockwave","floor":23},{"not_picked":["Clash+1","Iron Wave","Battle Trance"],"picked":"Rupture","floor":24}],"player_experience":194206,"relics_obtained":[{"floor":6,"key":"Strawberry"},{"floor":8,"key":"Question Card"},{"floor":9,"key":"Torii"},{"floor":14,"key":"Champion Belt"},{"floor":23,"key":"Darkstone Periapt"}],"event_choices":[{"damage_healed":0,"gold_gain":0,"player_choice":"Grow","damage_taken":0,"max_hp_gain":0,"max_hp_loss":0,"event_name":"Living Wall","floor":5,"gold_loss":0,"cards_upgraded":["Bash"]},{"damage_healed":0,"gold_gain":99,"player_choice":"Stole From Cult","damage_taken":0,"max_hp_gain":0,"max_hp_loss":0,"event_name":"Nest","floor":19,"gold_loss":0},{"damage_healed":0,"gold_gain":0,"player_choice":"Copied","damage_taken":0,"max_hp_gain":0,"max_hp_loss":0,"event_name":"Duplicator","floor":21,"gold_loss":0,"cards_obtained":["Spot Weakness"]}],"is_beta":false,"boss_relics":[{"not_picked":["Ectoplasm","Lizard Tail"],"picked":"Black Blood"}],"items_purged_floors":[2,12],"is_endless":false,"potions_floor_spawned":[1,4,11,13,16],"killed_by":"Cultist and Chosen","ascension_level":0}