{"gold_per_floor":[359,379,454,604,614,614,389,389,460,460,492,78,78,78,78,153,153,167,167,185,203,41,41,72,83,108,108,128,8,8,26,26,26],"floor_reached":33,"playtime":1555,"items_purged":["Strike_B","Strike_B","Strike_B"],"score":460,"play_id":"fa04f8c5-9fbc-42c3-aa8a-dd68af7a03ee","local_time":"20190208222147","is_ascension_mode":true,"campfire_choices":[{"floor":6,"key":"REST"},{"floor":8,"key":"REST"},{"data":"Static Discharge","floor":10,"key":"SMITH"},{"data":"Loop","floor":13,"key":"SMITH"},{"data":"Zap","floor":15,"key":"SMITH"},{"floor":23,"key":"REST"},{"floor":27,"key":"REST"},{"floor":32,"key":"REST"}],"neow_cost":"PERCENT_DAMAGE","seed_source_timestamp":1826777834972656,"circlet_count":0,"master_deck":["AscendersBane","Defend_B","Defend_B","Defend_B","Defend_B","Zap+1","Dualcast","Static Discharge+1","Consume","Doubt","Auto Shields","Self Repair+1","White Noise","Loop+1","Electrodynamics","White Noise","BootSequence","Go for the Eyes+1","Storm+1","Double Energy+1","Chaos","Conserve Battery","Meteor Strike","Storm+1"],"relics":["Cracked Core","Kunai","Singing Bowl","Torii","Inserter","Bottled Flame","Whetstone"],"potions_floor_usage":[11,16,18,24,33,33],"damage_taken":[{"damage":0,"enemies":"Small Slimes","floor":1,"turns":3},{"damage":8,"enemies":"Jaw Worm","floor":2,"turns":4},{"damage":7,"enemies":"2 Louse","floor":5,"turns":2},{"damage":19,"enemies":"3 Sentries","floor":11,"turns":5},{"damage":13,"enemies":"Slime Boss","floor":16,"turns":5},{"damage":22,"enemies":"Shell Parasite","floor":18,"turns":4},{"damage":17,"enemies":"3 Byrds","floor":20,"turns":2},{"damage":16,"enemies":"Snake Plant","floor":21,"turns":3},{"damage":18,"enemies":"Book of Stabbing","floor":24,"turns":4},{"damage":29,"enemies":"Cultist and Chosen","floor":25,"turns":4},{"damage":19,"enemies":"Centurion and Healer","floor":28,"turns":2},{"damage":7,"enemies":"3 Cultists","floor":31,"turns":3},{"damage":51,"enemies":"Champ","floor":33,"turns":7}],"seed_played":"8409475755882291326","potions_obtained":[{"floor":1,"key":"Block Potion"},{"floor":5,"key":"EssenceOfSteel"},{"floor":11,"key":"Swift Potion"},{"floor":21,"key":"GamblersBrew"},{"floor":24,"key":"Ancient Potion"},{"floor":25,"key":"Fire Potion"},{"floor":31,"key":"Energy Potion"}],"is_trial":false,"path_per_floor":["M","M","?","?","M","R","$","R","T","R","E","$","R","?","R","B",null,"M","?","M","M","$","R","E","M","T","R","M","$","?","M","R","B"],"character_chosen":"DEFECT","items_purchased":["Self Repair","White Noise","Torii","Storm","Conserve Battery","Meteor Strike"],"campfire_rested":5,"item_purchase_floors":[7,7,12,22,29,29],"current_hp_per_floor":[46,38,27,27,20,41,41,62,62,62,57,57,57,57,57,51,66,44,44,27,21,21,42,34,17,17,38,19,19,19,22,43,0],"gold":26,"neow_bonus":"TWO_FIFTY_GOLD","is_prod":false,"is_daily":false,"chose_seed":false,"campfire_upgraded":3,"win_rate":0,"timestamp":1549689707,"path_taken":["M","M","?","?","M","R","?","R","T","R","E","?","R","?","R","BOSS","M","?","?","M","$","R","E","M","T","R","M","?","?","M","R","BOSS"],"build_version":"2019-01-23","purchased_purges":3,"victory":false,"max_hp_per_floor":[71,71,71,71,71,71,71,71,71,71,71,71,71,71,71,71,71,71,71,71,71,71,71,71,73,73,73,73,73,73,73,73,73],"card_choices":[{"not_picked":["Aggregate","Stack"],"picked":"Static Discharge","floor":1},{"not_picked":["Rebound","Sweeping Beam"],"picked":"Consume","floor":2},{"not_picked":["Compile Driver","Redo"],"picked":"Auto Shields","floor":5},{"not_picked":["Double Energy","Reprogram"],"picked":"Loop","floor":11},{"not_picked":["Hyperbeam","Machine Learning"],"picked":"Electrodynamics","floor":16},{"not_picked":["Blizzard","Stack+1"],"picked":"White Noise","floor":18},{"not_picked":["Rebound","Ball Lightning+1"],"picked":"BootSequence","floor":20},{"not_picked":["FTL","Conserve Battery"],"picked":"Go for the Eyes","floor":21},{"not_picked":["Steam","Darkness"],"picked":"Double Energy+1","floor":24},{"not_picked":["Lockon","Reprogram","Ball Lightning+1"],"picked":"Singing Bowl","floor":25},{"not_picked":["Aggregate","Turbo"],"picked":"Chaos","floor":28},{"not_picked":["Sunder","Compile Driver+1"],"picked":"Storm+1","floor":31}],"player_experience":1012246,"relics_obtained":[{"floor":9,"key":"Kunai"},{"floor":11,"key":"Singing Bowl"},{"floor":24,"key":"Bottled Flame"},{"floor":26,"key":"Whetstone"}],"event_choices":[{"damage_healed":0,"gold_gain":75,"player_choice":"Gather Gold","damage_taken":11,"max_hp_gain":0,"max_hp_loss":0,"event_name":"World of Goop","floor":3,"gold_loss":0},{"damage_healed":0,"gold_gain":150,"player_choice":"AGREE","damage_taken":0,"max_hp_gain":0,"max_hp_loss":0,"event_name":"Liars Game","floor":4,"gold_loss":0,"cards_obtained":["Doubt"]},{"cards_removed":["Strike_B"],"damage_healed":0,"gold_gain":0,"player_choice":"Offered Basic","damage_taken":0,"max_hp_gain":0,"max_hp_loss":0,"event_name":"Bonfire Elementals","floor":14,"gold_loss":0},{"damage_healed":0,"gold_gain":0,"player_choice":"Upgraded","damage_taken":0,"max_hp_gain":0,"max_hp_loss":0,"event_name":"Upgrade Shrine","floor":19,"gold_loss":0,"cards_upgraded":["Self Repair"]},{"damage_healed":0,"gold_gain":0,"player_choice":"Forge","damage_taken":0,"max_hp_gain":0,"max_hp_loss":0,"event_name":"Accursed Blacksmith","floor":30,"gold_loss":0,"cards_upgraded":["Storm"]}],"is_beta":false,"boss_relics":[{"not_picked":["Runic Pyramid","Black Star"],"picked":"Inserter"}],"items_purged_floors":[7,12,22],"is_endless":false,"potions_floor_spawned":[1,5,11,21,24,25,31],"killed_by":"Champ","ascension_level":15}