{"path_per_floor":["M","M","?","M","?","R","E","$","T","M","?","R","E","$","R","B",null,"M","M","?","M","T","R","E","$","T","R","?","R","M","E","R","B",null,"M","$","M","?","M","E","R"],"character_chosen":"DEFECT","items_purchased":["Orichalcum","Tempest","Lee\u0027s Waffle"],"gold_per_floor":[115,127,127,146,246,246,278,60,60,79,79,79,105,23,23,128,128,140,158,183,194,194,194,219,17,17,17,17,17,37,71,71,169,169,183,83,95,95,114,144,144,144],"floor_reached":42,"campfire_rested":2,"playtime":2226,"item_purchase_floors":[8,14,25],"current_hp_per_floor":[54,52,52,52,52,52,32,32,32,37,30,30,40,40,40,52,64,59,49,43,24,24,44,23,75,75,75,75,75,63,39,61,43,67,48,48,44,35,63,33,33,0],"items_purged":["Defend_B","Defend_B"],"gold":144,"score":731,"play_id":"bd106d7c-f7a6-497b-bded-5b88b0b56f4b","local_time":"20180519203728","is_prod":false,"is_daily":false,"chose_seed":false,"is_ascension_mode":true,"campfire_upgraded":4,"timestamp":1526783848,"campfire_choices":[{"data":"Streamline","floor":6,"key":"SMITH"},{"data":"Defragment","floor":12,"key":"SMITH"},{"data":"Tempest","floor":15,"key":"SMITH"},{"floor":23,"key":"REST"},{"data":"1","floor":27,"key":"LIFT"},{"data":"2","floor":29,"key":"LIFT"},{"floor":32,"key":"REST"},{"data":"Thunder Strike","floor":41,"key":"SMITH"}],"path_taken":["M","M","?","M","?","R","E","$","T","M","?","R","E","$","R","BOSS","M","M","?","?","?","R","E","$","T","R","?","R","?","E","R","BOSS","M","$","M","?","M","E","R","E"],"build_version":"2018-05-18","seed_source_timestamp":861816527656321,"purchased_purges":2,"victory":false,"master_deck":["Defend_B","Defend_B+1","Zap","Dualcast+1","Melter+1","Streamline+1","Ball Lightning+1","Defragment+1","Beam Cell","Electrodynamics","Ball Lightning","Tempest+1","Thunder Strike+1","Sunder+1","Storm","Amplify","Echo Form","Self Repair","Defragment","Madness","Madness","Force Field+1","White Noise+1"],"max_hp_per_floor":[68,68,68,68,68,68,68,68,68,68,68,68,68,68,68,68,68,68,68,68,68,68,68,68,75,75,75,75,75,75,75,75,75,75,75,75,75,75,75,75,75,75],"relics":["Cracked Core","Bottled Tornado","Orichalcum","Meat on the Bone","Pen Nib","Velvet Choker","Red Mask","War Paint","Question Card","Lee\u0027s Waffle","Girya","Calipers","Lizard Tail","Whetstone"],"card_choices":[{"not_picked":["Gash","Steam"],"picked":"Ball Lightning","floor":1},{"not_picked":["Stack","Go for the Eyes"],"picked":"Defragment","floor":2},{"not_picked":["Steam","Axe Kick"],"picked":"Beam Cell","floor":4},{"not_picked":["Storm","Cold Snap"],"picked":"Electrodynamics","floor":7},{"not_picked":["Turbo","Beam Cell","Doom and Gloom"],"picked":"SKIP","floor":10},{"not_picked":["Axe Kick","Capacitor"],"picked":"Ball Lightning","floor":13},{"not_picked":["Machine Learning","Meteor Strike"],"picked":"Thunder Strike","floor":16},{"not_picked":["Beam Cell+1","Hologram"],"picked":"Sunder+1","floor":18},{"not_picked":["Skim","Reprogram+1","Stack"],"picked":"SKIP","floor":19},{"not_picked":["Steam","Go for the Eyes","Double Energy"],"picked":"SKIP","floor":21},{"not_picked":["Axe Kick","Ball Lightning+1","Meteor Strike"],"picked":"SKIP","floor":24},{"not_picked":["Rebound","Redo","Turbo"],"picked":"Storm","floor":30},{"not_picked":["Skim","Auto Shields","Ball Lightning"],"picked":"Amplify","floor":31},{"not_picked":["Seek","Machine Learning","All For One"],"picked":"Echo Form","floor":33},{"not_picked":["Undo","Beam Cell","Auto Shields"],"picked":"Self Repair","floor":35},{"not_picked":["Barrage","Skim+1","Go for the Eyes+1"],"picked":"Defragment","floor":37},{"not_picked":["Doom and Gloom","Rebound","Coolheaded+1"],"picked":"Force Field+1","floor":39},{"not_picked":["Go for the Eyes","Electrodynamics","Consume"],"picked":"White Noise+1","floor":40}],"player_experience":142064,"potions_floor_usage":[7,16,19,21,24,33,33,39,39,39,39,42,42],"damage_taken":[{"damage":14,"enemies":"Small Slimes","floor":1,"turns":2},{"damage":2,"enemies":"Jaw Worm","floor":2,"turns":2},{"damage":0,"enemies":"Cultist","floor":4,"turns":2},{"damage":20,"enemies":"Lagavulin","floor":7,"turns":4},{"damage":7,"enemies":"Large Slime","floor":10,"turns":4},{"damage":2,"enemies":"Gremlin Nob","floor":13,"turns":3},{"damage":0,"enemies":"Slime Boss","floor":16,"turns":4},{"damage":5,"enemies":"Spheric Guardian","floor":18,"turns":3},{"damage":10,"enemies":"2 Thieves","floor":19,"turns":2},{"damage":6,"enemies":"Masked Bandits","floor":20,"turns":2},{"damage":31,"enemies":"Snake Plant","floor":21,"turns":3},{"damage":33,"enemies":"Book of Stabbing","floor":24,"turns":4},{"damage":12,"enemies":"Chosen and Byrds","floor":30,"turns":4},{"damage":24,"enemies":"Gremlin Leader","floor":31,"turns":4},{"damage":30,"enemies":"Champ","floor":33,"turns":6},{"damage":19,"enemies":"3 Darklings","floor":35,"turns":3},{"damage":4,"enemies":"Orb Walker","floor":37,"turns":2},{"damage":35,"enemies":"Spire Growth","floor":39,"turns":5},{"damage":56,"enemies":"Giant Head","floor":40,"turns":7},{"damage":43,"enemies":"Nemesis","floor":42,"turns":4}],"relics_obtained":[{"floor":7,"key":"Bottled Tornado"},{"floor":9,"key":"Meat on the Bone"},{"floor":13,"key":"Pen Nib"},{"floor":20,"key":"Red Mask"},{"floor":22,"key":"War Paint"},{"floor":24,"key":"Question Card"},{"floor":26,"key":"Girya"},{"floor":31,"key":"Calipers"},{"floor":40,"key":"Whetstone"}],"event_choices":[{"event_name":"Living Wall","player_choice":"Forget","floor":3,"damage_taken":0},{"event_name":"Golden Shrine","player_choice":"Pray","floor":5,"damage_taken":0},{"event_name":"Golden Wing","player_choice":"Card Removal","floor":11,"damage_taken":0},{"event_name":"Masked Bandits","player_choice":"Fought over 158 gold","floor":20,"damage_taken":0},{"event_name":"Beggar","player_choice":"Ignored","floor":28,"damage_taken":0},{"event_name":"Winding Halls","player_choice":"Embrace Madness","floor":38,"damage_taken":0}],"boss_relics":[{"not_picked":["White Beast Statue","Cursed Key"],"picked":"Velvet Choker"},{"not_picked":["Astrolabe","Black Star"],"picked":"Lizard Tail"}],"items_purged_floors":[8,36],"potions_floor_spawned":[1,7,13,16,20,21,24,35,37,40],"seed_played":"6633245653023710971","killed_by":"Nemesis","ascension_level":8,"potions_obtained":[{"floor":1,"key":"Energy Potion"},{"floor":7,"key":"Strength Potion"},{"floor":13,"key":"Regen Potion"},{"floor":16,"key":"SkillPotion"},{"floor":20,"key":"SkillPotion"},{"floor":21,"key":"Block Potion"},{"floor":24,"key":"Ancient Potion"},{"floor":35,"key":"EntropicBrew"},{"floor":37,"key":"Fire Potion"},{"floor":40,"key":"AttackPotion"}],"is_trial":false}