{"gold_per_floor":[113,113,127,144,34,34,9,9,9,38,38,73,73,73,73,151,151,170,170,183,200,218,218,218],"floor_reached":24,"playtime":1651,"items_purged":["Strike_R"],"score":401,"play_id":"956516c1-ecd4-4c14-9816-3a1287cf118c","local_time":"20190210121016","is_ascension_mode":true,"campfire_choices":[{"data":"True Grit","floor":6,"key":"SMITH"},{"data":"Bash","floor":8,"key":"SMITH"},{"data":"Clothesline","floor":11,"key":"SMITH"},{"data":"Limit Break","floor":15,"key":"SMITH"},{"floor":23,"key":"REST"}],"neow_cost":"NONE","seed_source_timestamp":1962797614077882,"circlet_count":0,"master_deck":["AscendersBane","Strike_R","Strike_R","Defend_R","Defend_R","Defend_R","Defend_R","Bash+1","Clothesline+1","Offering","True Grit+1","Clash","Dropkick","Clash","Flex","Limit Break+1","Fiend Fire","Dropkick","Bash","Iron Wave","Pommel Strike","Iron Wave"],"relics":["Burning Blood","NeowsBlessing","Omamori","Question Card","FossilizedHelix","Bottled Lightning","Sozu"],"potions_floor_usage":[3,10,12,16,21,22],"damage_taken":[{"damage":0,"enemies":"Small Slimes","floor":1,"turns":2},{"damage":0,"enemies":"Cultist","floor":3,"turns":1},{"damage":0,"enemies":"Jaw Worm","floor":4,"turns":1},{"damage":6,"enemies":"Gremlin Nob","floor":10,"turns":2},{"damage":28,"enemies":"3 Sentries","floor":12,"turns":9},{"damage":37,"enemies":"Slime Boss","floor":16,"turns":11},{"damage":23,"enemies":"Spheric Guardian","floor":18,"turns":4},{"damage":6,"enemies":"Chosen","floor":20,"turns":3},{"damage":12,"enemies":"Snake Plant","floor":21,"turns":4},{"damage":30,"enemies":"Sentry and Sphere","floor":22,"turns":5},{"damage":36,"enemies":"Slavers","floor":24,"turns":3}],"seed_played":"-746821741565123025","potions_obtained":[{"floor":1,"key":"EntropicBrew"},{"floor":10,"key":"Block Potion"},{"floor":12,"key":"FearPotion"},{"floor":16,"key":"LiquidBronze"}],"is_trial":false,"path_per_floor":["M","?","M","M","$","R","$","R","T","E","R","E","T","?","R","B",null,"M","?","M","M","M","R","E"],"character_chosen":"IRONCLAD","items_purchased":["Dropkick","Clash"],"campfire_rested":1,"item_purchase_floors":[5,7],"current_hp_per_floor":[74,74,75,75,75,75,75,75,75,75,75,53,53,46,46,15,60,43,43,43,37,13,35,0],"gold":218,"neow_bonus":"THREE_ENEMY_KILL","is_prod":false,"is_daily":false,"chose_seed":false,"campfire_upgraded":4,"win_rate":0,"timestamp":1549825816,"path_taken":["M","?","?","M","$","R","$","R","T","E","R","E","?","?","R","BOSS","M","?","M","?","M","R","E"],"build_version":"2019-01-23","purchased_purges":1,"victory":false,"max_hp_per_floor":[75,75,75,75,75,75,75,75,75,75,75,75,75,75,75,75,75,75,75,75,75,75,75,75],"card_choices":[{"not_picked":["Perfected Strike","Warcry"],"picked":"Clothesline","floor":1},{"not_picked":["Evolve","Headbutt"],"picked":"True Grit","floor":3},{"not_picked":["Offering","Havoc"],"picked":"Clash","floor":4},{"not_picked":["Entrench","Shockwave"],"picked":"Flex","floor":10},{"not_picked":["Havoc","Flex","Pommel Strike"],"picked":"Limit Break","floor":12},{"not_picked":["Exhume","Bludgeon","Brutality"],"picked":"Fiend Fire","floor":16},{"not_picked":["Thunderclap","Perfected Strike","Sword Boomerang"],"picked":"Dropkick","floor":18},{"not_picked":["Headbutt","Clothesline","True Grit"],"picked":"Iron Wave","floor":20},{"not_picked":["Shrug It Off","Combust","Headbutt"],"picked":"Pommel Strike","floor":21},{"not_picked":["Second Wind","Flame Barrier","Wild Strike"],"picked":"Iron Wave","floor":22}],"player_experience":1049437,"relics_obtained":[{"floor":9,"key":"Omamori"},{"floor":10,"key":"Question Card"},{"floor":12,"key":"FossilizedHelix"},{"floor":13,"key":"Bottled Lightning"}],"event_choices":[{"damage_healed":0,"gold_gain":0,"cards_transformed":["Strike_R"],"player_choice":"Transformed","damage_taken":0,"max_hp_gain":0,"max_hp_loss":0,"event_name":"Transmorgrifier","floor":2,"gold_loss":0,"cards_obtained":["Offering"]},{"cards_removed":["Strike_R"],"damage_healed":0,"gold_gain":0,"player_choice":"Card Removal","damage_taken":7,"max_hp_gain":0,"max_hp_loss":0,"event_name":"Golden Wing","floor":14,"gold_loss":0},{"damage_healed":0,"gold_gain":0,"player_choice":"1 cards matched","damage_taken":0,"max_hp_gain":0,"max_hp_loss":0,"event_name":"Match and Keep!","floor":19,"gold_loss":0,"cards_obtained":["Bash"]}],"is_beta":false,"boss_relics":[{"not_picked":["Black Star","Philosopher\u0027s Stone"],"picked":"Sozu"}],"items_purged_floors":[5],"is_endless":false,"potions_floor_spawned":[1,10,12,16,22],"killed_by":"Slavers","ascension_level":15}