{"gold_per_floor":[115,145,145,157,432,464,474,494,494,508,50,50,50,61,61,61],"floor_reached":16,"playtime":584,"items_purged":["Regret"],"score":248,"play_id":"1ec210a3-41fd-4290-b313-0374b1663e39","local_time":"20190226183200","is_ascension_mode":true,"campfire_choices":[{"data":"Armaments","floor":12,"key":"SMITH"},{"floor":15,"key":"REST"}],"neow_cost":"NONE","seed_source_timestamp":345611185040788,"circlet_count":0,"master_deck":["AscendersBane","Strike_R","Strike_R","Strike_R","Strike_R","Strike_R","Defend_R","Defend_R","Defend_R","Defend_R","Bash","Thunderclap","Regret","Headbutt","Armaments+1","Flex","Body Slam","True Grit","Second Wind","Feel No Pain","Infernal Blade"],"relics":["Burning Blood","NeowsBlessing","Tiny Chest","Paper Frog","The Courier","Bronze Scales","Calipers"],"potions_floor_usage":[7,16],"damage_taken":[{"damage":0,"enemies":"Small Slimes","floor":1,"turns":1},{"damage":0,"enemies":"Jaw Worm","floor":4,"turns":1},{"damage":0,"enemies":"Lagavulin","floor":6,"turns":1},{"damage":15,"enemies":"Cultist","floor":7,"turns":4},{"damage":26,"enemies":"Red Slaver","floor":8,"turns":3},{"damage":17,"enemies":"Looter","floor":10,"turns":3},{"damage":15,"enemies":"3 Louse","floor":14,"turns":2},{"damage":59,"enemies":"Slime Boss","floor":16,"turns":9}],"seed_played":"-3414388548126743727","potions_obtained":[{"floor":7,"key":"Fruit Juice"},{"floor":8,"key":"AttackPotion"}],"is_trial":false,"path_per_floor":["M","?","T","M","?","E","M","M","T","M","$","R","$","M","R","B"],"character_chosen":"IRONCLAD","items_purchased":["Calipers","True Grit","Second Wind","Feel No Pain"],"campfire_rested":1,"item_purchase_floors":[11,11,11,11],"current_hp_per_floor":[74,74,74,75,75,75,71,51,51,40,40,40,40,31,55,0],"gold":61,"neow_bonus":"THREE_ENEMY_KILL","is_prod":false,"is_daily":false,"chose_seed":false,"campfire_upgraded":1,"win_rate":0,"timestamp":1551231120,"path_taken":["M","?","?","M","?","E","?","M","T","M","$","R","?","M","R","BOSS"],"build_version":"2019-01-23","purchased_purges":1,"victory":false,"max_hp_per_floor":[75,75,75,75,75,75,80,80,80,80,80,80,80,80,80,80],"card_choices":[{"not_picked":["Heavy Blade","Body Slam"],"picked":"Thunderclap","floor":1},{"not_picked":["Havoc","Wild Strike"],"picked":"Headbutt","floor":4},{"not_picked":["Thunderclap","Havoc"],"picked":"Armaments","floor":6},{"not_picked":["Entrench","Brutality"],"picked":"Flex","floor":7},{"not_picked":["Wild Strike","Twin Strike","Havoc"],"picked":"SKIP","floor":8},{"not_picked":["Havoc","Clash"],"picked":"Body Slam","floor":10},{"not_picked":["Shrug It Off","Thunderclap"],"picked":"Infernal Blade","floor":14}],"player_experience":1263888,"relics_obtained":[{"floor":3,"key":"Paper Frog"},{"floor":6,"key":"The Courier"},{"floor":9,"key":"Bronze Scales"}],"event_choices":[{"damage_healed":0,"gold_gain":0,"player_choice":"Box","damage_taken":0,"relics_obtained":["Tiny Chest"],"max_hp_gain":0,"max_hp_loss":0,"event_name":"Big Fish","floor":2,"gold_loss":0,"cards_obtained":["Regret"]},{"damage_healed":0,"gold_gain":275,"player_choice":"Desecrate","damage_taken":0,"max_hp_gain":0,"max_hp_loss":0,"event_name":"Golden Shrine","floor":5,"gold_loss":0,"cards_obtained":["Regret"]}],"is_beta":false,"boss_relics":[],"items_purged_floors":[11],"is_endless":false,"potions_floor_spawned":[7,8],"killed_by":"Slime Boss","ascension_level":19}