{"gold_per_floor":[110,110,127,141,66,99,99,117,117,117,135,135,152,178,178,254,254,270,10,0,50,50,50,61,61,61,76,76,76],"floor_reached":29,"playtime":1765,"items_purged":["Strike_B"],"score":431,"play_id":"e493146d-b41a-49c6-9a1d-7994fd4e0744","local_time":"20190210011533","is_ascension_mode":true,"campfire_choices":[{"floor":7,"key":"REST"},{"floor":12,"key":"REST"},{"floor":15,"key":"REST"},{"floor":23,"key":"REST"},{"floor":25,"key":"REST"},{"floor":28,"key":"REST"}],"neow_cost":"NONE","seed_source_timestamp":1923398282812848,"circlet_count":0,"master_deck":["AscendersBane","Strike_B","Strike_B","Defend_B","Defend_B","Defend_B","Defend_B","Zap","Dualcast","Streamline","Ball Lightning","Cold Snap","Genetic Algorithm+1","Parasite","Self Repair","Coolheaded+1","Amplify+1","Buffer","Double Energy+1","Storm","Hologram+1","Reprogram+1","Redo+1","Beam Cell+1"],"relics":["FrozenCore","Oddly Smooth Stone","Toxic Egg 2","Unceasing Top","Mango","Toolbox","Pantograph"],"potions_floor_usage":[6,16,16,29],"damage_taken":[{"damage":17,"enemies":"Jaw Worm","floor":1,"turns":4},{"damage":0,"enemies":"Cultist","floor":3,"turns":3},{"damage":0,"enemies":"2 Louse","floor":4,"turns":2},{"damage":36,"enemies":"Lagavulin","floor":6,"turns":5},{"damage":12,"enemies":"Looter","floor":8,"turns":3},{"damage":7,"enemies":"Blue Slaver","floor":11,"turns":4},{"damage":5,"enemies":"Red Slaver","floor":13,"turns":4},{"damage":17,"enemies":"3 Sentries","floor":14,"turns":8},{"damage":20,"enemies":"The Guardian","floor":16,"turns":13},{"damage":67,"enemies":"3 Byrds","floor":18,"turns":9},{"damage":18,"enemies":"2 Thieves","floor":20,"turns":4},{"damage":0,"enemies":"Snake Plant","floor":24,"turns":4},{"damage":51,"enemies":"Sentry and Sphere","floor":27,"turns":9},{"damage":60,"enemies":"Chosen and Byrds","floor":29,"turns":7}],"seed_played":"5220797141086228012","potions_obtained":[{"floor":1,"key":"SteroidPotion"},{"floor":6,"key":"SkillPotion"},{"floor":14,"key":"LiquidBronze"},{"floor":24,"key":"Weak Potion"},{"floor":27,"key":"Explosive Potion"}],"is_trial":false,"path_per_floor":["M","?","M","M","$","E","R","M","T","?","M","R","M","E","R","B",null,"M","$","M","?","?","R","M","R","T","M","R","M"],"character_chosen":"DEFECT","items_purchased":["Toolbox","Storm"],"campfire_rested":6,"item_purchase_floors":[19,19],"current_hp_per_floor":[47,43,43,43,43,7,28,16,16,33,26,47,49,53,78,72,82,22,22,18,18,18,43,50,75,75,31,56,0],"gold":76,"neow_bonus":"RANDOM_COMMON_RELIC","is_prod":false,"is_daily":false,"chose_seed":false,"campfire_upgraded":0,"win_rate":0,"timestamp":1549786533,"path_taken":["M","?","?","M","$","E","R","M","T","?","M","R","M","E","R","BOSS","M","$","M","?","?","R","?","R","T","M","R","M"],"build_version":"2019-01-23","purchased_purges":1,"victory":false,"max_hp_per_floor":[71,71,71,71,71,71,71,71,71,71,71,71,71,85,85,85,85,85,85,85,85,85,85,85,85,85,85,85,85],"card_choices":[{"not_picked":["Heatsinks","Turbo"],"picked":"Streamline","floor":1},{"not_picked":["Fusion","Coolheaded"],"picked":"Ball Lightning","floor":3},{"not_picked":["Rip and Tear","Aggregate"],"picked":"Cold Snap","floor":4},{"not_picked":["Stack","Hologram"],"picked":"Genetic Algorithm","floor":6},{"not_picked":["Streamline","Compile Driver","Rebound"],"picked":"SKIP","floor":8},{"not_picked":["Beam Cell","Hello World"],"picked":"Self Repair","floor":11},{"not_picked":["Reprogram+1","Go for the Eyes"],"picked":"Coolheaded+1","floor":13},{"not_picked":["Glacier+1","Rebound"],"picked":"Amplify+1","floor":14},{"not_picked":["Reboot+1","Biased Cognition"],"picked":"Buffer","floor":16},{"not_picked":["Turbo+1","Rebound+1"],"picked":"Double Energy+1","floor":18},{"not_picked":["Double Energy+1","Barrage"],"picked":"Hologram+1","floor":20},{"not_picked":["Beam Cell","Double Energy+1"],"picked":"Redo+1","floor":24},{"not_picked":["Ball Lightning","Coolheaded+1"],"picked":"Beam Cell+1","floor":27}],"player_experience":1044710,"relics_obtained":[{"floor":6,"key":"Toxic Egg 2"},{"floor":9,"key":"Unceasing Top"},{"floor":14,"key":"Mango"},{"floor":26,"key":"Pantograph"}],"event_choices":[{"damage_healed":0,"gold_gain":0,"player_choice":"Bought 0 Potions","damage_taken":0,"max_hp_gain":0,"max_hp_loss":0,"event_name":"The Woman in Blue","floor":2,"gold_loss":0},{"damage_healed":17,"gold_gain":0,"player_choice":"Healed and dodged fight","damage_taken":0,"max_hp_gain":0,"max_hp_loss":0,"event_name":"Mushrooms","floor":10,"gold_loss":0,"cards_obtained":["Parasite"]},{"damage_healed":0,"gold_gain":50,"player_choice":"Stole From Cult","damage_taken":0,"max_hp_gain":0,"max_hp_loss":0,"event_name":"Nest","floor":21,"gold_loss":0},{"damage_healed":0,"gold_gain":0,"cards_transformed":["Strike_B"],"player_choice":"Transformed","damage_taken":0,"max_hp_gain":0,"max_hp_loss":0,"event_name":"Transmorgrifier","floor":22,"gold_loss":0,"cards_obtained":["Reprogram"]}],"is_beta":false,"boss_relics":[{"not_picked":["Nuclear Battery","Coffee Dripper"],"picked":"FrozenCore"}],"items_purged_floors":[5],"is_endless":false,"potions_floor_spawned":[1,6,14,24,27],"killed_by":"Chosen and Byrds","ascension_level":17}