{"gold_per_floor":[119,194,49,64,64,64,92,92,170,170,203,203,226,236,236,309,309,321,321,339,339,352,352,384,384,407,427,447,447,464,494,494,573,573,587,639,656,668,682,682,707,707,753,753,771,800,800,362,362,362,362,362,14,14],"floor_reached":54,"playtime":5680,"items_purged":["Doubt"],"score":1282,"play_id":"563438af-c344-4035-bd8b-aec3422eac59","local_time":"20190314004231","is_ascension_mode":true,"campfire_choices":[{"floor":6,"key":"REST"},{"data":"Capacitor","floor":12,"key":"SMITH"},{"data":"Dualcast","floor":15,"key":"SMITH"},{"data":"Defragment","floor":23,"key":"SMITH"},{"data":"Fission","floor":29,"key":"SMITH"},{"floor":32,"key":"REST"},{"data":"Hologram","floor":40,"key":"SMITH"},{"data":"Loop","floor":42,"key":"SMITH"},{"floor":44,"key":"RECALL"},{"data":"Echo Form","floor":49,"key":"SMITH"},{"data":"Blizzard","floor":52,"key":"SMITH"}],"neow_cost":"NONE","seed_source_timestamp":1720226747192,"circlet_count":0,"master_deck":["AscendersBane","Defend_B","Defend_B","Defend_B","Defend_B","Zap","Dualcast+1","Chill","Ball Lightning","Glacier","Parasite","Capacitor+1","Cold Snap","Fission+1","Defragment+1","Loop+1","Bite","Bite","Bite","Bite","Bite","Hologram+1","Capacitor","Creative AI","Cold Snap","Stack+1","Cold Snap","Echo Form+1","Barrage","Undo","Parasite","Blizzard+1","Clumsy","Stack"],"relics":["Philosopher\u0027s Stone","Bag of Preparation","Matryoshka","Letter Opener","Tiny Chest","Centennial Puzzle","DataDisk","Happy Flower","Nuclear Battery","Blood Vial","Bottled Flame","Art of War","Pantograph","Cursed Key","Vajra","Potion Belt","Ornamental Fan","Ancient Tea Set","ClockworkSouvenir","Bottled Tornado"],"potions_floor_usage":[7,11,22,24,33,33,50,54],"damage_taken":[{"damage":3,"enemies":"Jaw Worm","floor":1,"turns":4},{"damage":6,"enemies":"Small Slimes","floor":4,"turns":3},{"damage":38,"enemies":"Gremlin Nob","floor":7,"turns":4},{"damage":7,"enemies":"3 Sentries","floor":11,"turns":7},{"damage":0,"enemies":"2 Louse","floor":14,"turns":2},{"damage":24,"enemies":"The Guardian","floor":16,"turns":13},{"damage":8,"enemies":"Shell Parasite","floor":18,"turns":4},{"damage":14,"enemies":"2 Thieves","floor":20,"turns":4},{"damage":13,"enemies":"Snecko","floor":22,"turns":7},{"damage":22,"enemies":"Slavers","floor":24,"turns":12},{"damage":31,"enemies":"Snake Plant","floor":27,"turns":8},{"damage":5,"enemies":"Shelled Parasite and Fungi","floor":28,"turns":7},{"damage":4,"enemies":"Centurion and Healer","floor":30,"turns":10},{"damage":46,"enemies":"Book of Stabbing","floor":31,"turns":6},{"damage":14,"enemies":"Champ","floor":33,"turns":21},{"damage":6,"enemies":"3 Darklings","floor":35,"turns":7},{"damage":13,"enemies":"3 Shapes","floor":37,"turns":8},{"damage":9,"enemies":"Writhing Mass","floor":38,"turns":13},{"damage":14,"enemies":"Spire Growth","floor":39,"turns":7},{"damage":22,"enemies":"Giant Head","floor":41,"turns":12},{"damage":0,"enemies":"Maw","floor":45,"turns":9},{"damage":43,"enemies":"Nemesis","floor":46,"turns":13},{"damage":43,"enemies":"Awakened One","floor":50,"turns":25},{"damage":56,"enemies":"Shield and Spear","floor":54,"turns":5}],"seed_played":"-7879768336172980454","potions_obtained":[{"floor":1,"key":"FocusPotion"},{"floor":4,"key":"SkillPotion"},{"floor":11,"key":"Regen Potion"},{"floor":18,"key":"Weak Potion"},{"floor":28,"key":"PowerPotion"},{"floor":30,"key":"PowerPotion"},{"floor":33,"key":"SteroidPotion"},{"floor":35,"key":"Explosive Potion"},{"floor":46,"key":"FearPotion"}],"is_trial":false,"path_per_floor":["M","?","$","M","?","R","E","?","T","?","E","R","T","M","R","B",null,"M","?","M","?","M","R","E","T","T","M","M","R","M","E","R","B",null,"M","T","M","M","M","R","E","R","T","R","M","E","?","$","R","B",null,"R","$","E"],"character_chosen":"DEFECT","items_purchased":["Bag of Preparation","Ancient Tea Set","Stack","ClockworkSouvenir","Bottled Tornado","Swift Potion","Fire Potion"],"campfire_rested":2,"item_purchase_floors":[3,48,48,48,53,53,53],"current_hp_per_floor":[61,50,50,44,26,47,9,32,32,49,42,42,42,42,42,18,58,50,50,36,36,45,45,49,49,49,42,49,49,49,13,27,49,49,49,49,48,49,49,49,43,43,43,43,49,36,36,36,36,49,49,49,49,0],"gold":14,"neow_bonus":"BOSS_RELIC","is_prod":false,"is_daily":false,"chose_seed":false,"campfire_upgraded":8,"win_rate":0,"timestamp":1552542151,"path_taken":["M","?","$","M","?","R","E","?","T","?","E","R","?","M","R","BOSS","M","?","M","?","M","R","E","?","T","?","M","R","M","E","R","BOSS","M","?","M","?","M","R","E","R","T","R","M","E","?","$","R","BOSS","R","$","E"],"build_version":"2019-01-23","purchased_purges":1,"victory":false,"max_hp_per_floor":[71,71,71,71,71,71,71,71,71,71,71,71,71,71,71,71,71,71,71,71,49,49,49,49,49,49,49,49,49,49,49,49,49,49,49,49,49,49,49,49,49,49,49,49,49,49,49,49,49,49,49,49,49,49],"card_choices":[{"not_picked":["Reprogram","Rip and Tear"],"picked":"Chill","floor":1},{"not_picked":["Reinforced Body","Gash"],"picked":"Ball Lightning","floor":4},{"not_picked":["Compile Driver","Storm"],"picked":"Glacier","floor":7},{"not_picked":["Leap","Melter"],"picked":"Capacitor","floor":11},{"not_picked":["Barrage","FTL"],"picked":"Cold Snap","floor":14},{"not_picked":["Rainbow","Reboot"],"picked":"Fission","floor":16},{"not_picked":["Redo+1","Chaos","Rebound"],"picked":"SKIP","floor":18},{"not_picked":["Auto Shields","Lockon"],"picked":"Loop","floor":20},{"not_picked":["Redo","Compile Driver"],"picked":"Hologram","floor":22},{"not_picked":["Double Energy","Static Discharge"],"picked":"Capacitor","floor":24},{"not_picked":["Blizzard","Self Repair"],"picked":"Creative AI","floor":27},{"not_picked":["Redo","Gash"],"picked":"Cold Snap","floor":28},{"not_picked":["Rip and Tear","Redo+1"],"picked":"Stack+1","floor":30},{"not_picked":["Rebound","Streamline"],"picked":"Cold Snap","floor":31},{"not_picked":["Thunder Strike","Fission"],"picked":"Echo Form","floor":33},{"not_picked":["Heatsinks","Genetic Algorithm"],"picked":"Barrage","floor":35},{"not_picked":["Loop","Melter"],"picked":"Undo","floor":37},{"not_picked":["Leap+1","Double Energy+1"],"picked":"Blizzard","floor":38},{"not_picked":["Storm","Rebound","Blizzard"],"picked":"SKIP","floor":39},{"not_picked":["Chaos","Doom and Gloom+1","Undo"],"picked":"SKIP","floor":41},{"not_picked":["Chaos","Doom and Gloom+1","Undo"],"picked":"SKIP","floor":41},{"not_picked":["Streamline","Beam Cell+1","Rip and Tear"],"picked":"SKIP","floor":45},{"not_picked":["Rip and Tear","Reprogram","Beam Cell"],"picked":"SKIP","floor":46},{"not_picked":["Rip and Tear","Reprogram","Beam Cell"],"picked":"SKIP","floor":46}],"player_experience":555489,"relics_obtained":[{"floor":7,"key":"Matryoshka"},{"floor":9,"key":"Letter Opener"},{"floor":9,"key":"Tiny Chest"},{"floor":11,"key":"Centennial Puzzle"},{"floor":13,"key":"DataDisk"},{"floor":13,"key":"Happy Flower"},{"floor":24,"key":"Blood Vial"},{"floor":25,"key":"Bottled Flame"},{"floor":26,"key":"Art of War"},{"floor":31,"key":"Pantograph"},{"floor":41,"key":"Vajra"},{"floor":43,"key":"Potion Belt"},{"floor":46,"key":"Ornamental Fan"}],"event_choices":[{"damage_healed":0,"gold_gain":75,"player_choice":"Gather Gold","damage_taken":11,"max_hp_gain":0,"max_hp_loss":0,"event_name":"World of Goop","floor":2,"gold_loss":0},{"damage_healed":0,"gold_gain":0,"player_choice":"Fled","damage_taken":18,"max_hp_gain":0,"max_hp_loss":0,"event_name":"Scrap Ooze","floor":5,"gold_loss":0},{"damage_healed":23,"gold_gain":0,"player_choice":"Banana","damage_taken":0,"max_hp_gain":0,"max_hp_loss":0,"event_name":"Big Fish","floor":8,"gold_loss":0},{"damage_healed":17,"gold_gain":0,"player_choice":"Healed and dodged fight","damage_taken":0,"max_hp_gain":0,"max_hp_loss":0,"event_name":"Mushrooms","floor":10,"gold_loss":0,"cards_obtained":["Parasite"]},{"damage_healed":0,"gold_gain":0,"player_choice":"Read","damage_taken":0,"max_hp_gain":0,"max_hp_loss":0,"event_name":"The Library","floor":19,"gold_loss":0,"cards_obtained":["Defragment"]},{"damage_healed":0,"gold_gain":0,"player_choice":"Became a vampire","damage_taken":0,"max_hp_gain":0,"max_hp_loss":22,"event_name":"Vampires","floor":21,"gold_loss":0,"cards_obtained":["Bite","Bite","Bite","Bite","Bite"]},{"damage_healed":0,"gold_gain":0,"player_choice":"0 cards matched","damage_taken":0,"max_hp_gain":0,"max_hp_loss":0,"event_name":"Match and Keep!","floor":47,"gold_loss":0,"cards_obtained":[]}],"is_beta":false,"boss_relics":[{"not_picked":["Astrolabe","Busted Crown"],"picked":"Nuclear Battery"},{"not_picked":["White Beast Statue","Lizard Tail"],"picked":"Cursed Key"}],"items_purged_floors":[48],"is_endless":false,"potions_floor_spawned":[1,4,11,18,20,28,30,31,33,35,37,46],"killed_by":"Shield and Spear","ascension_level":15}