{"gold_per_floor":[114,134,36,55,55,55,74,74,74,104,104,104,104,137,137,232,232,248,258,1,14,24,56,56,89,89,89,89,102,102,120,120,221,221,238,69,85,98,98,98,127,137,137,137,171,188,188,208,208,208,208,208,13,38,38],"floor_reached":55,"playtime":3882,"items_purged":["Defend_R","Strike_R","Defend_R"],"score":927,"play_id":"c0c829eb-cc8a-4657-887e-560d8886c5ac","local_time":"20190308002528","is_ascension_mode":true,"campfire_choices":[{"data":"Havoc","floor":6,"key":"SMITH"},{"data":"Body Slam","floor":8,"key":"SMITH"},{"data":"Bash","floor":11,"key":"SMITH"},{"data":"Ghostly Armor","floor":13,"key":"SMITH"},{"data":"Flame Barrier","floor":15,"key":"SMITH"},{"floor":24,"key":"REST"},{"data":"Uppercut","floor":28,"key":"SMITH"},{"data":"Body Slam","floor":30,"key":"SMITH"},{"floor":32,"key":"REST"},{"data":"Shrug It Off","floor":40,"key":"SMITH"},{"floor":44,"key":"RECALL"},{"data":"Immolate","floor":47,"key":"SMITH"},{"data":"Heavy Blade","floor":49,"key":"SMITH"},{"data":"Headbutt","floor":52,"key":"SMITH"}],"neow_cost":"PERCENT_DAMAGE","seed_source_timestamp":591401329149338,"circlet_count":0,"master_deck":["Strike_R+1","Strike_R+1","Defend_R","Defend_R","Bash+1","Havoc+1","Body Slam+1","Warcry","Impervious","Ghostly Armor+1","Shrug It Off+1","Flame Barrier+1","Reaper","Uppercut+1","Infernal Blade","Heavy Blade+1","Armaments+1","Body Slam+1","Barricade+1","Armaments+1","Headbutt+1","Inflame+1","Warcry+1","Exhume+1","Flame Barrier+1","Immolate+1","Hemokinesis+1","Heavy Blade+1","Evolve+1","Uppercut+1"],"relics":["Burning Blood","Frozen Egg 2","Gambling Chip","Whetstone","Velvet Choker","Shuriken","Bronze Scales","Toxic Egg 2","Philosopher\u0027s Stone","Incense Burner","Potion Belt","Mercury Hourglass","Bag of Marbles"],"potions_floor_usage":[16,23,25,38,55,55],"damage_taken":[{"damage":4,"enemies":"Small Slimes","floor":1,"turns":5},{"damage":1,"enemies":"Cultist","floor":2,"turns":4},{"damage":12,"enemies":"Jaw Worm","floor":4,"turns":3},{"damage":0,"enemies":"2 Fungi Beasts","floor":7,"turns":3},{"damage":27,"enemies":"Gremlin Nob","floor":10,"turns":5},{"damage":10,"enemies":"3 Sentries","floor":14,"turns":7},{"damage":36,"enemies":"Slime Boss","floor":16,"turns":17},{"damage":0,"enemies":"Chosen","floor":18,"turns":5},{"damage":13,"enemies":"Spheric Guardian","floor":19,"turns":5},{"damage":0,"enemies":"Snake Plant","floor":21,"turns":3},{"damage":7,"enemies":"Sentry and Sphere","floor":22,"turns":4},{"damage":76,"enemies":"Gremlin Leader","floor":23,"turns":8},{"damage":4,"enemies":"Book of Stabbing","floor":25,"turns":5},{"damage":31,"enemies":"Cultist and Chosen","floor":29,"turns":6},{"damage":15,"enemies":"Centurion and Healer","floor":31,"turns":6},{"damage":20,"enemies":"Champ","floor":33,"turns":11},{"damage":0,"enemies":"3 Shapes","floor":35,"turns":2},{"damage":0,"enemies":"Orb Walker","floor":37,"turns":4},{"damage":28,"enemies":"Sphere and 2 Shapes","floor":38,"turns":5},{"damage":52,"enemies":"Nemesis","floor":41,"turns":5},{"damage":0,"enemies":"3 Darklings","floor":42,"turns":5},{"damage":5,"enemies":"Giant Head","floor":45,"turns":8},{"damage":0,"enemies":"4 Shapes","floor":46,"turns":2},{"damage":16,"enemies":"Writhing Mass","floor":48,"turns":4},{"damage":56,"enemies":"Awakened One","floor":50,"turns":11},{"damage":84,"enemies":"Shield and Spear","floor":54,"turns":6},{"damage":19,"enemies":"The Heart","floor":55,"turns":2}],"seed_played":"-6857834892777303219","potions_obtained":[{"floor":1,"key":"Weak Potion"},{"floor":2,"key":"Poison Potion"},{"floor":10,"key":"SkillPotion"},{"floor":18,"key":"FearPotion"},{"floor":22,"key":"SteroidPotion"},{"floor":23,"key":"Strength Potion"},{"floor":29,"key":"Energy Potion"},{"floor":35,"key":"Fruit Juice"},{"floor":45,"key":"SkillPotion"},{"floor":48,"key":"SteroidPotion"},{"floor":54,"key":"FearPotion"}],"is_trial":false,"path_per_floor":["M","M","$","M","$","R","M","R","T","E","R","?","R","E","R","B",null,"M","M","$","M","M","E","R","E","T","$","R","M","R","M","R","B",null,"M","$","M","M","?","R","E","M","T","R","E","M","R","M","R","B",null,"R","$","E","B"],"character_chosen":"IRONCLAD","items_purchased":["Warcry","Shuriken","Inflame+1","Evolve+1"],"campfire_rested":2,"item_purchase_floors":[3,20,36,53],"current_hp_per_floor":[58,63,63,57,57,57,63,63,63,42,42,42,42,38,38,8,80,80,74,74,80,79,17,41,43,43,43,43,28,28,30,54,40,80,80,80,80,63,95,95,50,56,56,56,70,76,76,66,66,33,95,95,95,17,0],"gold":38,"neow_bonus":"REMOVE_TWO","is_prod":false,"is_daily":false,"chose_seed":false,"campfire_upgraded":11,"win_rate":0,"timestamp":1552029928,"path_taken":["M","M","$","M","$","R","M","R","T","E","R","?","R","E","R","BOSS","M","M","$","M","M","E","R","E","T","$","R","M","R","M","R","BOSS","M","$","M","M","?","R","E","M","T","R","E","M","R","M","R","BOSS","R","$","E","BOSS"],"build_version":"2019-01-23","purchased_purges":3,"victory":false,"max_hp_per_floor":[80,80,80,80,80,80,80,80,80,80,80,80,80,80,80,80,80,80,80,80,80,80,80,80,80,80,80,80,80,80,80,80,80,80,80,80,80,85,95,95,95,95,95,95,95,95,95,95,95,95,95,95,95,95,95],"card_choices":[{"not_picked":["Rupture","Cleave"],"picked":"Havoc","floor":1},{"not_picked":["Cleave","Sentinel"],"picked":"Body Slam","floor":2},{"not_picked":["Pommel Strike","Anger"],"picked":"Impervious","floor":4},{"not_picked":["Flex","Clothesline"],"picked":"Ghostly Armor","floor":7},{"not_picked":["Rage","Cleave"],"picked":"Shrug It Off","floor":10},{"not_picked":["Headbutt","Second Wind"],"picked":"Flame Barrier","floor":14},{"not_picked":["Feed","Berserk+1"],"picked":"Reaper","floor":16},{"not_picked":["Power Through","Twin Strike"],"picked":"Uppercut","floor":18},{"not_picked":["Rage","Evolve+1"],"picked":"Infernal Blade","floor":19},{"not_picked":["Intimidate","True Grit"],"picked":"Heavy Blade+1","floor":21},{"not_picked":["True Grit","Thunderclap"],"picked":"Armaments+1","floor":22},{"not_picked":["Anger","Thunderclap"],"picked":"Body Slam","floor":23},{"not_picked":["Armaments","Twin Strike"],"picked":"Barricade+1","floor":25},{"not_picked":["Flex+1","Wild Strike"],"picked":"Armaments+1","floor":29},{"not_picked":["Sword Boomerang","Clash+1"],"picked":"Headbutt","floor":31},{"not_picked":["Berserk+1","Bludgeon"],"picked":"Exhume+1","floor":33},{"not_picked":["Power Through+1","Clash+1","Thunderclap+1"],"picked":"SKIP","floor":35},{"not_picked":["Flex+1","Armaments+1"],"picked":"Warcry+1","floor":37},{"not_picked":["Cleave","Thunderclap"],"picked":"Exhume+1","floor":38},{"not_picked":["Flex+1","Havoc+1","Sentinel+1"],"picked":"SKIP","floor":41},{"not_picked":["Twin Strike","Sword Boomerang"],"picked":"Flame Barrier+1","floor":42},{"not_picked":["Anger+1","Wild Strike+1"],"picked":"Immolate","floor":45},{"not_picked":["Heavy Blade+1","Warcry+1"],"picked":"Hemokinesis+1","floor":46},{"not_picked":["Intimidate+1","Sword Boomerang+1"],"picked":"Heavy Blade","floor":48},{"not_picked":["Sword Boomerang","Pummel"],"picked":"Uppercut+1","floor":54}],"player_experience":70474,"relics_obtained":[{"floor":9,"key":"Frozen Egg 2"},{"floor":10,"key":"Gambling Chip"},{"floor":14,"key":"Whetstone"},{"floor":23,"key":"Bronze Scales"},{"floor":25,"key":"Toxic Egg 2"},{"floor":41,"key":"Incense Burner"},{"floor":43,"key":"Potion Belt"},{"floor":45,"key":"Mercury Hourglass"},{"floor":54,"key":"Bag of Marbles"}],"event_choices":[{"damage_healed":0,"gold_gain":0,"player_choice":"Bought 0 Potions","damage_taken":0,"max_hp_gain":0,"max_hp_loss":0,"event_name":"The Woman in Blue","floor":12,"gold_loss":0},{"cards_removed":["Exhume"],"damage_healed":22,"gold_gain":0,"player_choice":"Offered Rare","damage_taken":0,"max_hp_gain":10,"max_hp_loss":0,"event_name":"Bonfire Elementals","floor":39,"gold_loss":0}],"is_beta":false,"boss_relics":[{"not_picked":["Orrery","Sozu"],"picked":"Velvet Choker"},{"not_picked":["Black Star","Coffee Dripper"],"picked":"Philosopher\u0027s Stone"}],"items_purged_floors":[3,36,53],"is_endless":false,"potions_floor_spawned":[1,2,10,18,22,23,29,35,45,48,54],"killed_by":"The Heart","ascension_level":4}