{"gold_per_floor":[218,108,108,126,0,0,0,34,34,54,82,4,11,22,22,22],"floor_reached":16,"playtime":1099,"items_purged":["Defend_R","Strike_R"],"score":121,"play_id":"08aec667-60be-4120-a3b8-97ccb3afd8c1","local_time":"20190311185010","is_ascension_mode":true,"campfire_choices":[{"data":"Seeing Red","floor":6,"key":"SMITH"},{"data":"Armaments","floor":15,"key":"SMITH"}],"neow_cost":"NONE","seed_source_timestamp":713188621676419,"circlet_count":0,"master_deck":["Strike_R+1","Strike_R","Strike_R","Strike_R","Defend_R","Defend_R","Defend_R+1","Bash+1","Seeing Red+1","Flex","Flex","Warcry","Shrug It Off","Metallicize","Shrug It Off","Armaments+1","Headbutt+1","Metallicize"],"relics":["Burning Blood","Oddly Smooth Stone","Vajra","Molten Egg 2"],"potions_floor_usage":[8,16],"damage_taken":[{"damage":7,"enemies":"Jaw Worm","floor":1,"turns":3},{"damage":0,"enemies":"Small Slimes","floor":4,"turns":2},{"damage":20,"enemies":"Gremlin Nob","floor":8,"turns":3},{"damage":0,"enemies":"Cultist","floor":10,"turns":3},{"damage":11,"enemies":"Lagavulin","floor":11,"turns":6},{"damage":11,"enemies":"Exordium Thugs","floor":13,"turns":4},{"damage":8,"enemies":"3 Louse","floor":14,"turns":3},{"damage":51,"enemies":"Slime Boss","floor":16,"turns":9}],"seed_played":"-1160331024762258761","potions_obtained":[{"floor":1,"key":"AttackPotion"},{"floor":13,"key":"SpeedPotion"},{"floor":14,"key":"Strength Potion"}],"is_trial":false,"path_per_floor":["M","$","?","M","$","R","?","E","T","M","E","$","M","M","R","B"],"character_chosen":"IRONCLAD","items_purchased":["Seeing Red","Flex","Shrug It Off","Armaments"],"campfire_rested":0,"item_purchase_floors":[2,5,12,12],"current_hp_per_floor":[79,79,63,69,69,69,69,55,55,61,56,56,51,49,49,0],"gold":22,"neow_bonus":"HUNDRED_GOLD","is_prod":false,"is_daily":false,"chose_seed":false,"campfire_upgraded":2,"win_rate":0,"timestamp":1552341010,"path_taken":["M","$","?","M","$","R","?","E","T","?","E","$","M","M","R","BOSS"],"build_version":"2019-01-23","purchased_purges":2,"victory":false,"max_hp_per_floor":[80,80,80,80,80,80,80,80,80,80,80,80,80,80,80,80],"card_choices":[{"not_picked":["Infernal Blade","Power Through","Anger"],"picked":"SKIP","floor":1},{"not_picked":["Pummel","Perfected Strike"],"picked":"Flex","floor":4},{"not_picked":["Rupture","Feel No Pain"],"picked":"Warcry","floor":8},{"not_picked":["Anger","Second Wind"],"picked":"Shrug It Off","floor":10},{"not_picked":["Cleave","Rampage"],"picked":"Metallicize","floor":11},{"not_picked":["Infernal Blade","Perfected Strike+1"],"picked":"Headbutt+1","floor":13},{"not_picked":["Carnage+1","Twin Strike+1"],"picked":"Metallicize","floor":14}],"player_experience":163497,"relics_obtained":[{"floor":8,"key":"Oddly Smooth Stone"},{"floor":9,"key":"Vajra"},{"floor":11,"key":"Molten Egg 2"}],"event_choices":[{"damage_healed":0,"gold_gain":0,"player_choice":"Entered Light","damage_taken":16,"max_hp_gain":0,"max_hp_loss":0,"event_name":"Shining Light","floor":3,"gold_loss":0,"cards_upgraded":["Strike_R","Defend_R"]},{"damage_healed":0,"gold_gain":0,"player_choice":"Upgraded","damage_taken":0,"max_hp_gain":0,"max_hp_loss":0,"event_name":"Upgrade Shrine","floor":7,"gold_loss":0,"cards_upgraded":["Bash"]}],"is_beta":false,"boss_relics":[],"items_purged_floors":[2,5],"is_endless":false,"potions_floor_spawned":[1,13,14],"killed_by":"Slime Boss","ascension_level":2}