{"gold_per_floor":[119,44,44,62,62,62,62,97,97,115,115,180,180,212,212,283,283,296,306,306,5,23,48,48,83,83,83,97,114,114,139,139,213,213,228,228],"floor_reached":36,"playtime":1849,"items_purged":["Strike_R"],"score":801,"play_id":"eb69be4e-4e94-4d01-a210-e189f3708dbe","local_time":"20190217102110","is_ascension_mode":true,"campfire_choices":[{"data":"Bash","floor":6,"key":"SMITH"},{"data":"Body Slam","floor":11,"key":"SMITH"},{"data":"Cleave","floor":13,"key":"SMITH"},{"data":"Immolate","floor":15,"key":"SMITH"},{"floor":24,"key":"REST"},{"floor":27,"key":"REST"},{"data":"Armaments","floor":32,"key":"SMITH"}],"neow_cost":"NONE","seed_source_timestamp":150446880465117,"circlet_count":0,"master_deck":["AscendersBane","Defend_R","Defend_R","Defend_R","Defend_R","Bash+1","Shrug It Off","Shrug It Off","Shrug It Off","Body Slam+1","Cleave+1","Immolate+1","Fiend Fire","True Grit","Body Slam+1","Body Slam","Entrench","Feel No Pain+1","Metallicize","Armaments+1","Berserk","Dual Wield"],"relics":["Burning Blood","NeowsBlessing","Pantograph","Mercury Hourglass","Darkstone Periapt","Blood Vial","PreservedInsect","Empty Cage","Oddly Smooth Stone","FossilizedHelix","Juzu Bracelet","StoneCalendar","Strawberry","Sozu"],"potions_floor_usage":[12,22,25,29,33,33,33],"damage_taken":[{"damage":0,"enemies":"Jaw Worm","floor":1,"turns":1},{"damage":0,"enemies":"2 Louse","floor":4,"turns":1},{"damage":0,"enemies":"Lagavulin","floor":8,"turns":1},{"damage":3,"enemies":"Cultist","floor":10,"turns":4},{"damage":12,"enemies":"3 Sentries","floor":12,"turns":6},{"damage":26,"enemies":"Gremlin Nob","floor":14,"turns":4},{"damage":42,"enemies":"Slime Boss","floor":16,"turns":7},{"damage":14,"enemies":"2 Thieves","floor":18,"turns":3},{"damage":30,"enemies":"Shell Parasite","floor":19,"turns":7},{"damage":0,"enemies":"Centurion and Healer","floor":22,"turns":5},{"damage":38,"enemies":"Book of Stabbing","floor":23,"turns":6},{"damage":31,"enemies":"Gremlin Leader","floor":25,"turns":6},{"damage":0,"enemies":"Cultist and Chosen","floor":28,"turns":5},{"damage":17,"enemies":"Snake Plant","floor":29,"turns":4},{"damage":45,"enemies":"Collector","floor":33,"turns":10},{"damage":38,"enemies":"Orb Walker","floor":35,"turns":4},{"damage":53,"enemies":"3 Darklings","floor":36,"turns":5}],"seed_played":"-5106177497774190912","potions_obtained":[{"floor":1,"key":"SpeedPotion"},{"floor":16,"key":"AttackPotion"},{"floor":18,"key":"Block Potion"},{"floor":25,"key":"Fire Potion"},{"floor":29,"key":"AttackPotion"},{"floor":30,"key":"EntropicBrew"}],"is_trial":false,"path_per_floor":["M","?","?","M","T","R","$","E","T","M","R","?","R","E","R","B",null,"M","M","?","$","M","E","R","E","T","R","M","M","?","T","R","B",null,"M","M"],"character_chosen":"IRONCLAD","items_purchased":["Oddly Smooth Stone","Body Slam"],"campfire_rested":2,"item_purchase_floors":[21,21],"current_hp_per_floor":[74,74,74,75,75,75,75,75,75,75,75,69,69,51,51,39,66,60,38,38,38,46,16,38,15,15,37,45,36,36,43,43,31,69,39,0],"gold":228,"neow_bonus":"THREE_ENEMY_KILL","is_prod":false,"is_daily":false,"chose_seed":false,"campfire_upgraded":5,"win_rate":0,"timestamp":1550424070,"path_taken":["M","?","?","?","?","R","?","E","T","M","R","?","R","E","R","BOSS","M","M","?","$","M","E","R","E","T","R","M","M","?","?","R","BOSS","M","M"],"build_version":"2019-01-23","purchased_purges":1,"victory":false,"max_hp_per_floor":[75,75,75,75,75,75,75,75,75,75,75,75,75,75,75,75,75,75,75,75,75,75,75,75,75,75,75,75,75,75,82,82,82,82,82,82],"card_choices":[{"not_picked":["Shockwave","Pommel Strike"],"picked":"Shrug It Off","floor":1},{"not_picked":["Battle Trance","Pommel Strike"],"picked":"Shrug It Off","floor":4},{"not_picked":["Carnage","Combust"],"picked":"Shrug It Off","floor":8},{"not_picked":["Anger","Evolve"],"picked":"Body Slam","floor":10},{"not_picked":["Headbutt","Bludgeon"],"picked":"Cleave","floor":12},{"not_picked":["Infernal Blade","Flex"],"picked":"Immolate","floor":14},{"not_picked":["Double Tap","Limit Break"],"picked":"Fiend Fire","floor":16},{"not_picked":["Cleave","Corruption"],"picked":"True Grit","floor":18},{"not_picked":["Burning Pact","Shockwave+1"],"picked":"Body Slam","floor":19},{"not_picked":["Armaments","Wild Strike"],"picked":"Entrench","floor":22},{"not_picked":["Warcry","Iron Wave"],"picked":"Feel No Pain+1","floor":23},{"not_picked":["Bloodletting","Flex"],"picked":"Metallicize","floor":25},{"not_picked":["Clothesline+1","Armaments","Blood for Blood"],"picked":"SKIP","floor":28},{"not_picked":["Clothesline+1","Blood for Blood"],"picked":"Armaments","floor":28},{"not_picked":["Warcry","Limit Break","Inflame"],"picked":"SKIP","floor":29},{"not_picked":["Fiend Fire","Exhume"],"picked":"Berserk","floor":33},{"not_picked":["Anger+1","Carnage+1"],"picked":"Dual Wield","floor":35}],"player_experience":1138151,"relics_obtained":[{"floor":5,"key":"Pantograph"},{"floor":8,"key":"Mercury Hourglass"},{"floor":9,"key":"Darkstone Periapt"},{"floor":12,"key":"Blood Vial"},{"floor":14,"key":"PreservedInsect"},{"floor":23,"key":"FossilizedHelix"},{"floor":25,"key":"Juzu Bracelet"},{"floor":26,"key":"StoneCalendar"},{"floor":31,"key":"Strawberry"}],"event_choices":[{"cards_removed":["Strike_R"],"damage_healed":0,"gold_gain":0,"player_choice":"Card Removal","damage_taken":0,"max_hp_gain":0,"max_hp_loss":0,"event_name":"The Cleric","floor":2,"gold_loss":75},{"cards_removed":["Strike_R"],"damage_healed":0,"gold_gain":0,"player_choice":"Offered Basic","damage_taken":0,"max_hp_gain":0,"max_hp_loss":0,"event_name":"Bonfire Elementals","floor":3,"gold_loss":0},{"damage_healed":0,"gold_gain":30,"player_choice":"Searched \u00273\u0027 times","damage_taken":0,"max_hp_gain":0,"max_hp_loss":0,"event_name":"Dead Adventurer","floor":12,"gold_loss":0},{"damage_healed":0,"gold_gain":0,"player_choice":"Upgraded","damage_taken":0,"max_hp_gain":0,"max_hp_loss":0,"event_name":"Upgrade Shrine","floor":20,"gold_loss":0,"cards_upgraded":["Body Slam"]},{"damage_healed":0,"gold_gain":0,"player_choice":"Got Potions","damage_taken":0,"max_hp_gain":0,"max_hp_loss":0,"event_name":"Lab","floor":30,"gold_loss":0}],"is_beta":false,"boss_relics":[{"not_picked":["Black Blood","Lizard Tail"],"picked":"Empty Cage"},{"not_picked":["Runic Pyramid","Runic Cube"],"picked":"Sozu"}],"items_purged_floors":[21],"is_endless":false,"potions_floor_spawned":[1,16,18,25,29,35],"killed_by":"3 Darklings","ascension_level":17}