{"gold_per_floor":[113,38,38,57,69,69,31,31,54,79,79,79,97,112,112,184,184,204,204,0,0,13,13,48,48,122,136,136,136],"floor_reached":29,"playtime":1574,"items_purged":[],"score":422,"play_id":"a1898a27-b7a0-4a63-8229-1447741a8efe","local_time":"20190208212117","is_ascension_mode":true,"campfire_choices":[{"data":"Genetic Algorithm","floor":6,"key":"SMITH"},{"data":"Sunder","floor":8,"key":"SMITH"},{"data":"Zap","floor":12,"key":"SMITH"},{"data":"Buffer","floor":15,"key":"SMITH"},{"data":"Dualcast","floor":23,"key":"SMITH"},{"floor":28,"key":"REST"}],"neow_cost":"NONE","seed_source_timestamp":1823128642692623,"circlet_count":0,"master_deck":["AscendersBane","Strike_B","Strike_B","Strike_B","Defend_B","Defend_B","Defend_B","Defend_B","Zap+1","Dualcast+1","Self Repair","Ball Lightning","Genetic Algorithm+1","Sunder+1","Go for the Eyes","Beam Cell","Buffer+1","Buffer","Sweeping Beam","Clumsy","Buffer+1","Clumsy","Recycle+1","Capacitor","Clumsy","Scrape"],"relics":["Cracked Core","Lantern","DataDisk","Cursed Key","Ornamental Fan","DollysMirror","Toxic Egg 2","Pantograph","Singing Bowl"],"potions_floor_usage":[10,16,16,22,27],"damage_taken":[{"damage":2,"enemies":"Jaw Worm","floor":1,"turns":3},{"damage":7,"enemies":"2 Louse","floor":4,"turns":3},{"damage":1,"enemies":"Cultist","floor":5,"turns":4},{"damage":30,"enemies":"Lagavulin","floor":10,"turns":5},{"damage":7,"enemies":"Exordium Wildlife","floor":13,"turns":3},{"damage":0,"enemies":"Red Slaver","floor":14,"turns":1},{"damage":36,"enemies":"The Guardian","floor":16,"turns":10},{"damage":7,"enemies":"2 Thieves","floor":18,"turns":4},{"damage":0,"enemies":"Chosen","floor":22,"turns":5},{"damage":30,"enemies":"Gremlin Leader","floor":24,"turns":10},{"damage":15,"enemies":"Shelled Parasite and Fungi","floor":27,"turns":9},{"damage":46,"enemies":"Book of Stabbing","floor":29,"turns":5}],"seed_played":"1071356228317814656","potions_obtained":[{"floor":4,"key":"Poison Potion"},{"floor":13,"key":"Weak Potion"},{"floor":14,"key":"GamblersBrew"},{"floor":16,"key":"Block Potion"},{"floor":18,"key":"Dexterity Potion"}],"is_trial":false,"path_per_floor":["M","?","?","M","M","R","$","R","T","E","?","R","M","M","R","B",null,"M","T","$","T","M","R","E","?","T","M","R","E"],"character_chosen":"DEFECT","items_purchased":["Sunder","DollysMirror"],"campfire_rested":1,"item_purchase_floors":[7,20],"current_hp_per_floor":[62,62,81,81,81,81,81,81,81,51,51,51,51,51,51,22,66,66,66,66,66,73,73,50,27,27,19,44,0],"gold":136,"neow_bonus":"ONE_RANDOM_RARE_CARD","is_prod":false,"is_daily":false,"chose_seed":false,"campfire_upgraded":5,"win_rate":0,"timestamp":1549686077,"path_taken":["M","?","?","M","?","R","$","R","T","E","?","R","M","?","R","BOSS","M","?","$","?","M","R","E","?","T","M","R","E"],"build_version":"2019-01-23","purchased_purges":0,"victory":false,"max_hp_per_floor":[71,71,81,81,81,81,81,81,81,81,81,81,81,81,81,81,81,81,81,81,81,81,81,81,86,86,86,86,86],"card_choices":[{"not_picked":["Ball Lightning","Hologram"],"picked":"Self Repair","floor":1},{"not_picked":["Steam","Rebound"],"picked":"Ball Lightning","floor":4},{"not_picked":["Reprogram","Force Field"],"picked":"Genetic Algorithm","floor":5},{"not_picked":["Steam","Ball Lightning"],"picked":"Go for the Eyes","floor":10},{"not_picked":["Chaos","Cold Snap"],"picked":"Beam Cell","floor":13},{"not_picked":["Gash","Hello World"],"picked":"Buffer","floor":14},{"not_picked":["Amplify","Echo Form"],"picked":"Buffer","floor":16},{"not_picked":["Streamline","Conserve Battery"],"picked":"Sweeping Beam","floor":18},{"not_picked":["Steam+1","Steam Power+1"],"picked":"Recycle+1","floor":22},{"not_picked":["Stack+1","Consume+1"],"picked":"Capacitor","floor":24},{"not_picked":["Sweeping Beam+1","Heatsinks+1"],"picked":"Scrape","floor":27}],"player_experience":1008632,"relics_obtained":[{"floor":9,"key":"Lantern"},{"floor":10,"key":"DataDisk"},{"floor":19,"key":"Ornamental Fan"},{"floor":21,"key":"Toxic Egg 2"},{"floor":24,"key":"Pantograph"},{"floor":26,"key":"Singing Bowl"}],"event_choices":[{"cards_removed":["Strike_B"],"damage_healed":0,"gold_gain":0,"player_choice":"Card Removal","damage_taken":0,"max_hp_gain":0,"max_hp_loss":0,"event_name":"The Cleric","floor":2,"gold_loss":75},{"cards_removed":["Meteor Strike"],"damage_healed":9,"gold_gain":0,"player_choice":"Offered Rare","damage_taken":0,"max_hp_gain":10,"max_hp_loss":0,"event_name":"Bonfire Elementals","floor":3,"gold_loss":0},{"damage_healed":0,"gold_gain":0,"player_choice":"0 cards matched","damage_taken":0,"max_hp_gain":0,"max_hp_loss":0,"event_name":"Match and Keep!","floor":11,"gold_loss":0,"cards_obtained":[]},{"damage_healed":0,"gold_gain":0,"player_choice":"Shed Blood","damage_taken":28,"max_hp_gain":5,"max_hp_loss":0,"event_name":"Forgotten Altar","floor":25,"gold_loss":0}],"is_beta":false,"boss_relics":[{"not_picked":["Black Star","Philosopher\u0027s Stone"],"picked":"Cursed Key"}],"items_purged_floors":[],"is_endless":false,"potions_floor_spawned":[4,13,14,16,18],"killed_by":"Book of Stabbing","ascension_level":15}