{"path_per_floor":["M","M","$","?","M","E","M","E","T","M","R","E","R","M","R","B",null,"M","M","$","?","?","R","E","R","T","E","?","R","$","M","R"],"character_chosen":"DEFECT","items_purchased":["Gash","Whetstone","Bottled Flame"],"gold_per_floor":[111,130,29,29,49,77,87,119,119,136,136,165,165,185,185,282,282,297,312,55,55,155,155,181,181,233,261,261,261,10,24,24,24],"floor_reached":33,"campfire_rested":6,"playtime":2251,"item_purchase_floors":[3,20,30],"current_hp_per_floor":[75,74,74,59,54,31,31,15,15,17,39,18,40,40,62,44,75,70,72,72,72,72,72,37,59,59,38,38,63,63,20,45,0],"items_purged":["Strike_B","Strike_B"],"gold":24,"score":318,"play_id":"fc183482-a7a6-4300-9b1f-c5cd1c12e5c3","local_time":"20180531233847","is_prod":false,"is_daily":false,"chose_seed":false,"is_ascension_mode":true,"campfire_upgraded":1,"win_rate":0.0,"timestamp":1527831527,"campfire_choices":[{"floor":11,"key":"REST"},{"floor":13,"key":"REST"},{"floor":15,"key":"REST"},{"data":"Genetic Algorithm","floor":23,"key":"SMITH"},{"floor":25,"key":"REST"},{"floor":29,"key":"REST"},{"floor":32,"key":"REST"}],"path_taken":["M","M","$","?","M","E","?","E","T","M","R","E","R","M","R","BOSS","M","M","$","?","?","R","E","R","T","E","?","R","$","M","R","BOSS"],"build_version":"2018-05-31","seed_source_timestamp":106160945033044,"purchased_purges":2,"victory":false,"master_deck":["Strike_B","Defend_B","Defend_B+1","Defend_B","Defend_B","Zap","Dualcast+1","BootSequence","Go for the Eyes+1","Gash+1","Tempest","Force Field","BootSequence","Genetic Algorithm+1","Sweeping Beam+1","Creative AI+1","Cold Snap+1","Amplify","Melter+1","BootSequence","Self Repair+1","Thunder Strike+1"],"max_hp_per_floor":[75,75,75,75,75,75,75,75,75,75,75,75,75,75,75,75,75,75,75,75,75,75,75,75,75,75,85,85,85,85,85,85,85],"relics":["Cracked Core","Frozen Egg 2","Blood Vial","Molten Egg 2","Dodecahedron","Nuclear Battery","Whetstone","Omamori","Lantern","Pear","Bottled Flame"],"card_choices":[{"not_picked":["Chaos","Compile Driver"],"picked":"BootSequence","floor":1},{"not_picked":["Hologram","Stack"],"picked":"Go for the Eyes","floor":2},{"not_picked":["Barrage","Conserve Battery"],"picked":"Tempest","floor":5},{"not_picked":["Aggregate","Ball Lightning"],"picked":"Force Field","floor":6},{"not_picked":["Compile Driver","Force Field"],"picked":"BootSequence","floor":7},{"not_picked":["Gash","Beam Cell"],"picked":"Genetic Algorithm","floor":8},{"not_picked":["Steam","Leap"],"picked":"Sweeping Beam+1","floor":10},{"not_picked":["Cold Snap+1","Machine Learning+1"],"picked":"Creative AI+1","floor":12},{"not_picked":["Stack","Hologram"],"picked":"Cold Snap+1","floor":14},{"not_picked":["Rainbow","Biased Cognition+1"],"picked":"Amplify","floor":16},{"not_picked":["Heatsinks+1","Glacier"],"picked":"Melter+1","floor":18},{"not_picked":["Hologram+1","Loop+1"],"picked":"BootSequence","floor":19},{"not_picked":["Gash+1","Glacier"],"picked":"Self Repair+1","floor":24},{"not_picked":["Go for the Eyes+1","Hologram+1","Cold Snap+1"],"picked":"SKIP","floor":27},{"not_picked":["Ball Lightning+1","Auto Shields+1"],"picked":"Thunder Strike+1","floor":31}],"player_experience":842762,"potions_floor_usage":[16,16,24,24,27,33,33],"damage_taken":[{"damage":0,"enemies":"2 Louse","floor":1,"turns":1},{"damage":1,"enemies":"Cultist","floor":2,"turns":4},{"damage":5,"enemies":"Jaw Worm","floor":5,"turns":3},{"damage":23,"enemies":"Gremlin Nob","floor":6,"turns":5},{"damage":0,"enemies":"Exordium Wildlife","floor":7,"turns":4},{"damage":16,"enemies":"3 Sentries","floor":8,"turns":7},{"damage":0,"enemies":"3 Louse","floor":10,"turns":3},{"damage":23,"enemies":"Lagavulin","floor":12,"turns":6},{"damage":2,"enemies":"Looter","floor":14,"turns":3},{"damage":20,"enemies":"The Guardian","floor":16,"turns":11},{"damage":5,"enemies":"Shell Parasite","floor":18,"turns":8},{"damage":0,"enemies":"Spheric Guardian","floor":19,"turns":1},{"damage":37,"enemies":"Gremlin Leader","floor":24,"turns":10},{"damage":43,"enemies":"Book of Stabbing","floor":27,"turns":9},{"damage":45,"enemies":"Cultist and Chosen","floor":31,"turns":7},{"damage":57,"enemies":"Champ","floor":33,"turns":10}],"relics_obtained":[{"floor":6,"key":"Frozen Egg 2"},{"floor":8,"key":"Blood Vial"},{"floor":9,"key":"Molten Egg 2"},{"floor":12,"key":"Dodecahedron"},{"floor":24,"key":"Omamori"},{"floor":26,"key":"Lantern"},{"floor":27,"key":"Pear"}],"event_choices":[{"event_name":"Shining Light","player_choice":"Entered Light","floor":4,"damage_taken":0},{"event_name":"Drug Dealer","player_choice":"Ignored","floor":21,"damage_taken":0},{"event_name":"Golden Shrine","player_choice":"Pray","floor":22,"damage_taken":0},{"event_name":"Back to Basics","player_choice":"Elegance","floor":28,"damage_taken":0}],"boss_relics":[{"not_picked":["Cursed Key","Snecko Eye"],"picked":"Nuclear Battery"}],"items_purged_floors":[3,20],"potions_floor_spawned":[1,6,10,12,14,16,18,27,31],"seed_played":"7347150995377415139","killed_by":"Champ","ascension_level":1,"potions_obtained":[{"floor":1,"key":"LiquidBronze"},{"floor":6,"key":"Poison Potion"},{"floor":10,"key":"SkillPotion"},{"floor":12,"key":"Fire Potion"},{"floor":16,"key":"Weak Potion"},{"floor":18,"key":"Weak Potion"},{"floor":27,"key":"SteroidPotion"},{"floor":31,"key":"Energy Potion"}],"is_trial":false}