{"gold_per_floor":[117,117,129,129,129,129,54,54,105,105,30,61,20,48,48,124,124,141,158,188,205,205,205,255,274,274,274,286,306,306,306],"floor_reached":31,"playtime":1207,"items_purged":["Strike_R"],"score":519,"play_id":"e51b7dc2-6b54-4385-b840-c1ed7e33d075","local_time":"20190301002210","is_ascension_mode":true,"campfire_choices":[{"data":"Double Tap","floor":6,"key":"SMITH"},{"data":"Bash","floor":8,"key":"SMITH"},{"data":"Reckless Charge","floor":10,"key":"SMITH"},{"floor":15,"key":"DIG"},{"floor":23,"key":"DIG"},{"floor":27,"key":"REST"},{"floor":30,"key":"REST"}],"neow_cost":"NONE","seed_source_timestamp":538803627127952,"circlet_count":0,"master_deck":["AscendersBane","Bash+1","Reckless Charge+1","Double Tap+1","Whirlwind","Infernal Blade","Barricade","Rupture","Headbutt","Wild Strike","True Grit","Second Wind","Burning Pact","Shrug It Off","Inflame+1","Writhe","Thunderclap+1","Clash","Power Through"],"relics":["Burning Blood","NeowsBlessing","Pen Nib","Red Skull","Shovel","Magic Flower","Potion Belt","Pandora\u0027s Box","Tiny Chest","Bag of Marbles","Bag of Preparation"],"potions_floor_usage":[14,16,31,31],"damage_taken":[{"damage":0,"enemies":"Jaw Worm","floor":1,"turns":1},{"damage":0,"enemies":"Cultist","floor":3,"turns":1},{"damage":0,"enemies":"3 Sentries","floor":12,"turns":2},{"damage":20,"enemies":"Lagavulin","floor":14,"turns":3},{"damage":24,"enemies":"The Guardian","floor":16,"turns":7},{"damage":11,"enemies":"2 Thieves","floor":18,"turns":4},{"damage":23,"enemies":"Chosen","floor":19,"turns":5},{"damage":29,"enemies":"Centurion and Healer","floor":21,"turns":3},{"damage":21,"enemies":"3 Cultists","floor":25,"turns":5},{"damage":22,"enemies":"Cultist and Chosen","floor":28,"turns":4},{"damage":33,"enemies":"Snake Plant","floor":29,"turns":3},{"damage":67,"enemies":"Slavers","floor":31,"turns":3}],"seed_played":"-3388621627890010543","potions_obtained":[{"floor":1,"key":"SkillPotion"},{"floor":2,"key":"Energy Potion"},{"floor":28,"key":"Regen Potion"},{"floor":29,"key":"SkillPotion"}],"is_trial":false,"path_per_floor":["M","?","M","?","?","R","$","R","T","R","?","E","$","E","R","B",null,"M","M","?","M","?","R","?","M","T","R","M","M","R","E"],"character_chosen":"IRONCLAD","items_purchased":["Infernal Blade"],"campfire_rested":2,"item_purchase_floors":[13],"current_hp_per_floor":[74,74,75,75,57,57,57,57,57,57,57,63,63,49,49,34,65,63,49,49,29,44,44,44,32,32,54,41,17,39,0],"gold":306,"neow_bonus":"THREE_ENEMY_KILL","is_prod":false,"is_daily":false,"chose_seed":false,"campfire_upgraded":3,"win_rate":0,"timestamp":1551424930,"path_taken":["M","?","?","?","?","R","$","R","T","R","?","E","?","E","R","BOSS","M","M","?","M","?","R","?","M","T","R","?","M","R","E"],"build_version":"2019-01-23","purchased_purges":1,"victory":false,"max_hp_per_floor":[75,75,75,75,75,75,75,75,75,75,75,75,75,75,75,75,75,75,75,75,75,75,75,75,75,75,75,75,75,75,75],"card_choices":[{"not_picked":["Clothesline","Havoc"],"picked":"Reckless Charge","floor":1},{"not_picked":["Shrug It Off","Cleave"],"picked":"Double Tap","floor":3},{"not_picked":["Clash","Sword Boomerang"],"picked":"Whirlwind","floor":12},{"not_picked":["Heavy Blade","Warcry","Sword Boomerang"],"picked":"SKIP","floor":14},{"not_picked":["Bludgeon","Fiend Fire"],"picked":"Barricade","floor":16},{"not_picked":["Infernal Blade","True Grit"],"picked":"Shrug It Off","floor":18},{"not_picked":["Perfected Strike","Second Wind"],"picked":"Inflame+1","floor":19},{"not_picked":["Clothesline","Sword Boomerang"],"picked":"Thunderclap+1","floor":21},{"not_picked":["Armaments","Searing Blow"],"picked":"Clash","floor":25},{"not_picked":["Heavy Blade","Wild Strike","Bludgeon"],"picked":"SKIP","floor":28},{"not_picked":["Sever Soul","Sword Boomerang"],"picked":"Power Through","floor":29}],"player_experience":1295727,"relics_obtained":[{"floor":9,"key":"Red Skull"},{"floor":12,"key":"Shovel"},{"floor":14,"key":"Magic Flower"},{"floor":15,"key":"Potion Belt"},{"floor":23,"key":"Bag of Marbles"},{"floor":26,"key":"Bag of Preparation"}],"event_choices":[{"damage_healed":0,"gold_gain":0,"player_choice":"Got Potions","damage_taken":0,"max_hp_gain":0,"max_hp_loss":0,"event_name":"Lab","floor":2,"gold_loss":0},{"cards_removed":["Strike_R"],"damage_healed":0,"gold_gain":0,"player_choice":"Forget","damage_taken":0,"max_hp_gain":0,"max_hp_loss":0,"event_name":"Living Wall","floor":4,"gold_loss":0},{"damage_healed":0,"gold_gain":0,"player_choice":"Success","damage_taken":18,"relics_obtained":["Pen Nib"],"max_hp_gain":0,"max_hp_loss":0,"event_name":"Scrap Ooze","floor":5,"gold_loss":0},{"cards_removed":["Strike_R"],"damage_healed":0,"gold_gain":0,"player_choice":"Card Removal","damage_taken":0,"max_hp_gain":0,"max_hp_loss":0,"event_name":"The Cleric","floor":11,"gold_loss":75},{"damage_healed":0,"gold_gain":0,"player_choice":"Opened","damage_taken":0,"relics_obtained":["Tiny Chest"],"max_hp_gain":0,"max_hp_loss":0,"event_name":"The Mausoleum","floor":20,"gold_loss":0,"cards_obtained":["Writhe"]},{"damage_healed":15,"gold_gain":0,"player_choice":"Heal","damage_taken":0,"max_hp_gain":0,"max_hp_loss":0,"event_name":"The Library","floor":22,"gold_loss":0},{"damage_healed":0,"gold_gain":50,"player_choice":"Stole From Cult","damage_taken":0,"max_hp_gain":0,"max_hp_loss":0,"event_name":"Nest","floor":24,"gold_loss":0}],"is_beta":false,"boss_relics":[{"not_picked":["Empty Cage","Calling Bell"],"picked":"Pandora\u0027s Box"}],"items_purged_floors":[7],"is_endless":false,"potions_floor_spawned":[1,3,28,29],"killed_by":"Slavers","ascension_level":19}