{"gold_per_floor":[116,116,116,191,201,201,226,226,253,253,287,304,38,48,48,122,422,433,433],"floor_reached":19,"playtime":1075,"items_purged":["Strike_R"],"score":500,"play_id":"c2fbad12-6da1-497d-9c60-1db912001b4f","local_time":"20190302175123","is_ascension_mode":true,"campfire_choices":[{"data":"Second Wind","floor":6,"key":"SMITH"},{"data":"Rampage","floor":8,"key":"SMITH"},{"data":"Bash","floor":10,"key":"SMITH"},{"data":"Chrysalis","floor":15,"key":"SMITH"}],"neow_cost":"NONE","seed_source_timestamp":88622677246911,"circlet_count":0,"master_deck":["AscendersBane","Strike_R","Strike_R","Strike_R","Strike_R","Defend_R","Defend_R","Defend_R","Bash+1","Clash","Regret","Second Wind+1","Rampage+1","Feel No Pain","Headbutt","Chrysalis+1","Pommel Strike","Immolate","Writhe","Normality","Clumsy","Sentinel+1"],"relics":["Burning Blood","NeowsBlessing","Ginger","Ornamental Fan","Bag of Marbles","Sundial","Calling Bell","Potion Belt","Kunai","Old Coin"],"potions_floor_usage":[11,16,18],"damage_taken":[{"damage":0,"enemies":"Cultist","floor":1,"turns":1},{"damage":0,"enemies":"2 Louse","floor":5,"turns":1},{"damage":0,"enemies":"Gremlin Nob","floor":7,"turns":1},{"damage":30,"enemies":"Lagavulin","floor":11,"turns":5},{"damage":12,"enemies":"Small Slimes","floor":12,"turns":4},{"damage":8,"enemies":"Exordium Wildlife","floor":14,"turns":3},{"damage":35,"enemies":"The Guardian","floor":16,"turns":9},{"damage":51,"enemies":"Shell Parasite","floor":18,"turns":8},{"damage":13,"enemies":"3 Byrds","floor":19,"turns":2}],"seed_played":"3425196832967380604","potions_obtained":[{"floor":7,"key":"PowerPotion"},{"floor":12,"key":"SteroidPotion"},{"floor":14,"key":"Weak Potion"}],"is_trial":false,"path_per_floor":["M","?","?","?","M","R","E","R","T","R","E","M","$","M","R","B",null,"M","M"],"character_chosen":"IRONCLAD","items_purchased":["Chrysalis"],"campfire_rested":0,"item_purchase_floors":[13],"current_hp_per_floor":[74,67,67,56,62,62,68,68,68,68,44,38,38,36,36,7,58,13,0],"gold":433,"neow_bonus":"THREE_ENEMY_KILL","is_prod":false,"is_daily":false,"chose_seed":false,"campfire_upgraded":4,"win_rate":0,"timestamp":1551574283,"path_taken":["M","?","?","?","?","R","E","R","T","R","E","M","$","M","R","BOSS","M","?"],"build_version":"2019-01-23","purchased_purges":1,"victory":false,"max_hp_per_floor":[75,75,75,75,75,75,75,75,75,75,75,75,75,75,75,75,75,75,75],"card_choices":[{"not_picked":["Perfected Strike","Fire Breathing"],"picked":"Clash","floor":1},{"not_picked":["Entrench","True Grit"],"picked":"Second Wind","floor":5},{"not_picked":["Sever Soul","True Grit"],"picked":"Rampage","floor":7},{"not_picked":["Sword Boomerang","Dual Wield"],"picked":"Feel No Pain","floor":11},{"not_picked":["Shrug It Off","Whirlwind"],"picked":"Headbutt","floor":12},{"not_picked":["True Grit","Corruption"],"picked":"Pommel Strike","floor":14},{"not_picked":["Demon Form","Reaper"],"picked":"Immolate","floor":16},{"not_picked":["Body Slam","Fire Breathing"],"picked":"Sentinel+1","floor":18}],"player_experience":1326839,"relics_obtained":[{"floor":7,"key":"Ornamental Fan"},{"floor":9,"key":"Bag of Marbles"},{"floor":11,"key":"Sundial"},{"floor":17,"key":"Potion Belt"},{"floor":17,"key":"Kunai"},{"floor":17,"key":"Old Coin"}],"event_choices":[{"cards_removed":["Defend_R"],"damage_healed":0,"gold_gain":0,"player_choice":"Card Removal","damage_taken":7,"max_hp_gain":0,"max_hp_loss":0,"event_name":"Golden Wing","floor":2,"gold_loss":0},{"damage_healed":0,"gold_gain":0,"player_choice":"Box","damage_taken":0,"relics_obtained":["Ginger"],"max_hp_gain":0,"max_hp_loss":0,"event_name":"Big Fish","floor":3,"gold_loss":0,"cards_obtained":["Regret"]},{"damage_healed":0,"gold_gain":75,"player_choice":"Gather Gold","damage_taken":11,"max_hp_gain":0,"max_hp_loss":0,"event_name":"World of Goop","floor":4,"gold_loss":0}],"is_beta":false,"boss_relics":[{"not_picked":["Sozu","Pandora\u0027s Box"],"picked":"Calling Bell"}],"items_purged_floors":[13],"is_endless":false,"potions_floor_spawned":[7,12,14],"killed_by":"3 Byrds","ascension_level":20}