{"gold_per_floor":[111,111,111,36,49,66,66,92,116,127,127,158,170,188,188,265,265,284,295,306,323,341,341,341],"floor_reached":24,"playtime":1539,"items_purged":["Regret"],"score":424,"play_id":"ef934d4f-3d95-4673-b51d-705cb45ff927","local_time":"20190311203506","is_ascension_mode":true,"campfire_choices":[{"data":"Uppercut","floor":7,"key":"SMITH"},{"floor":11,"key":"REST"},{"data":"Heavy Blade","floor":15,"key":"SMITH"},{"floor":23,"key":"REST"}],"neow_cost":"NONE","seed_source_timestamp":417298275862886,"circlet_count":0,"master_deck":["AscendersBane","Strike_R","Strike_R","Strike_R+1","Strike_R","Strike_R","Defend_R","Defend_R","Defend_R","Defend_R","Bash+1","Uppercut+1","Inflame","Inflame","Shrug It Off","Shrug It Off","Ghostly Armor","Intimidate","Heavy Blade+1","Fiend Fire","Iron Wave+1","Inflame","Thunderclap","Flame Barrier","True Grit+1"],"relics":["Burning Blood","Bronze Scales","Lantern","Boot","Whetstone","Art of War","Torii","Mark of Pain"],"potions_floor_usage":[10,12,19,22,24],"damage_taken":[{"damage":7,"enemies":"Small Slimes","floor":1,"turns":4},{"damage":3,"enemies":"2 Louse","floor":5,"turns":3},{"damage":6,"enemies":"Cultist","floor":6,"turns":3},{"damage":20,"enemies":"Lagavulin","floor":8,"turns":5},{"damage":16,"enemies":"Gremlin Gang","floor":10,"turns":3},{"damage":44,"enemies":"Gremlin Nob","floor":12,"turns":5},{"damage":1,"enemies":"Red Slaver","floor":13,"turns":4},{"damage":1,"enemies":"Large Slime","floor":14,"turns":7},{"damage":22,"enemies":"The Guardian","floor":16,"turns":8},{"damage":10,"enemies":"Chosen","floor":18,"turns":4},{"damage":0,"enemies":"Spheric Guardian","floor":19,"turns":3},{"damage":10,"enemies":"Centurion and Healer","floor":20,"turns":5},{"damage":31,"enemies":"3 Cultists","floor":21,"turns":5},{"damage":19,"enemies":"Snecko","floor":22,"turns":5},{"damage":51,"enemies":"Gremlin Leader","floor":24,"turns":5}],"seed_played":"-8943536202123681183","potions_obtained":[{"floor":1,"key":"PowerPotion"},{"floor":8,"key":"PowerPotion"},{"floor":13,"key":"Swift Potion"},{"floor":16,"key":"Strength Potion"},{"floor":18,"key":"PowerPotion"},{"floor":22,"key":"Swift Potion"}],"is_trial":false,"path_per_floor":["M","?","?","$","M","M","R","E","T","M","R","E","M","M","R","B",null,"M","M","M","M","M","R","E"],"character_chosen":"IRONCLAD","items_purchased":[],"campfire_rested":2,"item_purchase_floors":[],"current_hp_per_floor":[67,67,67,67,70,70,70,56,56,46,68,30,35,40,40,24,62,58,64,60,35,22,44,0],"gold":341,"neow_bonus":"RANDOM_COMMON_RELIC","is_prod":false,"is_daily":false,"chose_seed":false,"campfire_upgraded":2,"win_rate":0,"timestamp":1552358106,"path_taken":["M","?","?","$","M","M","R","E","T","M","R","E","M","M","R","BOSS","M","M","?","M","M","R","E"],"build_version":"2019-01-23","purchased_purges":1,"victory":false,"max_hp_per_floor":[75,75,75,75,75,75,75,75,75,75,75,75,75,75,75,75,75,75,75,75,75,75,75,75],"card_choices":[{"not_picked":["Entrench","Rage"],"picked":"Uppercut","floor":1},{"not_picked":["Entrench","Wild Strike"],"picked":"Inflame","floor":5},{"not_picked":["Wild Strike","Rampage"],"picked":"Inflame","floor":6},{"not_picked":["Headbutt","Exhume"],"picked":"Shrug It Off","floor":8},{"not_picked":["Uppercut","Perfected Strike"],"picked":"Shrug It Off","floor":10},{"not_picked":["Anger","Rage"],"picked":"Ghostly Armor","floor":12},{"not_picked":["Pommel Strike","Clothesline"],"picked":"Intimidate","floor":13},{"not_picked":["True Grit","Twin Strike"],"picked":"Heavy Blade","floor":14},{"not_picked":["Dark Embrace","Feed"],"picked":"Fiend Fire","floor":16},{"not_picked":["Perfected Strike","Rupture"],"picked":"Iron Wave+1","floor":18},{"not_picked":["Shockwave","Armaments"],"picked":"Inflame","floor":19},{"not_picked":["Rage","Dual Wield"],"picked":"Thunderclap","floor":20},{"not_picked":["Flex","Sever Soul"],"picked":"Flame Barrier","floor":21},{"not_picked":["Shrug It Off","Clash"],"picked":"True Grit+1","floor":22}],"player_experience":1387279,"relics_obtained":[{"floor":3,"key":"Boot"},{"floor":8,"key":"Whetstone"},{"floor":9,"key":"Art of War"},{"floor":12,"key":"Torii"}],"event_choices":[{"damage_healed":0,"gold_gain":0,"player_choice":"Box","damage_taken":0,"relics_obtained":["Lantern"],"max_hp_gain":0,"max_hp_loss":0,"event_name":"Big Fish","floor":2,"gold_loss":0,"cards_obtained":["Regret"]},{"damage_healed":0,"gold_gain":0,"player_choice":"Relic","damage_taken":0,"max_hp_gain":0,"max_hp_loss":0,"event_name":"Wheel of Change","floor":3,"gold_loss":0}],"is_beta":false,"boss_relics":[{"not_picked":["Pandora\u0027s Box","Black Star"],"picked":"Mark of Pain"}],"items_purged_floors":[4],"is_endless":false,"potions_floor_spawned":[1,8,13,16,18,22],"killed_by":"Gremlin Leader","ascension_level":20}