{"gold_per_floor":[111,61,61,61,38,38,52,52,352,379,440,440],"floor_reached":12,"playtime":737,"items_purged":[],"score":78,"play_id":"9c1580f4-d18c-410b-bef3-8201b3aae05b","local_time":"20181123125424","is_ascension_mode":true,"campfire_choices":[{"data":"Iron Wave","floor":6,"key":"SMITH"},{"data":"Warcry","floor":8,"key":"SMITH"}],"neow_cost":"CURSE","seed_source_timestamp":765597996135506,"circlet_count":0,"master_deck":["Strike_R","Strike_R","Strike_R","Strike_R","Strike_R","Defend_R","Defend_R","Defend_R","Defend_R","Bash","Berserk+1","Iron Wave+1","Thunderclap","Warcry+1","Shrug It Off","Armaments"],"relics":["Burning Blood","Old Coin","Charon\u0027s Ashes","FossilizedHelix"],"potions_floor_usage":[11],"damage_taken":[{"damage":8,"enemies":"Cultist","floor":1,"turns":4},{"damage":4,"enemies":"Jaw Worm","floor":7,"turns":3},{"damage":47,"enemies":"Lagavulin","floor":10,"turns":8},{"damage":36,"enemies":"Lagavulin Event","floor":11,"turns":8},{"damage":12,"enemies":"3 Sentries","floor":12,"turns":4}],"seed_played":"4297812608164838087","potions_obtained":[{"floor":10,"key":"SkillPotion"}],"is_trial":false,"path_per_floor":["M","?","?","$","$","R","M","R","T","E","?","E"],"character_chosen":"IRONCLAD","items_purchased":["Thunderclap"],"campfire_rested":0,"item_purchase_floors":[5],"current_hp_per_floor":[78,78,78,78,78,78,80,80,80,39,9,0],"gold":440,"neow_bonus":"THREE_RARE_CARDS","is_prod":false,"is_daily":false,"chose_seed":false,"campfire_upgraded":2,"win_rate":0,"timestamp":1542995664,"path_taken":["M","?","?","?","$","R","M","R","T","E","?","E"],"build_version":"2018-11-15","purchased_purges":0,"victory":false,"max_hp_per_floor":[80,80,80,80,80,80,80,80,80,80,80,80],"card_choices":[{"not_picked":["Immolate","Reaper"],"picked":"Berserk","floor":0},{"not_picked":["Havoc","Sword Boomerang"],"picked":"Iron Wave","floor":1},{"not_picked":["Twin Strike","Rampage"],"picked":"Warcry","floor":7},{"not_picked":["Pommel Strike","Bludgeon"],"picked":"Shrug It Off","floor":10},{"not_picked":["Heavy Blade","Perfected Strike"],"picked":"Armaments","floor":11}],"player_experience":173714,"relics_obtained":[{"floor":9,"key":"Old Coin"},{"floor":10,"key":"Charon\u0027s Ashes"}],"event_choices":[{"cards_removed":["Writhe"],"damage_healed":0,"gold_gain":0,"player_choice":"Card Removal","damage_taken":0,"max_hp_gain":0,"max_hp_loss":0,"event_name":"The Cleric","floor":2,"gold_loss":50},{"damage_healed":0,"gold_gain":0,"player_choice":"Grow","damage_taken":0,"max_hp_gain":0,"max_hp_loss":0,"event_name":"Living Wall","floor":3,"gold_loss":0,"cards_upgraded":["Berserk"]},{"damage_healed":0,"gold_gain":0,"player_choice":"Searched \u00272\u0027 times","damage_taken":0,"relics_obtained":["FossilizedHelix"],"max_hp_gain":0,"max_hp_loss":0,"event_name":"Dead Adventurer","floor":11,"gold_loss":0}],"is_beta":false,"boss_relics":[],"items_purged_floors":[],"is_endless":false,"potions_floor_spawned":[10],"killed_by":"3 Sentries","ascension_level":1}