{"path_per_floor":["M","M","M","$","M","R","M","E","T","E","R","M","R","$","R","B",null,"M","$","?","M","M","R","T","?","T"],"character_chosen":"DEFECT","items_purchased":["Streamline"],"gold_per_floor":[17,32,49,49,60,60,79,108,108,135,135,153,153,31,31,132,132,145,45,45,57,76,76,76,76,76,76],"floor_reached":27,"campfire_rested":1,"playtime":1441,"current_hp_per_floor":[66,66,65,65,63,63,62,52,52,37,37,35,35,35,57,34,65,60,60,37,37,37,37,37,21,21,0],"items_purged":["Defend_B","Defend_B"],"gold":76,"score":326,"play_id":"ffcf3298-d2e3-422e-8ebc-f919217b6aaa","local_time":"20180516231657","is_prod":false,"is_daily":false,"chose_seed":false,"is_ascension_mode":true,"campfire_upgraded":1,"timestamp":1526534217,"path_taken":["M","M","M","$","M","R","M","E","T","E","R","M","R","$","R","BOSS","M","$","?","M","M","R","?","?","T","E"],"build_version":"2018-05-15","seed_source_timestamp":612962225015443,"purchased_purges":2,"victory":false,"master_deck":["Strike_B","Strike_B","Strike_B","Strike_B","Zap","Dualcast","Sweeping Beam","BootSequence","Cold Snap","Consume+1","Go for the Eyes","Chill","Streamline+1","Fission","Ghostly","Ghostly","Ghostly","Ghostly","Ghostly","Axe Kick+1","Doubt","Necronomicurse","Injury"],"max_hp_per_floor":[75,75,75,75,75,75,75,75,75,75,75,75,75,75,75,75,75,75,75,37,37,37,37,37,37,37,37],"relics":["Cracked Core","Girya","Molten Egg 2","Orichalcum","Cursed Key","Pantograph","Necronomicon","Bag of Preparation"],"card_choices":[{"not_picked":["Barrage","Stack"],"picked":"Sweeping Beam","floor":1},{"not_picked":["BootSequence","Auto Shields","Turbo"],"picked":"SKIP","floor":2},{"not_picked":["Auto Shields","Turbo"],"picked":"BootSequence","floor":2},{"not_picked":["Coolheaded","Steam"],"picked":"Cold Snap","floor":3},{"not_picked":["Melter","Hologram"],"picked":"Consume","floor":5},{"not_picked":["Stack","BootSequence"],"picked":"Go for the Eyes","floor":7},{"not_picked":["Coolheaded","Darkness"],"picked":"Chill","floor":8},{"not_picked":["Stack","Consume","Hologram"],"picked":"SKIP","floor":10},{"not_picked":["Leap","Hello World","Stack"],"picked":"SKIP","floor":12},{"not_picked":["Seek","Rainbow"],"picked":"Fission","floor":16},{"not_picked":["Capacitor","Redo+1","Consume"],"picked":"SKIP","floor":18},{"not_picked":["Stack+1","Darkness"],"picked":"Axe Kick+1","floor":21},{"not_picked":["Go for the Eyes+1","Gash+1","Leap"],"picked":"SKIP","floor":22}],"player_experience":132638,"potions_floor_usage":[10,12,27],"damage_taken":[{"damage":2,"enemies":"Jaw Worm","floor":1,"turns":3},{"damage":0,"enemies":"Small Slimes","floor":2,"turns":2},{"damage":1,"enemies":"Cultist","floor":3,"turns":3},{"damage":2,"enemies":"Red Slaver","floor":5,"turns":3},{"damage":1,"enemies":"Looter","floor":7,"turns":2},{"damage":10,"enemies":"Lagavulin","floor":8,"turns":6},{"damage":15,"enemies":"Gremlin Nob","floor":10,"turns":4},{"damage":2,"enemies":"Gremlin Gang","floor":12,"turns":4},{"damage":23,"enemies":"Hexaghost","floor":16,"turns":8},{"damage":5,"enemies":"Shell Parasite","floor":18,"turns":4},{"damage":0,"enemies":"Chosen","floor":21,"turns":6},{"damage":0,"enemies":"Snake Plant","floor":22,"turns":5},{"damage":28,"enemies":"Gremlin Leader","floor":27,"turns":9}],"relics_obtained":[{"floor":8,"key":"Girya"},{"floor":9,"key":"Molten Egg 2"},{"floor":10,"key":"Orichalcum"},{"floor":24,"key":"Pantograph"},{"floor":25,"key":"Necronomicon"},{"floor":26,"key":"Bag of Preparation"}],"event_choices":[{"event_name":"Ghosts","player_choice":"Became a Ghost","floor":20,"damage_taken":0},{"event_name":"Cursed Tome","player_choice":"Obtained Book","floor":25,"damage_taken":0}],"boss_relics":[{"not_picked":["Tiny House","Velvet Choker"],"picked":"Cursed Key"}],"potions_floor_spawned":[1,10,12,16],"seed_played":"8780550055569867092","killed_by":"Gremlin Leader","ascension_level":7,"potions_obtained":[{"floor":1,"key":"Swift Potion"},{"floor":10,"key":"Ancient Potion"},{"floor":12,"key":"FocusPotion"},{"floor":16,"key":"SpeedPotion"}],"is_trial":false}