{"gold_per_floor":[119,119,44,60,71,71,101,51,75,75,87,101,101,101,101,101],"floor_reached":16,"playtime":716,"items_purged":["Regret"],"score":135,"play_id":"1c918eb3-c0a4-45f1-8bb7-3cbac12578c5","local_time":"20180703214820","is_ascension_mode":true,"campfire_choices":[{"data":"Defragment","floor":6,"key":"SMITH"},{"floor":10,"key":"REST"},{"floor":15,"key":"REST"}],"neow_cost":"NONE","seed_source_timestamp":1739310124207704,"circlet_count":0,"master_deck":["Strike_B","Strike_B","Defend_B","Defend_B","Defend_B","Defend_B","Zap","Dualcast","Defragment+1","Chaos","Melter","Compile Driver","Redo","Redo","Electrodynamics"],"relics":["Cracked Core","Bag of Preparation","Pen Nib","Singing Bowl","Dream Catcher","Question Card"],"potions_floor_usage":[5,7,16],"damage_taken":[{"damage":12,"enemies":"Jaw Worm","floor":1,"turns":2},{"damage":6,"enemies":"2 Louse","floor":4,"turns":3},{"damage":1,"enemies":"Cultist","floor":5,"turns":3},{"damage":35,"enemies":"Lagavulin","floor":7,"turns":4},{"damage":18,"enemies":"Exordium Thugs","floor":11,"turns":2},{"damage":10,"enemies":"2 Fungi Beasts","floor":12,"turns":3},{"damage":35,"enemies":"Hexaghost","floor":16,"turns":9}],"seed_played":"-6504600536256190144","potions_obtained":[{"floor":4,"key":"SteroidPotion"},{"floor":5,"key":"AttackPotion"},{"floor":12,"key":"SteroidPotion"}],"is_trial":false,"path_per_floor":["M","?","$","M","M","R","E","?","T","R","M","M","?","T","R"],"character_chosen":"DEFECT","items_purchased":[],"campfire_rested":2,"item_purchase_floors":[],"current_hp_per_floor":[56,56,56,50,49,49,14,14,14,36,18,8,8,8,32,0],"gold":101,"neow_bonus":"RANDOM_COMMON_RELIC","is_prod":false,"is_daily":false,"chose_seed":false,"campfire_upgraded":1,"win_rate":0,"timestamp":1530676100,"path_taken":["M","?","$","?","M","R","E","?","T","R","M","?","?","?","R","BOSS"],"build_version":"2018-06-28","purchased_purges":1,"victory":false,"max_hp_per_floor":[75,75,75,75,75,75,75,75,75,75,75,75,75,75,77,77],"card_choices":[{"not_picked":["Compile Driver","Glacier"],"picked":"Defragment","floor":1},{"not_picked":["Barrage","Force Field"],"picked":"Chaos","floor":4},{"not_picked":["Force Field","Hello World"],"picked":"Melter","floor":5},{"not_picked":["Biased Cognition","Beam Cell"],"picked":"Compile Driver","floor":7},{"not_picked":["Streamline","Compile Driver"],"picked":"Redo","floor":10},{"not_picked":["Coolheaded","Reprogram"],"picked":"Redo","floor":11},{"not_picked":["Gash","Rip and Tear"],"picked":"Electrodynamics","floor":12},{"not_picked":["Steam","Chill","Rebound","Hologram"],"picked":"Singing Bowl","floor":15}],"player_experience":901041,"relics_obtained":[{"floor":7,"key":"Singing Bowl"},{"floor":9,"key":"Dream Catcher"},{"floor":14,"key":"Question Card"}],"event_choices":[{"event_name":"Big Fish","player_choice":"Box","floor":2,"damage_taken":0},{"event_name":"The Cleric","player_choice":"Card Removal","floor":8,"damage_taken":0},{"event_name":"Living Wall","player_choice":"Forget","floor":13,"damage_taken":0}],"boss_relics":[],"items_purged_floors":[3],"is_endless":false,"potions_floor_spawned":[4,5,12],"killed_by":"Hexaghost","ascension_level":7}