{"gold_per_floor":[211,228,228,243,258,258,274,274,274,307,307,321,355,365,365,444,444,457,457,457,430,59,59,72,72,72,72,72,105,105,119,119,119],"floor_reached":33,"playtime":2342,"items_purged":[],"score":512,"play_id":"6dc7cb09-89b6-4462-841e-dafd0b28deff","local_time":"20190217070859","is_ascension_mode":true,"campfire_choices":[{"data":"Iron Wave","floor":6,"key":"SMITH"},{"floor":8,"key":"REST"},{"data":"Immolate","floor":11,"key":"SMITH"},{"data":"Iron Wave","floor":15,"key":"SMITH"},{"data":"Mayhem","floor":23,"key":"SMITH"},{"data":"Cleave","floor":25,"key":"SMITH"},{"data":"Combust","floor":30,"key":"SMITH"},{"floor":32,"key":"REST"}],"neow_cost":"NONE","seed_source_timestamp":138420622790130,"circlet_count":0,"master_deck":["AscendersBane","Bash","Iron Wave+1","Shrug It Off","Cleave+1","Metallicize","Ghostly Armor","Immolate+1","Iron Wave+1","Reaper","Metallicize","Impervious","Bludgeon","Clothesline","Dual Wield","Combust+1","Headbutt","Armaments+1","Sentinel","Sever Soul","Flex","Thunderclap","Mayhem+1","Shrug It Off","Evolve","Shrug It Off"],"relics":["Burning Blood","Self Forming Clay","Potion Belt","Du-Vu Doll","Pandora\u0027s Box","Lantern","Bottled Flame","Letter Opener"],"potions_floor_usage":[5,12,16],"damage_taken":[{"damage":14,"enemies":"2 Louse","floor":1,"turns":3},{"damage":4,"enemies":"Jaw Worm","floor":2,"turns":5},{"damage":1,"enemies":"Cultist","floor":4,"turns":3},{"damage":9,"enemies":"Exordium Thugs","floor":5,"turns":5},{"damage":3,"enemies":"3 Louse","floor":7,"turns":3},{"damage":18,"enemies":"3 Sentries","floor":10,"turns":9},{"damage":4,"enemies":"Large Slime","floor":12,"turns":5},{"damage":9,"enemies":"Lagavulin","floor":13,"turns":6},{"damage":14,"enemies":"Exordium Wildlife","floor":14,"turns":3},{"damage":14,"enemies":"The Guardian","floor":16,"turns":14},{"damage":15,"enemies":"3 Byrds","floor":18,"turns":3},{"damage":23,"enemies":"2 Thieves","floor":21,"turns":4},{"damage":19,"enemies":"Sentry and Sphere","floor":24,"turns":5},{"damage":26,"enemies":"Gremlin Leader","floor":29,"turns":9},{"damage":23,"enemies":"Snecko","floor":31,"turns":7},{"damage":72,"enemies":"Automaton","floor":33,"turns":10}],"seed_played":"6484286570415219836","potions_obtained":[{"floor":1,"key":"AttackPotion"},{"floor":4,"key":"Strength Potion"},{"floor":14,"key":"FearPotion"},{"floor":24,"key":"FearPotion"}],"is_trial":false,"path_per_floor":["M","M","?","M","M","R","M","R","T","E","R","M","E","M","R","B",null,"M","?","?","M","$","R","M","R","T","$","?","E","R","M","R","B"],"character_chosen":"IRONCLAD","items_purchased":["Mayhem","Lantern"],"campfire_rested":2,"item_purchase_floors":[22,22],"current_hp_per_floor":[60,62,39,44,41,41,44,66,66,54,54,56,53,45,45,44,67,62,62,62,57,57,57,49,49,49,49,49,47,47,30,52,0],"gold":119,"neow_bonus":"HUNDRED_GOLD","is_prod":false,"is_daily":false,"chose_seed":false,"campfire_upgraded":6,"win_rate":0,"timestamp":1550412539,"path_taken":["M","M","?","M","M","R","M","R","T","E","R","M","E","M","R","BOSS","M","?","?","?","$","R","M","R","T","?","?","E","R","M","R","BOSS"],"build_version":"2019-01-23","purchased_purges":0,"victory":false,"max_hp_per_floor":[75,75,75,75,75,75,75,75,75,75,75,75,75,75,75,75,75,75,75,75,75,75,75,75,75,75,75,75,75,75,75,75,75],"card_choices":[{"not_picked":["Fire Breathing","Rupture"],"picked":"Iron Wave","floor":1},{"not_picked":["Anger","Wild Strike"],"picked":"Shrug It Off","floor":2},{"not_picked":["Blood for Blood","Armaments"],"picked":"Cleave","floor":4},{"not_picked":["Bloodletting","Feel No Pain"],"picked":"Metallicize","floor":5},{"not_picked":["Armaments","Rage"],"picked":"Ghostly Armor","floor":7},{"not_picked":["Havoc","Thunderclap"],"picked":"Immolate","floor":10},{"not_picked":["Cleave","Bloodletting"],"picked":"Iron Wave","floor":12},{"not_picked":["Dropkick","Inflame"],"picked":"Reaper","floor":13},{"not_picked":["True Grit","Havoc"],"picked":"Metallicize","floor":14},{"not_picked":["Limit Break","Exhume"],"picked":"Impervious","floor":16},{"not_picked":["Rage","Perfected Strike"],"picked":"Flex","floor":18},{"not_picked":["Cleave","Iron Wave"],"picked":"Thunderclap","floor":21},{"not_picked":["Clash","Carnage+1"],"picked":"Shrug It Off","floor":24},{"not_picked":["Flex","Cleave"],"picked":"Evolve","floor":29},{"not_picked":["Heavy Blade","Hemokinesis"],"picked":"Shrug It Off","floor":31}],"player_experience":1126239,"relics_obtained":[{"floor":9,"key":"Self Forming Clay"},{"floor":10,"key":"Potion Belt"},{"floor":13,"key":"Du-Vu Doll"},{"floor":26,"key":"Bottled Flame"},{"floor":29,"key":"Letter Opener"}],"event_choices":[{"damage_healed":0,"gold_gain":0,"player_choice":"Entered Light","damage_taken":23,"max_hp_gain":0,"max_hp_loss":0,"event_name":"Shining Light","floor":3,"gold_loss":0,"cards_upgraded":["Strike_R","Strike_R"]},{"cards_removed":["Havoc"],"damage_healed":0,"gold_gain":0,"player_choice":"Elegance","damage_taken":0,"max_hp_gain":0,"max_hp_loss":0,"event_name":"Back to Basics","floor":19,"gold_loss":0},{"damage_healed":0,"gold_gain":0,"player_choice":"Upgraded","damage_taken":0,"max_hp_gain":0,"max_hp_loss":0,"event_name":"Upgrade Shrine","floor":20,"gold_loss":0,"cards_upgraded":["Armaments"]},{"damage_healed":0,"gold_gain":0,"player_choice":"Ignored","damage_taken":0,"max_hp_gain":0,"max_hp_loss":0,"event_name":"Beggar","floor":28,"gold_loss":0}],"is_beta":false,"boss_relics":[{"not_picked":["Lizard Tail","Snecko Eye"],"picked":"Pandora\u0027s Box"}],"items_purged_floors":[],"is_endless":false,"potions_floor_spawned":[1,4,14,24],"killed_by":"Automaton","ascension_level":17}