{"gold_per_floor":[119,136,61,73,86,86,99,118,144,144,154,188,188,188,188,262,262,222,24,24,24,24,24,24,24,24,24,24,24,24,24,24,24,24,24,24,24,24,24,24,24,24,24,24,24,24,24,24,24,24],"floor_reached":50,"playtime":3324,"items_purged":["Strike_R"],"score":1107,"play_id":"9158b8f6-c972-4790-9607-f5ea88d9e628","local_time":"20190315210852","is_ascension_mode":true,"campfire_choices":[{"data":"Feed","floor":6,"key":"SMITH"},{"data":"Anger","floor":10,"key":"SMITH"},{"data":"Exhume","floor":13,"key":"SMITH"},{"floor":15,"key":"REST"},{"floor":23,"key":"REST"},{"floor":25,"key":"REST"},{"floor":32,"key":"REST"},{"floor":41,"key":"REST"},{"data":"Limit Break","floor":44,"key":"SMITH"},{"floor":49,"key":"REST"}],"neow_cost":"NONE","seed_source_timestamp":176592937836182,"circlet_count":0,"master_deck":["AscendersBane","Strike_R","Strike_R","Strike_R","Strike_R","Defend_R","Defend_R+1","Defend_R","Bash","Feed+1","Clothesline","Anger+1","Thunderclap","Shrug It Off","Headbutt","Feel No Pain","Exhume+1","Berserk+1","Uppercut+1","Panache","Blood for Blood","Shockwave","Rage","Pommel Strike+1","Whirlwind","Entrench+1","Limit Break+1","Body Slam+1","Flame Barrier","Panache","Metamorphosis","Dramatic Entrance","Spot Weakness+1","Battle Trance+1","Second Wind","Ghostly Armor","Madness","Madness","Feel No Pain+1"],"relics":["Burning Blood","Pen Nib","Matryoshka","Red Skull","Bag of Marbles","Ectoplasm","Strawberry","Art of War","Blood Vial","Dodecahedron","Ancient Tea Set","Philosopher\u0027s Stone","Bottled Lightning","War Paint","StoneCalendar"],"potions_floor_usage":[8,11,16,24,33,37,39,50],"damage_taken":[{"damage":13,"enemies":"Cultist","floor":1,"turns":5},{"damage":5,"enemies":"Small Slimes","floor":2,"turns":3},{"damage":2,"enemies":"Jaw Worm","floor":4,"turns":3},{"damage":14,"enemies":"Looter","floor":5,"turns":3},{"damage":18,"enemies":"Large Slime","floor":7,"turns":4},{"damage":0,"enemies":"3 Louse","floor":8,"turns":2},{"damage":7,"enemies":"Gremlin Gang","floor":11,"turns":4},{"damage":20,"enemies":"3 Sentries","floor":12,"turns":7},{"damage":65,"enemies":"Hexaghost","floor":16,"turns":8},{"damage":6,"enemies":"2 Thieves","floor":18,"turns":4},{"damage":31,"enemies":"3 Byrds","floor":20,"turns":6},{"damage":46,"enemies":"Sentry and Sphere","floor":21,"turns":6},{"damage":37,"enemies":"Gremlin Leader","floor":24,"turns":7},{"damage":12,"enemies":"Snecko","floor":27,"turns":5},{"damage":30,"enemies":"Cultist and Chosen","floor":28,"turns":6},{"damage":16,"enemies":"Book of Stabbing","floor":29,"turns":3},{"damage":11,"enemies":"Centurion and Healer","floor":31,"turns":6},{"damage":87,"enemies":"Collector","floor":33,"turns":8},{"damage":35,"enemies":"3 Darklings","floor":35,"turns":4},{"damage":0,"enemies":"3 Shapes","floor":37,"turns":1},{"damage":35,"enemies":"Writhing Mass","floor":39,"turns":5},{"damage":19,"enemies":"Reptomancer","floor":40,"turns":4},{"damage":0,"enemies":"Transient","floor":42,"turns":6},{"damage":25,"enemies":"4 Shapes","floor":45,"turns":3},{"damage":29,"enemies":"Mind Bloom Boss Battle","floor":47,"turns":5},{"damage":85,"enemies":"Donu and Deca","floor":50,"turns":4}],"seed_played":"-779818419626845967","potions_obtained":[{"floor":4,"key":"Ancient Potion"},{"floor":7,"key":"Fire Potion"},{"floor":11,"key":"Fruit Juice"},{"floor":12,"key":"PowerPotion"},{"floor":20,"key":"GamblersBrew"},{"floor":21,"key":"FearPotion"},{"floor":27,"key":"Poison Potion"},{"floor":35,"key":"AttackPotion"},{"floor":37,"key":"Fruit Juice"},{"floor":47,"key":"Strength Potion"}],"is_trial":false,"path_per_floor":["M","M","$","M","M","R","M","M","T","R","M","E","R","T","R","B",null,"M","$","M","M","T","R","E","R","T","M","M","E","?","M","R","B",null,"M","?","M","?","M","E","R","M","T","R","M","?","?","?","R","B"],"character_chosen":"IRONCLAD","items_purchased":["Panache"],"campfire_rested":6,"item_purchase_floors":[19],"current_hp_per_floor":[64,68,68,75,67,67,55,65,65,65,73,63,63,63,93,34,84,88,88,67,31,38,74,43,79,79,79,61,53,53,54,93,14,103,76,76,89,79,52,41,82,90,90,90,77,52,31,31,72,0],"gold":24,"neow_bonus":"ONE_RANDOM_RARE_CARD","is_prod":false,"is_daily":false,"chose_seed":false,"campfire_upgraded":4,"win_rate":0,"timestamp":1552705732,"path_taken":["M","M","$","M","M","R","M","M","T","R","M","E","R","?","R","BOSS","M","?","?","M","?","R","E","R","T","M","M","E","?","M","R","BOSS","M","?","M","?","M","E","R","M","T","R","M","?","?","?","R","BOSS"],"build_version":"2019-01-23","purchased_purges":1,"victory":false,"max_hp_per_floor":[78,81,81,84,84,84,84,88,88,88,97,101,101,101,101,101,101,105,105,109,113,120,120,120,120,120,124,128,128,128,132,132,132,132,132,132,137,137,137,137,137,137,137,137,141,141,141,138,138,138],"card_choices":[{"not_picked":["Sword Boomerang","Anger"],"picked":"Clothesline","floor":1},{"not_picked":["Twin Strike","Clothesline"],"picked":"Anger","floor":2},{"not_picked":["Dropkick","Wild Strike","Havoc"],"picked":"SKIP","floor":4},{"not_picked":["Bludgeon","Heavy Blade"],"picked":"Thunderclap","floor":5},{"not_picked":["Whirlwind","Sever Soul"],"picked":"Shrug It Off","floor":7},{"not_picked":["Twin Strike","Entrench"],"picked":"Headbutt","floor":8},{"not_picked":["Perfected Strike","Pommel Strike"],"picked":"Feel No Pain","floor":11},{"not_picked":["Heavy Blade","Pommel Strike"],"picked":"Exhume","floor":12},{"not_picked":["Dark Embrace","Juggernaut"],"picked":"Berserk","floor":16},{"not_picked":["Ghostly Armor","Clothesline"],"picked":"Uppercut+1","floor":18},{"not_picked":["Uppercut","Perfected Strike"],"picked":"Blood for Blood","floor":20},{"not_picked":["Headbutt","Iron Wave"],"picked":"Shockwave","floor":21},{"not_picked":["Demon Form","Combust"],"picked":"Rage","floor":24},{"not_picked":["Body Slam","Thunderclap"],"picked":"Pommel Strike+1","floor":27},{"not_picked":["Havoc","Body Slam"],"picked":"Whirlwind","floor":28},{"not_picked":["Anger","Infernal Blade"],"picked":"Entrench+1","floor":29},{"not_picked":["Twin Strike","Clothesline","Perfected Strike"],"picked":"SKIP","floor":31},{"not_picked":["Dark Embrace","Exhume"],"picked":"Limit Break","floor":33},{"not_picked":["Clothesline","Entrench"],"picked":"Body Slam+1","floor":35},{"not_picked":["Headbutt+1","Blood for Blood"],"picked":"Flame Barrier","floor":37},{"not_picked":["Bandage Up","Purity"],"picked":"Panache","floor":38},{"not_picked":["Thinking Ahead","Flash of Steel"],"picked":"Metamorphosis","floor":38},{"not_picked":["Secret Weapon","Purity"],"picked":"Dramatic Entrance","floor":38},{"not_picked":["Cleave","Wild Strike+1"],"picked":"Spot Weakness+1","floor":39},{"not_picked":["Shrug It Off","Evolve"],"picked":"Battle Trance","floor":40},{"not_picked":["Body Slam+1","Thunderclap+1"],"picked":"Second Wind","floor":42},{"not_picked":["Uppercut","Headbutt+1"],"picked":"Ghostly Armor","floor":45},{"not_picked":["Flex","Warcry"],"picked":"Feel No Pain+1","floor":47}],"player_experience":1439487,"relics_obtained":[{"floor":9,"key":"Pen Nib"},{"floor":12,"key":"Matryoshka"},{"floor":14,"key":"Red Skull"},{"floor":14,"key":"Bag of Marbles"},{"floor":22,"key":"Strawberry"},{"floor":22,"key":"Art of War"},{"floor":24,"key":"Blood Vial"},{"floor":26,"key":"Dodecahedron"},{"floor":29,"key":"Ancient Tea Set"},{"floor":40,"key":"Bottled Lightning"},{"floor":43,"key":"War Paint"},{"floor":47,"key":"StoneCalendar"}],"event_choices":[{"damage_healed":0,"gold_gain":0,"player_choice":"Upgraded","damage_taken":0,"max_hp_gain":0,"max_hp_loss":0,"event_name":"Upgrade Shrine","floor":30,"gold_loss":0,"cards_upgraded":["Berserk"]},{"cards_removed":["Defend_R"],"damage_healed":0,"gold_gain":0,"player_choice":"Removed Skill","damage_taken":0,"max_hp_gain":0,"max_hp_loss":0,"event_name":"Falling","floor":36,"gold_loss":0},{"damage_healed":0,"gold_gain":0,"player_choice":"Memory 3","damage_taken":10,"max_hp_gain":0,"max_hp_loss":0,"event_name":"SensoryStone","floor":38,"gold_loss":0},{"damage_healed":0,"gold_gain":0,"player_choice":"Embrace Madness","damage_taken":25,"max_hp_gain":0,"max_hp_loss":0,"event_name":"Winding Halls","floor":46,"gold_loss":0,"cards_obtained":["Madness","Madness"]},{"damage_healed":0,"gold_gain":0,"player_choice":"Fight","damage_taken":0,"max_hp_gain":0,"max_hp_loss":0,"event_name":"MindBloom","floor":47,"gold_loss":0},{"cards_removed":["Parasite"],"damage_healed":0,"gold_gain":0,"player_choice":"Removed Curses","damage_taken":0,"max_hp_gain":0,"max_hp_loss":0,"event_name":"Fountain of Cleansing","floor":48,"gold_loss":0}],"is_beta":false,"boss_relics":[{"not_picked":["Orrery","White Beast Statue"],"picked":"Ectoplasm"},{"not_picked":["Black Blood","Runic Pyramid"],"picked":"Philosopher\u0027s Stone"}],"items_purged_floors":[3],"is_endless":false,"potions_floor_spawned":[4,7,11,12,20,21,27,35,37,47],"killed_by":"Donu and Deca","ascension_level":20}