{"gold_per_floor":[118,128,141,66,81,81,109,109,134,134,134,134,170,120,120,213,213,236,256,276,276],"floor_reached":21,"playtime":961,"items_purged":["Strike_R","Strike_R"],"score":359,"play_id":"a66994fd-7686-47a3-b638-d3717712dbbc","local_time":"20190221001519","is_ascension_mode":true,"campfire_choices":[{"data":"Bludgeon","floor":6,"key":"SMITH"},{"data":"Thunderclap","floor":8,"key":"SMITH"},{"data":"Iron Wave","floor":12,"key":"SMITH"},{"data":"Bash","floor":15,"key":"SMITH"}],"neow_cost":"NONE","seed_source_timestamp":460582345764165,"circlet_count":0,"master_deck":["AscendersBane","Strike_R","Strike_R","Strike_R","Defend_R","Defend_R","Defend_R","Defend_R","Bash+1","Bludgeon+1","Iron Wave+1","Thunderclap+1","Impervious","Feed","Immolate","Thunderclap+1","Spot Weakness","Cleave"],"relics":["Burning Blood","Smiling Mask","Happy Flower","Golden Idol","Regal Pillow","Dream Catcher","Mark of Pain"],"potions_floor_usage":[16,16,20,21,21],"damage_taken":[{"damage":2,"enemies":"Jaw Worm","floor":1,"turns":3},{"damage":0,"enemies":"Small Slimes","floor":2,"turns":2},{"damage":0,"enemies":"Cultist","floor":3,"turns":2},{"damage":16,"enemies":"Blue Slaver","floor":5,"turns":3},{"damage":6,"enemies":"Gremlin Nob","floor":7,"turns":3},{"damage":15,"enemies":"3 Sentries","floor":13,"turns":6},{"damage":34,"enemies":"The Guardian","floor":16,"turns":9},{"damage":6,"enemies":"Spheric Guardian","floor":18,"turns":4},{"damage":17,"enemies":"2 Thieves","floor":19,"turns":2},{"damage":39,"enemies":"Cultist and Chosen","floor":20,"turns":7},{"damage":23,"enemies":"Sentry and Sphere","floor":21,"turns":3}],"seed_played":"-2197515291923314075","potions_obtained":[{"floor":2,"key":"Dexterity Potion"},{"floor":7,"key":"SteroidPotion"},{"floor":13,"key":"Strength Potion"},{"floor":16,"key":"SkillPotion"},{"floor":19,"key":"EssenceOfSteel"},{"floor":20,"key":"BloodPotion"}],"is_trial":false,"path_per_floor":["M","M","M","$","M","R","E","R","T","?","?","R","E","$","R","B",null,"M","M","M","M"],"character_chosen":"IRONCLAD","items_purchased":[],"campfire_rested":0,"item_purchase_floors":[],"current_hp_per_floor":[72,75,75,75,65,65,65,65,65,65,65,65,56,56,56,28,58,58,47,14,0],"gold":276,"neow_bonus":"ONE_RANDOM_RARE_CARD","is_prod":false,"is_daily":false,"chose_seed":false,"campfire_upgraded":4,"win_rate":0,"timestamp":1550733319,"path_taken":["M","M","M","$","M","R","E","R","T","?","?","R","E","$","R","BOSS","M","?","M","M"],"build_version":"2019-01-23","purchased_purges":2,"victory":false,"max_hp_per_floor":[75,75,75,75,75,75,75,75,75,68,68,68,68,68,68,68,68,68,68,68,68],"card_choices":[{"not_picked":["Perfected Strike","Cleave"],"picked":"Iron Wave","floor":1},{"not_picked":["Cleave","Seeing Red"],"picked":"Thunderclap","floor":2},{"not_picked":["Rampage","Battle Trance","Anger"],"picked":"SKIP","floor":3},{"not_picked":["Feel No Pain","Disarm","Rampage"],"picked":"SKIP","floor":5},{"not_picked":["Perfected Strike","Cleave"],"picked":"Impervious","floor":7},{"not_picked":["Thunderclap","Bloodletting"],"picked":"Feed","floor":13},{"not_picked":["Reaper","Juggernaut"],"picked":"Immolate","floor":16},{"not_picked":["Havoc","Clash"],"picked":"Thunderclap+1","floor":18},{"not_picked":["Anger","Infernal Blade"],"picked":"Spot Weakness","floor":19},{"not_picked":["Anger","Dual Wield"],"picked":"Cleave","floor":20}],"player_experience":1191865,"relics_obtained":[{"floor":7,"key":"Smiling Mask"},{"floor":9,"key":"Happy Flower"},{"floor":13,"key":"Dream Catcher"}],"event_choices":[{"damage_healed":0,"gold_gain":0,"player_choice":"Lose Max HP","damage_taken":0,"relics_obtained":["Golden Idol"],"max_hp_gain":0,"max_hp_loss":7,"event_name":"Golden Idol","floor":10,"gold_loss":0},{"damage_healed":0,"gold_gain":0,"player_choice":"Gave Potion","damage_taken":0,"relics_obtained":["Regal Pillow"],"max_hp_gain":0,"max_hp_loss":0,"event_name":"WeMeetAgain","floor":11,"gold_loss":0}],"is_beta":false,"boss_relics":[{"not_picked":["Calling Bell","Cursed Key"],"picked":"Mark of Pain"}],"items_purged_floors":[4,14],"is_endless":false,"potions_floor_spawned":[2,7,13,16,19,20],"killed_by":"Sentry and Sphere","ascension_level":18}