{"gold_per_floor":[128,140,162,174,186,198,226,238,298,327,358,370,414,440,452,464],"floor_reached":16,"playtime":684,"items_purged":[],"score":248,"play_id":"ffdd024d-dace-4f7a-bde5-f9967f4dbfbf","local_time":"20190224173740","is_ascension_mode":true,"campfire_choices":[{"data":"Immolate","floor":6,"key":"SMITH"},{"data":"Blood for Blood","floor":8,"key":"SMITH"},{"data":"Flex","floor":12,"key":"SMITH"},{"data":"Armaments","floor":15,"key":"SMITH"}],"neow_cost":"NONE","seed_source_timestamp":169446096191000,"circlet_count":0,"master_deck":["AscendersBane","Strike_R","Strike_R","Strike_R","Strike_R","Defend_R","Defend_R","Defend_R","Defend_R","Bash","Blood for Blood+1","Evolve","Immolate+1","Pommel Strike","Feel No Pain","Flex+1","Armaments+1"],"relics":["Burning Blood","MawBank","Vajra","Bottled Flame"],"potions_floor_usage":[13,13,16],"damage_taken":[{"damage":1,"enemies":"Small Slimes","floor":1,"turns":5},{"damage":13,"enemies":"Cultist","floor":3,"turns":5},{"damage":7,"enemies":"Jaw Worm","floor":7,"turns":2},{"damage":16,"enemies":"Exordium Wildlife","floor":10,"turns":3},{"damage":11,"enemies":"Blue Slaver","floor":11,"turns":3},{"damage":0,"enemies":"Gremlin Nob","floor":13,"turns":2},{"damage":6,"enemies":"Looter","floor":14,"turns":2},{"damage":58,"enemies":"The Guardian","floor":16,"turns":9}],"seed_played":"1238031715486997137","potions_obtained":[{"floor":3,"key":"Strength Potion"},{"floor":7,"key":"AttackPotion"},{"floor":14,"key":"SkillPotion"}],"is_trial":false,"path_per_floor":["M","?","M","?","$","R","M","R","T","M","M","R","E","M","R","B"],"character_chosen":"IRONCLAD","items_purchased":[],"campfire_rested":0,"item_purchase_floors":[],"current_hp_per_floor":[73,73,66,66,66,66,65,65,65,55,50,50,56,56,56,0],"gold":464,"neow_bonus":"RANDOM_COMMON_RELIC","is_prod":false,"is_daily":false,"chose_seed":false,"campfire_upgraded":4,"win_rate":0,"timestamp":1551055060,"path_taken":["M","?","M","?","$","R","?","R","T","M","M","R","E","M","R","BOSS"],"build_version":"2019-01-23","purchased_purges":0,"victory":false,"max_hp_per_floor":[75,75,75,75,75,75,75,75,75,75,75,75,75,75,75,75],"card_choices":[{"not_picked":["Twin Strike","Perfected Strike"],"picked":"Blood for Blood","floor":1},{"not_picked":["Warcry","Carnage"],"picked":"Evolve","floor":3},{"not_picked":["Entrench","Dual Wield"],"picked":"Pommel Strike","floor":7},{"not_picked":["Shrug It Off","Perfected Strike"],"picked":"Feel No Pain","floor":10},{"not_picked":["Corruption","Intimidate"],"picked":"Flex","floor":11},{"not_picked":["Pummel","Flex","Searing Blow"],"picked":"SKIP","floor":13},{"not_picked":["Pummel","Flex","Searing Blow"],"picked":"SKIP","floor":13},{"not_picked":["Evolve","Sword Boomerang"],"picked":"Armaments","floor":14}],"player_experience":1245630,"relics_obtained":[{"floor":9,"key":"Vajra"},{"floor":13,"key":"Bottled Flame"}],"event_choices":[{"damage_healed":0,"gold_gain":0,"player_choice":"Ignored","damage_taken":0,"max_hp_gain":0,"max_hp_loss":0,"event_name":"Liars Game","floor":2,"gold_loss":0},{"damage_healed":0,"gold_gain":0,"cards_transformed":["Strike_R"],"player_choice":"Transformed","damage_taken":0,"max_hp_gain":0,"max_hp_loss":0,"event_name":"Transmorgrifier","floor":4,"gold_loss":0,"cards_obtained":["Immolate"]}],"is_beta":false,"boss_relics":[],"items_purged_floors":[],"is_endless":false,"potions_floor_spawned":[3,7,10,14],"killed_by":"The Guardian","ascension_level":19}