{"gold_per_floor":[112,132,97,22,22,22,48,48,74,74,74,109,109,109,109,180,180,191,191,191,191,12,12,31,48,48,48,48,48,48,82,82,156,156,169,185,0,0,0,0,27,27,27,56,56,70,70,88,88,88],"floor_reached":51,"playtime":3352,"items_purged":["Strike_B","Writhe"],"score":1306,"play_id":"5e83675a-7c2e-478f-aa97-a5361bb88388","local_time":"20190210001402","is_ascension_mode":true,"campfire_choices":[{"data":"Dualcast","floor":6,"key":"SMITH"},{"floor":8,"key":"REST"},{"data":"Storm","floor":10,"key":"SMITH"},{"floor":13,"key":"REST"},{"floor":15,"key":"REST"},{"data":"Static Discharge","floor":23,"key":"SMITH"},{"floor":27,"key":"REST"},{"floor":30,"key":"REST"},{"floor":32,"key":"REST"},{"floor":40,"key":"REST"},{"floor":45,"key":"REST"},{"data":"Loop","floor":47,"key":"SMITH"},{"floor":49,"key":"REST"}],"neow_cost":"NONE","seed_source_timestamp":1918105272451414,"circlet_count":0,"master_deck":["AscendersBane","Zap+1","Dualcast+1","Storm+1","BootSequence+1","Chill+1","Echo Form","Reprogram+1","Cold Snap","Fission+1","Loop+1","Go for the Eyes+1","All For One","Ball Lightning","Static Discharge+1","Capacitor","Beam Cell+1","Coolheaded+1","White Noise+1","Creative AI","Chaos+1","Stack+1","Madness+1","Madness+1","Reinforced Body+1","Coolheaded+1","Hologram+1"],"relics":["Cracked Core","Art of War","Happy Flower","Mango","Toxic Egg 2","Pandora\u0027s Box","Pocketwatch","Pear","Omamori","Cursed Key","Red Mask","Whetstone","Regal Pillow","The Courier"],"potions_floor_usage":[12,12,18,31,33,44,48,50,50],"damage_taken":[{"damage":9,"enemies":"Jaw Worm","floor":1,"turns":3},{"damage":2,"enemies":"Small Slimes","floor":2,"turns":3},{"damage":40,"enemies":"3 Sentries","floor":7,"turns":11},{"damage":23,"enemies":"Gremlin Nob","floor":12,"turns":4},{"damage":57,"enemies":"The Guardian","floor":16,"turns":14},{"damage":0,"enemies":"Chosen","floor":18,"turns":3},{"damage":30,"enemies":"3 Byrds","floor":24,"turns":3},{"damage":13,"enemies":"Snecko","floor":25,"turns":4},{"damage":24,"enemies":"Book of Stabbing","floor":31,"turns":4},{"damage":20,"enemies":"Champ","floor":33,"turns":7},{"damage":0,"enemies":"3 Shapes","floor":35,"turns":4},{"damage":8,"enemies":"Orb Walker","floor":36,"turns":3},{"damage":7,"enemies":"Giant Head","floor":41,"turns":6},{"damage":18,"enemies":"Reptomancer","floor":44,"turns":5},{"damage":6,"enemies":"Sphere and 2 Shapes","floor":46,"turns":4},{"damage":20,"enemies":"Writhing Mass","floor":48,"turns":4},{"damage":76,"enemies":"Awakened One","floor":50,"turns":8}],"seed_played":"-7334711504776467071","potions_obtained":[{"floor":2,"key":"Strength Potion"},{"floor":7,"key":"SkillPotion"},{"floor":16,"key":"Swift Potion"},{"floor":24,"key":"Dexterity Potion"},{"floor":25,"key":"LiquidBronze"},{"floor":31,"key":"LiquidBronze"},{"floor":41,"key":"Dexterity Potion"},{"floor":44,"key":"Swift Potion"},{"floor":48,"key":"Explosive Potion"}],"is_trial":false,"path_per_floor":["M","M","?","$","?","R","E","R","T","R","T","E","R","?","R","B",null,"M","?","?","?","$","R","M","M","T","R","?","?","R","E","R","B",null,"M","M","?","$","?","R","E","$","T","E","R","M","R","M","R","B",null],"character_chosen":"DEFECT","items_purchased":["Capacitor"],"campfire_rested":9,"item_purchase_floors":[22],"current_hp_per_floor":[55,53,70,70,70,70,30,51,51,51,65,42,67,41,66,9,66,66,66,66,66,66,66,36,23,33,61,61,61,89,65,93,73,90,90,82,82,82,65,93,86,86,86,68,95,89,89,69,95,19],"gold":88,"neow_bonus":"UPGRADE_CARD","is_prod":false,"is_daily":false,"chose_seed":false,"campfire_upgraded":4,"win_rate":0,"timestamp":1549782842,"path_taken":["M","M","?","$","?","R","E","R","T","R","?","E","R","?","R","BOSS","M","?","?","?","$","R","?","M","T","R","?","?","R","E","R","BOSS","M","M","?","$","?","R","E","?","T","E","R","M","R","M","R","BOSS"],"build_version":"2019-01-23","purchased_purges":2,"victory":true,"max_hp_per_floor":[71,71,71,71,71,71,71,71,71,71,85,85,85,85,85,85,85,85,85,85,85,85,85,85,85,95,95,95,95,95,95,95,95,95,95,95,95,95,95,95,95,95,95,95,95,95,95,95,95,95],"card_choices":[{"not_picked":["Rebound","Heatsinks"],"picked":"Storm","floor":1},{"not_picked":["Steam","Lockon","Turbo"],"picked":"SKIP","floor":2},{"not_picked":["Double Energy","Darkness"],"picked":"BootSequence","floor":7},{"not_picked":["Beam Cell","Conserve Battery"],"picked":"Chill","floor":12},{"not_picked":["Machine Learning","Buffer"],"picked":"Echo Form","floor":16},{"not_picked":["Turbo+1","Compile Driver"],"picked":"Ball Lightning","floor":18},{"not_picked":["Compile Driver","Melter"],"picked":"Beam Cell","floor":24},{"not_picked":["Beam Cell","Compile Driver+1"],"picked":"Coolheaded+1","floor":25},{"not_picked":["Steam Power+1","Loop"],"picked":"White Noise+1","floor":31},{"not_picked":["Electrodynamics","Seek+1"],"picked":"Creative AI","floor":33},{"not_picked":["Go for the Eyes","Loop"],"picked":"Chaos+1","floor":35},{"not_picked":["Compile Driver+1","Conserve Battery+1"],"picked":"Stack+1","floor":36},{"not_picked":["Turbo+1","Aggregate+1"],"picked":"Reinforced Body+1","floor":41},{"not_picked":["Rebound","Reprogram+1"],"picked":"Coolheaded+1","floor":44},{"not_picked":["Hyperbeam","Reprogram+1","Steam+1"],"picked":"SKIP","floor":46},{"not_picked":["Rebound","Sweeping Beam"],"picked":"Hologram+1","floor":48}],"player_experience":1039469,"relics_obtained":[{"floor":7,"key":"Art of War"},{"floor":9,"key":"Happy Flower"},{"floor":11,"key":"Mango"},{"floor":12,"key":"Toxic Egg 2"},{"floor":26,"key":"Pear"},{"floor":31,"key":"Omamori"},{"floor":41,"key":"Whetstone"},{"floor":43,"key":"Regal Pillow"},{"floor":44,"key":"The Courier"}],"event_choices":[{"damage_healed":17,"gold_gain":0,"player_choice":"Healed","damage_taken":0,"max_hp_gain":0,"max_hp_loss":0,"event_name":"The Cleric","floor":3,"gold_loss":35},{"damage_healed":0,"gold_gain":0,"player_choice":"Ignored","damage_taken":0,"max_hp_gain":0,"max_hp_loss":0,"event_name":"Liars Game","floor":5,"gold_loss":0},{"damage_healed":0,"gold_gain":0,"player_choice":"Entered Light","damage_taken":26,"max_hp_gain":0,"max_hp_loss":0,"event_name":"Shining Light","floor":14,"gold_loss":0,"cards_upgraded":["Defend_B","BootSequence"]},{"damage_healed":0,"gold_gain":0,"player_choice":"Read","damage_taken":0,"max_hp_gain":0,"max_hp_loss":0,"event_name":"The Library","floor":19,"gold_loss":0,"cards_obtained":["Static Discharge"]},{"damage_healed":0,"gold_gain":0,"player_choice":"Ignored","damage_taken":0,"max_hp_gain":0,"max_hp_loss":0,"event_name":"Vampires","floor":20,"gold_loss":0},{"damage_healed":0,"gold_gain":0,"player_choice":"Opened","damage_taken":0,"relics_obtained":["Pocketwatch"],"max_hp_gain":0,"max_hp_loss":0,"event_name":"The Mausoleum","floor":21,"gold_loss":0,"cards_obtained":["Writhe"]},{"cards_removed":["Reprogram"],"damage_healed":0,"gold_gain":0,"player_choice":"Elegance","damage_taken":0,"max_hp_gain":0,"max_hp_loss":0,"event_name":"Back to Basics","floor":28,"gold_loss":0},{"damage_healed":0,"gold_gain":0,"player_choice":"Ignored","damage_taken":0,"max_hp_gain":0,"max_hp_loss":0,"event_name":"Transmorgrifier","floor":29,"gold_loss":0},{"damage_healed":0,"gold_gain":0,"player_choice":"Paid","damage_taken":0,"relics_obtained":["Red Mask"],"max_hp_gain":0,"max_hp_loss":0,"event_name":"Tomb of Lord Red Mask","floor":37,"gold_loss":185},{"damage_healed":0,"gold_gain":0,"player_choice":"Embrace Madness","damage_taken":17,"max_hp_gain":0,"max_hp_loss":0,"event_name":"Winding Halls","floor":39,"gold_loss":0,"cards_obtained":["Madness","Madness"]}],"is_beta":false,"boss_relics":[{"not_picked":["Calling Bell","Busted Crown"],"picked":"Pandora\u0027s Box"},{"not_picked":["Inserter","Sozu"],"picked":"Cursed Key"}],"items_purged_floors":[4,22],"is_endless":false,"potions_floor_spawned":[2,7,16,24,25,31,41,44,48],"ascension_level":16}