{"gold_per_floor":[115,190,115,127,147,180,180,245,245,245,257,284,15,15,15,15],"floor_reached":16,"playtime":774,"items_purged":["Bash","Strike_R"],"score":205,"play_id":"9f6aaa28-a2dc-4c37-86ac-167e9d606c4b","local_time":"20190219203743","is_ascension_mode":true,"campfire_choices":[{"data":"Armaments","floor":7,"key":"SMITH"},{"floor":10,"key":"REST"},{"floor":15,"key":"REST"}],"neow_cost":"NONE","seed_source_timestamp":361311223650319,"circlet_count":0,"master_deck":["AscendersBane","Strike_R","Strike_R","Strike_R","Strike_R","Defend_R","Defend_R","Defend_R","Defend_R","Armaments+1","Clothesline","Iron Wave","Uppercut","Spot Weakness","Inflame","True Grit","Regret"],"relics":["Burning Blood","NeowsBlessing","Torii","Oddly Smooth Stone","Mango","Smiling Mask","MealTicket","Happy Flower"],"potions_floor_usage":[6],"damage_taken":[{"damage":0,"enemies":"2 Louse","floor":1,"turns":1},{"damage":0,"enemies":"Small Slimes","floor":4,"turns":1},{"damage":0,"enemies":"Jaw Worm","floor":5,"turns":1},{"damage":47,"enemies":"Gremlin Nob","floor":6,"turns":5},{"damage":22,"enemies":"3 Sentries","floor":8,"turns":11},{"damage":26,"enemies":"Exordium Thugs","floor":11,"turns":5},{"damage":13,"enemies":"3 Sentries","floor":12,"turns":7},{"damage":57,"enemies":"The Guardian","floor":16,"turns":11}],"seed_played":"-2253554276796957343","potions_obtained":[{"floor":1,"key":"SteroidPotion"}],"is_trial":false,"path_per_floor":["M","?","$","M","M","E","R","?","T","R","M","E","$","?","R","B"],"character_chosen":"IRONCLAD","items_purchased":["MealTicket"],"campfire_rested":2,"item_purchase_floors":[13],"current_hp_per_floor":[74,63,63,69,75,34,34,18,32,58,38,31,31,31,57,0],"gold":15,"neow_bonus":"THREE_ENEMY_KILL","is_prod":false,"is_daily":false,"chose_seed":false,"campfire_upgraded":1,"win_rate":0,"timestamp":1550633863,"path_taken":["M","?","$","M","M","E","R","?","T","R","M","E","$","?","R","BOSS"],"build_version":"2019-01-23","purchased_purges":2,"victory":false,"max_hp_per_floor":[75,75,75,75,75,75,75,75,89,89,89,89,89,89,89,89],"card_choices":[{"not_picked":["Pummel","Clothesline"],"picked":"Armaments","floor":1},{"not_picked":["Perfected Strike","Armaments"],"picked":"Clothesline","floor":4},{"not_picked":["Thunderclap","Perfected Strike"],"picked":"Iron Wave","floor":5},{"not_picked":["Offering","Shrug It Off"],"picked":"Uppercut","floor":6},{"not_picked":["Thunderclap","Headbutt"],"picked":"Spot Weakness","floor":8},{"not_picked":["Perfected Strike","Pummel"],"picked":"Inflame","floor":11},{"not_picked":["Twin Strike","Flex"],"picked":"True Grit","floor":12}],"player_experience":1180035,"relics_obtained":[{"floor":6,"key":"Torii"},{"floor":8,"key":"Oddly Smooth Stone"},{"floor":9,"key":"Mango"},{"floor":12,"key":"Smiling Mask"}],"event_choices":[{"damage_healed":0,"gold_gain":75,"player_choice":"Gather Gold","damage_taken":11,"max_hp_gain":0,"max_hp_loss":0,"event_name":"World of Goop","floor":2,"gold_loss":0},{"damage_healed":0,"gold_gain":0,"player_choice":"Searched \u00272\u0027 times","damage_taken":0,"max_hp_gain":0,"max_hp_loss":0,"event_name":"Dead Adventurer","floor":8,"gold_loss":0},{"damage_healed":0,"gold_gain":0,"player_choice":"Box","damage_taken":0,"relics_obtained":["Happy Flower"],"max_hp_gain":0,"max_hp_loss":0,"event_name":"Big Fish","floor":14,"gold_loss":0,"cards_obtained":["Regret"]}],"is_beta":false,"boss_relics":[],"items_purged_floors":[3,13],"is_endless":false,"potions_floor_spawned":[1],"killed_by":"The Guardian","ascension_level":18}