{"gold_per_floor":[118,129,142,142,161,161,190,206,233,233,408,425,452,402,402,501,501,517,527,5,16,16,44,44,44,70,102,102,129,149,177,177,274,274,285,222,222,239,251,286,302,336,336,367,378,84,97,109,109,109],"floor_reached":51,"playtime":5585,"items_purged":["Strike_R","Searing Blow"],"score":884,"play_id":"e3e784ba-9910-4cd6-916c-3495ccd620f1","local_time":"20180917162629","is_ascension_mode":false,"campfire_choices":[{"data":"Metallicize","floor":6,"key":"SMITH"},{"data":"Metallicize","floor":10,"key":"SMITH"},{"data":"Iron Wave","floor":15,"key":"SMITH"},{"data":"Feed","floor":24,"key":"SMITH"},{"data":"Pommel Strike","floor":28,"key":"SMITH"},{"data":"Seeing Red","floor":32,"key":"SMITH"},{"floor":49,"key":"REST"}],"neow_cost":"NONE","seed_source_timestamp":320772272391470,"circlet_count":0,"master_deck":["Strike_R","Strike_R","Strike_R","Defend_R","Defend_R","Defend_R","Defend_R","Bash","Iron Wave+1","Shrug It Off+1","Spot Weakness+1","Metallicize+1","Twin Strike","Metallicize+1","Pommel Strike+1","Twin Strike","Perfected Strike","Feed+1","Shockwave+1","Body Slam+1","Metallicize+1","Headbutt+1","Armaments+1","Seeing Red+1","Flex","Berserk","Shrug It Off","Metallicize","Warcry+1","Fire Breathing","Inflame+1","Battle Trance+1","Flex+1","Metallicize","Infernal Blade","Entrench+1","Infernal Blade","Dropkick+1","Iron Wave+1"],"relics":["Black Blood","Kunai","Centennial Puzzle","Bronze Scales","DollysMirror","Meat on the Bone","Red Mask","CultistMask","Pen Nib","Regal Pillow","War Paint","Vajra","Mark of Pain","Molten Egg 2","Prayer Wheel","PreservedInsect","Pear","Letter Opener","Oddly Smooth Stone","ClockworkSouvenir"],"potions_floor_usage":[7,13,13,23,23,27,33,33,37,40,42,42,50,50],"damage_taken":[{"damage":6,"enemies":"Jaw Worm","floor":1,"turns":4},{"damage":0,"enemies":"Cultist","floor":2,"turns":5},{"damage":2,"enemies":"Small Slimes","floor":3,"turns":4},{"damage":1,"enemies":"2 Fungi Beasts","floor":5,"turns":4},{"damage":30,"enemies":"Lagavulin","floor":7,"turns":6},{"damage":0,"enemies":"Blue Slaver","floor":8,"turns":5},{"damage":6,"enemies":"Large Slime","floor":12,"turns":7},{"damage":0,"enemies":"Gremlin Nob","floor":13,"turns":2},{"damage":40,"enemies":"Slime Boss","floor":16,"turns":10},{"damage":2,"enemies":"Chosen","floor":18,"turns":4},{"damage":14,"enemies":"Spheric Guardian","floor":19,"turns":5},{"damage":6,"enemies":"Chosen and Byrds","floor":21,"turns":6},{"damage":27,"enemies":"Masked Bandits","floor":23,"turns":6},{"damage":28,"enemies":"Gremlin Leader","floor":27,"turns":5},{"damage":17,"enemies":"Book of Stabbing","floor":29,"turns":6},{"damage":21,"enemies":"Centurion and Healer","floor":30,"turns":6},{"damage":31,"enemies":"Slavers","floor":31,"turns":5},{"damage":19,"enemies":"Champ","floor":33,"turns":12},{"damage":5,"enemies":"Orb Walker","floor":35,"turns":3},{"damage":8,"enemies":"Mind Bloom Boss Battle","floor":37,"turns":6},{"damage":13,"enemies":"3 Darklings","floor":38,"turns":6},{"damage":2,"enemies":"4 Shapes","floor":39,"turns":8},{"damage":32,"enemies":"Giant Head","floor":40,"turns":7},{"damage":31,"enemies":"Reptomancer","floor":41,"turns":6},{"damage":22,"enemies":"Nemesis","floor":42,"turns":7},{"damage":15,"enemies":"2 Orb Walkers","floor":44,"turns":4},{"damage":3,"enemies":"3 Darklings","floor":45,"turns":5},{"damage":3,"enemies":"Maw","floor":47,"turns":7},{"damage":16,"enemies":"Sphere and 2 Shapes","floor":48,"turns":7},{"damage":49,"enemies":"Awakened One","floor":50,"turns":8}],"seed_played":"4815647353003644573","potions_obtained":[{"floor":2,"key":"Regen Potion"},{"floor":5,"key":"Energy Potion"},{"floor":7,"key":"AttackPotion"},{"floor":12,"key":"SteroidPotion"},{"floor":16,"key":"FearPotion"},{"floor":19,"key":"FearPotion"},{"floor":30,"key":"Weak Potion"},{"floor":31,"key":"Dexterity Potion"},{"floor":33,"key":"BloodPotion"},{"floor":35,"key":"PowerPotion"},{"floor":40,"key":"EssenceOfSteel"},{"floor":41,"key":"Regen Potion"},{"floor":42,"key":"FearPotion"},{"floor":48,"key":"FearPotion"}],"is_trial":false,"path_per_floor":["M","M","M","?","M","R","E","M","T","R","?","M","E","?","R","B",null,"M","M","$","M","?","?","R","?","T","E","R","E","M","E","R","B",null,"M","?","?","M","M","E","M","E","T","E","M","$","M","M","R","B"],"character_chosen":"IRONCLAD","items_purchased":["DollysMirror","Meat on the Bone","ClockworkSouvenir"],"campfire_rested":1,"item_purchase_floors":[20,20,46],"current_hp_per_floor":[80,80,80,80,80,80,56,62,62,62,62,62,68,68,68,34,80,80,76,76,83,83,66,66,66,66,57,57,62,63,58,58,65,91,95,95,95,92,95,82,61,68,68,63,70,70,77,71,105,66],"gold":109,"neow_bonus":"THREE_CARDS","is_prod":false,"is_daily":false,"chose_seed":false,"campfire_upgraded":6,"win_rate":0,"timestamp":1537215989,"path_taken":["M","M","M","?","M","R","E","M","T","R","?","M","E","?","R","BOSS","M","M","$","M","?","?","R","?","T","E","R","E","M","E","R","BOSS","M","?","?","M","M","E","M","E","T","E","M","$","?","M","R","BOSS"],"build_version":"2018-09-06","purchased_purges":2,"victory":true,"max_hp_per_floor":[80,80,80,80,80,80,80,80,80,80,80,80,80,80,80,80,80,80,80,80,83,83,83,83,83,83,83,83,83,83,87,87,91,91,95,95,95,95,95,95,95,105,105,105,105,105,105,105,105,105],"card_choices":[{"not_picked":["Cleave","Shrug It Off"],"picked":"Iron Wave","floor":0},{"not_picked":["Anger","Reckless Charge"],"picked":"Shrug It Off","floor":1},{"not_picked":["Entrench","Blood for Blood"],"picked":"Spot Weakness","floor":2},{"not_picked":["Iron Wave","Heavy Blade"],"picked":"Metallicize","floor":3},{"not_picked":["Sever Soul","Disarm"],"picked":"Twin Strike","floor":5},{"not_picked":["Shrug It Off","Sword Boomerang"],"picked":"Metallicize","floor":7},{"not_picked":["Evolve","Sentinel"],"picked":"Pommel Strike","floor":8},{"not_picked":["Ghostly Armor","Havoc"],"picked":"Twin Strike","floor":12},{"not_picked":["Twin Strike","Body Slam"],"picked":"Perfected Strike","floor":13},{"not_picked":["Fiend Fire","Dark Embrace"],"picked":"Feed","floor":16},{"not_picked":["Carnage+1","Heavy Blade"],"picked":"Shockwave+1","floor":18},{"not_picked":["Second Wind","Cleave"],"picked":"Body Slam+1","floor":19},{"not_picked":["Burning Pact","Body Slam"],"picked":"Headbutt+1","floor":21},{"not_picked":["Flex","Perfected Strike+1"],"picked":"Armaments+1","floor":27},{"not_picked":["Immolate","Pommel Strike","Brutality"],"picked":"SKIP","floor":29},{"not_picked":["Warcry+1","Sever Soul"],"picked":"Seeing Red","floor":30},{"not_picked":["Shockwave","Second Wind"],"picked":"Flex","floor":31},{"not_picked":["Demon Form","Double Tap"],"picked":"Berserk","floor":33},{"not_picked":["Havoc","Anger+1"],"picked":"Shrug It Off","floor":35},{"not_picked":["Twin Strike+1","Sentinel+1"],"picked":"Metallicize","floor":37},{"not_picked":["Shrug It Off+1","Uppercut+1"],"picked":"Warcry+1","floor":38},{"not_picked":["Clash+1","Cleave+1","Thunderclap+1"],"picked":"SKIP","floor":38},{"not_picked":["Impervious","True Grit+1"],"picked":"Fire Breathing","floor":39},{"not_picked":["Rampage+1","Sword Boomerang+1"],"picked":"Inflame+1","floor":39},{"not_picked":["Cleave+1","Second Wind+1","Fiend Fire+1"],"picked":"SKIP","floor":40},{"not_picked":["Sever Soul+1","Whirlwind+1"],"picked":"Battle Trance+1","floor":41},{"not_picked":["Thunderclap+1","Headbutt+1"],"picked":"Flex+1","floor":41},{"not_picked":["Cleave+1","Spot Weakness+1"],"picked":"Metallicize","floor":42},{"not_picked":["Juggernaut","Iron Wave+1"],"picked":"Infernal Blade","floor":44},{"not_picked":["Combust+1","Flame Barrier+1"],"picked":"Entrench+1","floor":45},{"not_picked":["Clothesline+1","Sever Soul+1","Anger+1"],"picked":"SKIP","floor":45},{"not_picked":["Heavy Blade+1","Twin Strike+1"],"picked":"Infernal Blade","floor":47},{"not_picked":["Cleave+1","Heavy Blade+1"],"picked":"Dropkick+1","floor":47},{"not_picked":["Perfected Strike+1","Twin Strike+1"],"picked":"Iron Wave+1","floor":48},{"not_picked":["Thunderclap+1","Burning Pact+1","Carnage+1"],"picked":"SKIP","floor":48}],"player_experience":113099,"relics_obtained":[{"floor":7,"key":"Kunai"},{"floor":9,"key":"Centennial Puzzle"},{"floor":13,"key":"Bronze Scales"},{"floor":23,"key":"Red Mask"},{"floor":26,"key":"Pen Nib"},{"floor":27,"key":"Regal Pillow"},{"floor":29,"key":"War Paint"},{"floor":31,"key":"Vajra"},{"floor":37,"key":"Prayer Wheel"},{"floor":40,"key":"PreservedInsect"},{"floor":42,"key":"Pear"},{"floor":43,"key":"Letter Opener"},{"floor":44,"key":"Oddly Smooth Stone"}],"event_choices":[{"event_name":"Transmorgrifier","player_choice":"Transform","floor":4,"damage_taken":0},{"event_name":"Liars Game","player_choice":"agreed","floor":11,"damage_taken":0},{"event_name":"The Cleric","player_choice":"Card Removal","floor":14,"damage_taken":0},{"event_name":"Vampires","player_choice":"Ignored","floor":22,"damage_taken":0},{"event_name":"Masked Bandits","player_choice":"Fought Bandits","floor":23,"damage_taken":0},{"event_name":"FaceTrader","player_choice":"Trade","floor":25,"damage_taken":0},{"event_name":"WeMeetAgain","player_choice":"Gold","floor":36,"damage_taken":0},{"event_name":"MindBloom","player_choice":"Fight","floor":37,"damage_taken":0}],"is_beta":false,"boss_relics":[{"not_picked":["Orrery","Runic Dome"],"picked":"Black Blood"},{"not_picked":["Runic Cube","Empty Cage"],"picked":"Mark of Pain"}],"items_purged_floors":[20,46],"is_endless":false,"potions_floor_spawned":[2,5,7,12,16,19,30,31,33,35,40,41,42,48],"ascension_level":0}