{"gold_per_floor":[110,110,124,28,43,87,102,102,102,24,24,63,63,86,86,179,179,179,179,179,104,104],"floor_reached":22,"playtime":745,"items_purged":["Strike_B"],"score":372,"play_id":"1165d31c-c297-4f21-b56a-9f1a0a8b3f91","local_time":"20190306022350","is_ascension_mode":true,"campfire_choices":[{"floor":8,"key":"REST"},{"floor":13,"key":"REST"},{"data":"Sunder","floor":15,"key":"SMITH"}],"neow_cost":"NONE","seed_source_timestamp":352026713076930,"circlet_count":0,"master_deck":["AscendersBane","Strike_B","Strike_B","Strike_B","Defend_B","Defend_B","Defend_B","Defend_B","Zap","Dualcast","Steam","Capacitor","Sunder+1","Hologram","Go for the Eyes","Ball Lightning","Sweeping Beam","Glacier","Coolheaded","Gash","All For One","Defragment","Conserve Battery","Hello World+1"],"relics":["Cracked Core","Golden Idol","Centennial Puzzle","Bronze Scales","Mummified Hand","Ectoplasm"],"potions_floor_usage":[6,16,19],"damage_taken":[{"damage":4,"enemies":"Small Slimes","floor":1,"turns":3},{"damage":0,"enemies":"Cultist","floor":3,"turns":3},{"damage":7,"enemies":"Jaw Worm","floor":5,"turns":4},{"damage":16,"enemies":"Lagavulin","floor":6,"turns":8},{"damage":12,"enemies":"Exordium Thugs","floor":7,"turns":4},{"damage":17,"enemies":"3 Sentries","floor":12,"turns":6},{"damage":0,"enemies":"Red Slaver","floor":14,"turns":3},{"damage":47,"enemies":"Slime Boss","floor":16,"turns":9},{"damage":14,"enemies":"Spheric Guardian","floor":18,"turns":4},{"damage":0,"enemies":"Chosen","floor":19,"turns":3},{"damage":29,"enemies":"Shelled Parasite and Fungi","floor":20,"turns":4}],"seed_played":"8527862847161685891","potions_obtained":[{"floor":3,"key":"Block Potion"},{"floor":5,"key":"Swift Potion"},{"floor":6,"key":"GamblersBrew"}],"is_trial":false,"path_per_floor":["M","?","M","$","M","E","M","R","T","$","?","E","R","M","R","B",null,"M","M","M","$","?"],"character_chosen":"DEFECT","items_purchased":["Sunder","Hologram","Glacier"],"campfire_rested":2,"item_purchase_floors":[4,4,10],"current_hp_per_floor":[67,67,67,67,60,44,32,55,55,55,55,38,61,61,61,14,62,48,48,19,19,0],"gold":104,"neow_bonus":"TEN_PERCENT_HP_BONUS","is_prod":false,"is_daily":false,"chose_seed":false,"campfire_upgraded":1,"win_rate":0,"timestamp":1551831830,"path_taken":["M","?","M","$","M","E","M","R","T","$","?","E","R","?","R","BOSS","M","M","M","$","?"],"build_version":"2019-01-23","purchased_purges":1,"victory":false,"max_hp_per_floor":[78,78,78,78,78,78,78,78,78,78,78,78,78,78,78,78,78,78,78,78,78,78],"card_choices":[{"not_picked":["Redo","Leap"],"picked":"Steam","floor":1},{"not_picked":["Auto Shields","Seek"],"picked":"Capacitor","floor":3},{"not_picked":["Barrage","Stack"],"picked":"Go for the Eyes","floor":5},{"not_picked":["Aggregate","Force Field"],"picked":"Ball Lightning","floor":6},{"not_picked":["Lockon","Barrage"],"picked":"Sweeping Beam","floor":7},{"not_picked":["Storm","Streamline"],"picked":"Coolheaded","floor":12},{"not_picked":["Steam","Ball Lightning"],"picked":"Gash","floor":14},{"not_picked":["Meteor Strike","Electrodynamics"],"picked":"All For One","floor":16},{"not_picked":["Gash","Streamline"],"picked":"Defragment","floor":18},{"not_picked":["Beam Cell","Sweeping Beam"],"picked":"Conserve Battery","floor":19},{"not_picked":["Stack","Cold Snap"],"picked":"Hello World+1","floor":20}],"player_experience":760054,"relics_obtained":[{"floor":6,"key":"Centennial Puzzle"},{"floor":9,"key":"Bronze Scales"},{"floor":12,"key":"Mummified Hand"}],"event_choices":[{"damage_healed":0,"gold_gain":0,"player_choice":"Take Wound","damage_taken":0,"relics_obtained":["Golden Idol"],"max_hp_gain":0,"max_hp_loss":0,"event_name":"Golden Idol","floor":2,"gold_loss":0,"cards_obtained":["Injury"]},{"cards_removed":["Injury"],"damage_healed":0,"gold_gain":0,"player_choice":"Purged","damage_taken":0,"max_hp_gain":0,"max_hp_loss":0,"event_name":"Purifier","floor":11,"gold_loss":0}],"is_beta":false,"boss_relics":[{"not_picked":["Velvet Choker","FrozenCore"],"picked":"Ectoplasm"}],"items_purged_floors":[21],"is_endless":false,"potions_floor_spawned":[3,5,6],"ascension_level":18}