{"gold_per_floor":[118,131,4,4,4,4,15,15,68,87,87,87,119,131,131,226,226,239,239,259,273,287,287,319,319,319,329,345,371,371,45,45,45],"floor_reached":33,"playtime":2414,"items_purged":["Defend_G"],"score":316,"play_id":"055d7df5-36f2-4fd7-90f7-d6dbce846656","local_time":"20190310211602","is_ascension_mode":true,"campfire_choices":[{"data":"Infinite Blades","floor":6,"key":"SMITH"},{"data":"Accuracy","floor":8,"key":"SMITH"},{"floor":11,"key":"REST"},{"floor":15,"key":"REST"},{"floor":23,"key":"REST"},{"floor":25,"key":"REST"},{"data":"Accuracy","floor":32,"key":"SMITH"}],"neow_cost":"NONE","seed_source_timestamp":634227452963358,"circlet_count":0,"master_deck":["Defend_G","Defend_G","Defend_G","Strike_G","Strike_G","Strike_G","Strike_G+1","Strike_G","Survivor","Neutralize+1","Finisher","Blade Dance","Infinite Blades+1","PiercingWail","Accuracy+1","Blade Dance+1","Blur","PiercingWail","Phantasmal Killer","Acrobatics","Accuracy","Accuracy+1","Finisher"],"relics":["Ring of the Snake","NeowsBlessing","FossilizedHelix","Tiny Chest","Whetstone","Lizard Tail","Pocketwatch","Meat on the Bone","Snake Skull","Bottled Tornado"],"potions_floor_usage":[13,16,20,21,24,29,33],"damage_taken":[{"damage":0,"enemies":"Small Slimes","floor":1,"turns":1},{"damage":0,"enemies":"2 Louse","floor":2,"turns":1},{"damage":0,"enemies":"Jaw Worm","floor":7,"turns":1},{"damage":6,"enemies":"2 Fungi Beasts","floor":10,"turns":3},{"damage":9,"enemies":"3 Sentries","floor":13,"turns":6},{"damage":21,"enemies":"3 Louse","floor":14,"turns":3},{"damage":28,"enemies":"The Guardian","floor":16,"turns":9},{"damage":0,"enemies":"Chosen","floor":18,"turns":5},{"damage":13,"enemies":"Shell Parasite","floor":20,"turns":4},{"damage":27,"enemies":"Centurion and Healer","floor":21,"turns":5},{"damage":28,"enemies":"Cultist and Chosen","floor":22,"turns":8},{"damage":44,"enemies":"Book of Stabbing","floor":24,"turns":6},{"damage":6,"enemies":"Snecko","floor":27,"turns":4},{"damage":14,"enemies":"Snake Plant","floor":28,"turns":4},{"damage":13,"enemies":"Gremlin Leader","floor":29,"turns":6},{"damage":72,"enemies":"Automaton","floor":33,"turns":8}],"seed_played":"-7249003619841017870","potions_obtained":[{"floor":1,"key":"PowerPotion"},{"floor":2,"key":"GamblersBrew"},{"floor":16,"key":"Swift Potion"},{"floor":18,"key":"Strength Potion"},{"floor":22,"key":"Block Potion"},{"floor":27,"key":"Explosive Potion"},{"floor":29,"key":"Energy Potion"}],"is_trial":false,"path_per_floor":["M","M","$","?","?","R","M","R","T","M","R","?","E","M","R","B",null,"M","?","M","M","M","R","E","R","T","M","M","E","?","$","R","B"],"character_chosen":"THE_SILENT","items_purchased":["Infinite Blades","PiercingWail","Bottled Tornado"],"campfire_rested":4,"item_purchase_floors":[3,3,31],"current_hp_per_floor":[70,70,70,52,52,52,52,52,52,46,67,60,51,30,51,23,70,70,70,57,30,2,23,17,38,38,44,42,41,70,70,70,0],"gold":45,"neow_bonus":"THREE_ENEMY_KILL","is_prod":false,"is_daily":false,"chose_seed":false,"campfire_upgraded":3,"win_rate":0,"timestamp":1552263362,"path_taken":["M","M","$","?","?","R","M","R","T","?","R","?","E","M","R","BOSS","M","?","M","M","?","R","E","R","T","M","M","E","?","$","R","BOSS"],"build_version":"2019-01-23","purchased_purges":1,"victory":false,"max_hp_per_floor":[70,70,70,70,70,70,70,70,70,70,70,70,70,70,70,70,70,70,70,70,70,70,70,70,70,70,70,70,70,70,70,70,70],"card_choices":[{"not_picked":["Backflip","Riddle With Holes"],"picked":"Finisher","floor":1},{"not_picked":["Poisoned Stab","Dagger Spray"],"picked":"Blade Dance","floor":2},{"not_picked":["Backflip","Prepared"],"picked":"Accuracy","floor":7},{"not_picked":["Masterful Stab","Dodge and Roll"],"picked":"Blade Dance","floor":10},{"not_picked":["Noxious Fumes","Concentrate"],"picked":"Blur","floor":13},{"not_picked":["Blur","Setup"],"picked":"PiercingWail","floor":14},{"not_picked":["Doppelganger","Wraith Form v2"],"picked":"Phantasmal Killer","floor":16},{"not_picked":["Dagger Spray+1","Sucker Punch"],"picked":"Acrobatics","floor":18},{"not_picked":["Outmaneuver+1","Dagger Throw","Sucker Punch"],"picked":"SKIP","floor":20},{"not_picked":["Deadly Poison","Flying Knee+1","Grand Finale"],"picked":"SKIP","floor":21},{"not_picked":["Heel Hook","Concentrate"],"picked":"Accuracy","floor":22},{"not_picked":["Flying Knee+1","Quick Slash+1","Bane"],"picked":"SKIP","floor":24},{"not_picked":["Backflip","Skewer"],"picked":"Accuracy","floor":27},{"not_picked":["Sucker Punch","Leg Sweep"],"picked":"Finisher","floor":28},{"not_picked":["Acrobatics","Outmaneuver","Poisoned Stab+1"],"picked":"SKIP","floor":29}],"player_experience":157411,"relics_obtained":[{"floor":9,"key":"Tiny Chest"},{"floor":13,"key":"Whetstone"},{"floor":24,"key":"Pocketwatch"},{"floor":26,"key":"Meat on the Bone"},{"floor":29,"key":"Snake Skull"}],"event_choices":[{"damage_healed":0,"gold_gain":0,"player_choice":"Success","damage_taken":18,"relics_obtained":["FossilizedHelix"],"max_hp_gain":0,"max_hp_loss":0,"event_name":"Scrap Ooze","floor":4,"gold_loss":0},{"damage_healed":0,"gold_gain":0,"player_choice":"Ignored","damage_taken":0,"max_hp_gain":0,"max_hp_loss":0,"event_name":"Liars Game","floor":5,"gold_loss":0},{"cards_removed":["Defend_G"],"damage_healed":0,"gold_gain":0,"player_choice":"Card Removal","damage_taken":7,"max_hp_gain":0,"max_hp_loss":0,"event_name":"Golden Wing","floor":12,"gold_loss":0},{"damage_healed":0,"gold_gain":0,"player_choice":"Forge","damage_taken":0,"max_hp_gain":0,"max_hp_loss":0,"event_name":"Accursed Blacksmith","floor":19,"gold_loss":0,"cards_upgraded":["Blade Dance"]},{"damage_healed":29,"gold_gain":0,"player_choice":"Full Heal","damage_taken":0,"max_hp_gain":0,"max_hp_loss":0,"event_name":"Wheel of Change","floor":30,"gold_loss":0}],"is_beta":false,"boss_relics":[{"not_picked":["Fusion Hammer","Runic Dome"],"picked":"Lizard Tail"}],"items_purged_floors":[31],"is_endless":false,"potions_floor_spawned":[1,2,16,18,22,27,29],"killed_by":"Automaton","ascension_level":2}