{"gold_per_floor":[109,89,105,120,45,45,70,80,132,162,181,181,192,192,192,192],"floor_reached":16,"playtime":887,"items_purged":["Strike_R"],"score":227,"play_id":"9b2f6f07-f5b3-4a46-a39a-8b823ea66ce0","local_time":"20190211010843","is_ascension_mode":true,"campfire_choices":[{"data":"Iron Wave","floor":6,"key":"SMITH"},{"data":"Body Slam","floor":12,"key":"SMITH"},{"data":"Body Slam","floor":15,"key":"SMITH"}],"neow_cost":"PERCENT_DAMAGE","seed_source_timestamp":2010271315435338,"circlet_count":0,"master_deck":["AscendersBane","Strike_R","Strike_R","Strike_R","Strike_R","Defend_R","Defend_R","Defend_R","Defend_R","Bash","Iron Wave+1","Cleave","Entrench","Iron Wave","Body Slam+1","Body Slam+1","Clash"],"relics":["Burning Blood","Gremlin Horn","Strawberry","Oddly Smooth Stone"],"potions_floor_usage":[3,8,10,16],"damage_taken":[{"damage":5,"enemies":"2 Louse","floor":1,"turns":4},{"damage":11,"enemies":"Cultist","floor":3,"turns":4},{"damage":4,"enemies":"Jaw Worm","floor":4,"turns":5},{"damage":23,"enemies":"Gremlin Nob","floor":7,"turns":4},{"damage":8,"enemies":"3 Louse","floor":8,"turns":2},{"damage":5,"enemies":"3 Sentries","floor":10,"turns":9},{"damage":12,"enemies":"Large Slime","floor":11,"turns":5},{"damage":5,"enemies":"Looter","floor":13,"turns":3},{"damage":64,"enemies":"The Guardian","floor":16,"turns":7}],"seed_played":"-5121456380584599938","potions_obtained":[{"floor":2,"key":"AttackPotion"},{"floor":4,"key":"LiquidBronze"},{"floor":7,"key":"SpeedPotion"},{"floor":10,"key":"Swift Potion"}],"is_trial":false,"path_per_floor":["M","?","M","M","$","R","E","M","T","E","M","R","M","?","R","B"],"character_chosen":"IRONCLAD","items_purchased":[],"campfire_rested":0,"item_purchase_floors":[],"current_hp_per_floor":[65,65,60,62,62,62,45,43,50,51,45,45,46,46,46,0],"gold":192,"neow_bonus":"TWENTY_PERCENT_HP_BONUS","is_prod":false,"is_daily":false,"chose_seed":false,"campfire_upgraded":3,"win_rate":0,"timestamp":1549872523,"path_taken":["M","?","M","M","$","R","E","M","T","E","?","R","M","?","R","BOSS"],"build_version":"2019-01-23","purchased_purges":1,"victory":false,"max_hp_per_floor":[89,89,89,89,89,89,89,89,96,96,96,96,96,96,96,96],"card_choices":[{"not_picked":["Havoc","Warcry","Twin Strike"],"picked":"SKIP","floor":1},{"not_picked":["Sever Soul","Pommel Strike"],"picked":"Iron Wave","floor":3},{"not_picked":["Pommel Strike","Perfected Strike"],"picked":"Cleave","floor":4},{"not_picked":["Brutality","Rupture"],"picked":"Entrench","floor":7},{"not_picked":["Pommel Strike","Battle Trance"],"picked":"Iron Wave","floor":8},{"not_picked":["Armaments","Brutality"],"picked":"Body Slam","floor":10},{"not_picked":["Headbutt","Heavy Blade"],"picked":"Body Slam","floor":11},{"not_picked":["Fire Breathing","Wild Strike"],"picked":"Clash","floor":13}],"player_experience":1066361,"relics_obtained":[{"floor":7,"key":"Gremlin Horn"},{"floor":9,"key":"Strawberry"},{"floor":10,"key":"Oddly Smooth Stone"}],"event_choices":[{"damage_healed":0,"gold_gain":0,"player_choice":"Bought 1 Potion","damage_taken":0,"max_hp_gain":0,"max_hp_loss":0,"event_name":"The Woman in Blue","floor":2,"gold_loss":0},{"damage_healed":0,"gold_gain":0,"player_choice":"0 cards matched","damage_taken":0,"max_hp_gain":0,"max_hp_loss":0,"event_name":"Match and Keep!","floor":14,"gold_loss":0,"cards_obtained":[]}],"is_beta":false,"boss_relics":[],"items_purged_floors":[5],"is_endless":false,"potions_floor_spawned":[4,7,10],"killed_by":"The Guardian","ascension_level":16}