{"path_per_floor":["M","M","$","?","?","R","E","R","T","?","R","M","E","$","R","B",null,"M","?","T"],"character_chosen":"DEFECT","items_purchased":["Thunder Strike"],"gold_per_floor":[115,130,55,5,180,180,213,213,213,213,213,225,259,15,15,113,113,124,49,49,19],"floor_reached":21,"campfire_rested":1,"playtime":2123,"current_hp_per_floor":[75,75,75,75,75,75,75,75,75,75,75,75,48,48,70,40,66,7,7,7,0],"items_purged":["Strike_B","Doubt"],"gold":19,"score":260,"play_id":"eb9ac589-809a-4bb9-a0e5-725a62718481","local_time":"20180514213511","is_prod":false,"is_daily":false,"chose_seed":false,"is_ascension_mode":true,"campfire_upgraded":3,"timestamp":1526355311,"path_taken":["M","M","$","?","?","R","E","R","T","?","R","M","E","$","R","BOSS","M","?","?","?"],"build_version":"2018-05-12v2","seed_source_timestamp":433340851367919,"purchased_purges":2,"victory":false,"master_deck":["Strike_B","Strike_B","Defend_B","Defend_B","Defend_B","Defend_B","Zap+1","Dualcast+1","Rebound+1","Beam Cell+1","Thunder Strike+1","Electrodynamics","Parasite","Doubt","Self Repair"],"max_hp_per_floor":[75,75,75,75,75,75,75,75,75,75,75,75,75,75,75,75,75,75,75,75,75],"relics":["Cracked Core","NeowsBlessing","Molten Egg 2","Potion Belt","Orichalcum","Calling Bell","Mummified Hand","Blood Vial","Peace Pipe","Bottled Lightning"],"card_choices":[{"not_picked":["Hologram","Capacitor","Steam"],"picked":"SKIP","floor":1},{"not_picked":["Steam","Turbo"],"picked":"Rebound","floor":2},{"not_picked":["Capacitor","Steam"],"picked":"Beam Cell","floor":7},{"not_picked":["Coolheaded","Capacitor","Stack"],"picked":"SKIP","floor":12},{"not_picked":["Static Discharge","Capacitor","Hologram"],"picked":"SKIP","floor":13},{"not_picked":["Fission","Hyperbeam+1"],"picked":"Electrodynamics","floor":16},{"not_picked":["Auto Shields","Cold Snap+1"],"picked":"Self Repair","floor":18}],"player_experience":117103,"potions_floor_usage":[13,16,16,18,18,21],"damage_taken":[{"damage":0,"enemies":"Cultist","floor":1,"turns":1},{"damage":0,"enemies":"Jaw Worm","floor":2,"turns":1},{"damage":0,"enemies":"Lagavulin","floor":7,"turns":1},{"damage":0,"enemies":"2 Louse","floor":12,"turns":2},{"damage":27,"enemies":"Gremlin Nob","floor":13,"turns":4},{"damage":30,"enemies":"Hexaghost","floor":16,"turns":7},{"damage":61,"enemies":"Shell Parasite","floor":18,"turns":8},{"damage":13,"enemies":"2 Thieves","floor":21,"turns":1}],"event_choices":[{"event_name":"The Cleric","player_choice":"Card Removal","floor":4,"damage_taken":0},{"event_name":"Liars Game","player_choice":"agreed","floor":5,"damage_taken":0},{"event_name":"The Lab","player_choice":"Got Potions","floor":10,"damage_taken":0},{"event_name":"Beggar","player_choice":"Gave Gold","floor":19,"damage_taken":0}],"boss_relics":[{"not_picked":["White Beast Statue","Cursed Key"],"picked":"Calling Bell"}],"potions_floor_spawned":[2,12,13,18],"seed_played":"4620556306936043942","killed_by":"2 Thieves","ascension_level":5,"is_trial":false}