{"gold_per_floor":[112,112,37,37,69,81,122,134,146,185,17,36,36,53,53,149,149,149,24,24,24],"floor_reached":21,"playtime":1416,"items_purged":["Defend_R","Defend_R","Defend_R"],"score":206,"play_id":"7fade571-5273-4b70-9673-16d0204d8567","local_time":"20190311192046","is_ascension_mode":true,"campfire_choices":[{"data":"Searing Blow","floor":6,"key":"SMITH"},{"floor":8,"key":"REST"},{"data":"Searing Blow+1","floor":15,"key":"SMITH"}],"neow_cost":"NONE","seed_source_timestamp":714714496173305,"circlet_count":0,"master_deck":["Strike_R","Strike_R","Strike_R","Strike_R","Defend_R","Bash+1","Searing Blow+2","Shrug It Off","Spot Weakness","Metallicize","Shrug It Off","Clothesline+1","Dual Wield","Headbutt+1","Clothesline+1","Demon Form","Bludgeon+1","Ghostly Armor+1"],"relics":["Burning Blood","Molten Egg 2","MawBank","Prayer Wheel","Oddly Smooth Stone","Sundial","Ectoplasm"],"potions_floor_usage":[7,7,12],"damage_taken":[{"damage":7,"enemies":"2 Louse","floor":1,"turns":2},{"damage":14,"enemies":"Jaw Worm","floor":5,"turns":3},{"damage":21,"enemies":"Lagavulin","floor":7,"turns":5},{"damage":21,"enemies":"3 Sentries","floor":10,"turns":7},{"damage":4,"enemies":"Cultist","floor":12,"turns":3},{"damage":14,"enemies":"Red Slaver","floor":14,"turns":3},{"damage":36,"enemies":"Slime Boss","floor":16,"turns":10},{"damage":27,"enemies":"Spheric Guardian","floor":18,"turns":4},{"damage":41,"enemies":"3 Byrds","floor":20,"turns":5},{"damage":30,"enemies":"Snake Plant","floor":21,"turns":3}],"seed_played":"-8624730057060788303","potions_obtained":[{"floor":1,"key":"Weak Potion"},{"floor":5,"key":"Strength Potion"},{"floor":12,"key":"Fruit Juice"}],"is_trial":false,"path_per_floor":["M","?","$","?","M","R","E","R","T","E","$","M","?","M","R","B",null,"M","$","M","M"],"character_chosen":"IRONCLAD","items_purchased":["Shrug It Off","Clothesline+1"],"campfire_rested":1,"item_purchase_floors":[11,11],"current_hp_per_floor":[79,61,61,61,53,53,38,62,62,47,47,54,54,46,46,16,85,64,64,29,0],"gold":24,"neow_bonus":"UPGRADE_CARD","is_prod":false,"is_daily":false,"chose_seed":false,"campfire_upgraded":2,"win_rate":0,"timestamp":1552342846,"path_taken":["M","?","$","?","?","R","E","R","T","E","?","M","?","M","R","BOSS","M","$","M","M"],"build_version":"2019-01-23","purchased_purges":3,"victory":false,"max_hp_per_floor":[80,80,80,80,80,80,80,80,80,80,80,85,85,85,85,85,85,85,85,85,85],"card_choices":[{"not_picked":["Pummel","Havoc"],"picked":"Searing Blow","floor":1},{"not_picked":["Searing Blow+1","Feel No Pain"],"picked":"Shrug It Off","floor":5},{"not_picked":["Entrench","Armaments"],"picked":"Spot Weakness","floor":7},{"not_picked":["Heavy Blade+1","Uppercut+1"],"picked":"Metallicize","floor":10},{"not_picked":["Shockwave","Flex"],"picked":"Dual Wield","floor":12},{"not_picked":["Heavy Blade+1","Rage"],"picked":"Headbutt+1","floor":12},{"not_picked":["Evolve","Flex"],"picked":"Clothesline+1","floor":14},{"not_picked":["Wild Strike+1","Seeing Red"],"picked":"Demon Form","floor":14},{"not_picked":["Exhume","Feed+1"],"picked":"Bludgeon+1","floor":16},{"not_picked":["Wild Strike+1","Corruption"],"picked":"Ghostly Armor+1","floor":18},{"not_picked":["Twin Strike+1","Combust+1","Intimidate"],"picked":"SKIP","floor":18},{"not_picked":["Twin Strike+1","Combust+1","Intimidate"],"picked":"SKIP","floor":18},{"not_picked":["Clothesline+1","Pommel Strike+1","Wild Strike+1"],"picked":"SKIP","floor":20},{"not_picked":["Sentinel+1","Dual Wield","Rupture"],"picked":"SKIP","floor":20}],"player_experience":164596,"relics_obtained":[{"floor":4,"key":"MawBank"},{"floor":7,"key":"Prayer Wheel"},{"floor":9,"key":"Oddly Smooth Stone"},{"floor":10,"key":"Sundial"}],"event_choices":[{"damage_healed":0,"gold_gain":0,"player_choice":"Success","damage_taken":18,"relics_obtained":["Molten Egg 2"],"max_hp_gain":0,"max_hp_loss":0,"event_name":"Scrap Ooze","floor":2,"gold_loss":0},{"damage_healed":0,"gold_gain":0,"player_choice":"Relic","damage_taken":0,"max_hp_gain":0,"max_hp_loss":0,"event_name":"Wheel of Change","floor":4,"gold_loss":0},{"cards_removed":["Strike_R"],"damage_healed":0,"gold_gain":0,"player_choice":"Forget","damage_taken":0,"max_hp_gain":0,"max_hp_loss":0,"event_name":"Living Wall","floor":13,"gold_loss":0}],"is_beta":false,"boss_relics":[{"not_picked":["Tiny House","White Beast Statue"],"picked":"Ectoplasm"}],"items_purged_floors":[3,11,19],"is_endless":false,"potions_floor_spawned":[1,5,12],"killed_by":"Snake Plant","ascension_level":2}