{"gold_per_floor":[112,122,122,139,157,157,174,174,174,174,194,244,262,291,291,365,415,432,632,85,95,95],"floor_reached":22,"playtime":1498,"items_purged":["Strike_R"],"score":357,"play_id":"038fb850-9feb-452b-aa7f-b8c063ab8556","local_time":"20190218223227","is_ascension_mode":true,"campfire_choices":[{"data":"True Grit","floor":6,"key":"SMITH"},{"data":"Thunderclap","floor":8,"key":"SMITH"},{"data":"Pommel Strike","floor":10,"key":"SMITH"},{"data":"Body Slam","floor":15,"key":"SMITH"}],"neow_cost":"TEN_PERCENT_HP_LOSS","seed_source_timestamp":281068923537308,"circlet_count":0,"master_deck":["AscendersBane","Strike_R+1","Strike_R","Strike_R","Strike_R","Defend_R+1","Defend_R","Defend_R+1","Defend_R","Bash","Thunderclap+1","Pommel Strike+1","Cleave","True Grit+1","Inflame","Body Slam+1","Flame Barrier","Fiend Fire","Armaments","Body Slam+1","Magnetism"],"relics":["Burning Blood","Champion Belt","Sundial","Pantograph","Tiny House","Letter Opener"],"potions_floor_usage":[14,16,22,22],"damage_taken":[{"damage":7,"enemies":"2 Louse","floor":1,"turns":3},{"damage":11,"enemies":"Jaw Worm","floor":2,"turns":5},{"damage":0,"enemies":"Cultist","floor":4,"turns":3},{"damage":0,"enemies":"2 Fungi Beasts","floor":5,"turns":3},{"damage":10,"enemies":"Red Slaver","floor":7,"turns":3},{"damage":0,"enemies":"Blue Slaver","floor":11,"turns":3},{"damage":7,"enemies":"Large Slime","floor":13,"turns":4},{"damage":14,"enemies":"3 Sentries","floor":14,"turns":5},{"damage":55,"enemies":"Slime Boss","floor":16,"turns":10},{"damage":7,"enemies":"Chosen","floor":18,"turns":5},{"damage":58,"enemies":"2 Thieves","floor":21,"turns":5},{"damage":17,"enemies":"Centurion and Healer","floor":22,"turns":6}],"seed_played":"-3307315249070499338","potions_obtained":[{"floor":1,"key":"Explosive Potion"},{"floor":7,"key":"Weak Potion"},{"floor":16,"key":"Ancient Potion"},{"floor":17,"key":"Weak Potion"},{"floor":21,"key":"BloodPotion"}],"is_trial":false,"path_per_floor":["M","M","?","M","M","R","M","R","T","R","M","?","M","E","R","B",null,"M","?","$","M","M"],"character_chosen":"IRONCLAD","items_purchased":["Magnetism","Letter Opener"],"campfire_rested":0,"item_purchase_floors":[20,20],"current_hp_per_floor":[67,62,42,48,54,54,50,50,50,50,56,56,55,47,47,19,61,60,60,60,8,0],"gold":95,"neow_bonus":"ONE_RARE_RELIC","is_prod":false,"is_daily":false,"chose_seed":false,"campfire_upgraded":4,"win_rate":0,"timestamp":1550554347,"path_taken":["M","M","?","M","M","R","M","R","T","R","M","?","?","E","R","BOSS","M","?","$","M","?"],"build_version":"2019-01-23","purchased_purges":1,"victory":false,"max_hp_per_floor":[68,68,68,68,68,68,68,68,68,68,68,68,68,68,68,68,73,73,73,73,73,73],"card_choices":[{"not_picked":["Body Slam","Havoc"],"picked":"Thunderclap","floor":1},{"not_picked":["Shockwave","Heavy Blade"],"picked":"Pommel Strike","floor":2},{"not_picked":["Clothesline","Clash"],"picked":"Cleave","floor":4},{"not_picked":["Fire Breathing","Clash"],"picked":"True Grit","floor":5},{"not_picked":["Perfected Strike","Sword Boomerang","Wild Strike"],"picked":"SKIP","floor":7},{"not_picked":["Feed","Perfected Strike"],"picked":"Inflame","floor":11},{"not_picked":["Headbutt","Pommel Strike"],"picked":"Body Slam","floor":13},{"not_picked":["Dropkick","Feed"],"picked":"Flame Barrier","floor":14},{"not_picked":["Brutality","Bludgeon"],"picked":"Fiend Fire","floor":16},{"not_picked":["Bloodletting","Infernal Blade"],"picked":"Armaments","floor":17},{"not_picked":["Spot Weakness","Sword Boomerang"],"picked":"Body Slam+1","floor":18},{"not_picked":["Twin Strike","Entrench","Clash"],"picked":"SKIP","floor":21}],"player_experience":1172088,"relics_obtained":[{"floor":9,"key":"Sundial"},{"floor":14,"key":"Pantograph"}],"event_choices":[{"damage_healed":0,"gold_gain":0,"player_choice":"Entered Light","damage_taken":20,"max_hp_gain":0,"max_hp_loss":0,"event_name":"Shining Light","floor":3,"gold_loss":0,"cards_upgraded":["Defend_R","Strike_R"]},{"damage_healed":0,"gold_gain":50,"player_choice":"Pray","damage_taken":0,"max_hp_gain":0,"max_hp_loss":0,"event_name":"Golden Shrine","floor":12,"gold_loss":0},{"damage_healed":0,"gold_gain":200,"player_choice":"Gold","damage_taken":0,"max_hp_gain":0,"max_hp_loss":0,"event_name":"Wheel of Change","floor":19,"gold_loss":0}],"is_beta":false,"boss_relics":[{"not_picked":["Runic Pyramid","Lizard Tail"],"picked":"Tiny House"}],"items_purged_floors":[20],"is_endless":false,"potions_floor_spawned":[1,7,16,21],"killed_by":"Centurion and Healer","ascension_level":18}