{"gold_per_floor":[115,115,190,200,200,228,247,247,247,258,271,251,126,140,140,236,236,253,266,276,308,308,208,208,223,223,233,243,255,255,55,55,153,153,166,182,32,32,254,254,270,281,335,335,14,24,24,24,24,24],"floor_reached":51,"playtime":3002,"items_purged":["Strike_G","Strike_G","Strike_G","Strike_G","Strike_G"],"score":734,"play_id":"6ff124af-5669-4f2e-99eb-48a82fe4ed3a","local_time":"20190310154358","is_ascension_mode":true,"campfire_choices":[{"data":"Bouncing Flask","floor":8,"key":"SMITH"},{"data":"Noxious Fumes","floor":15,"key":"SMITH"},{"floor":24,"key":"REST"},{"floor":30,"key":"REST"},{"data":"Bouncing Flask","floor":32,"key":"SMITH"},{"floor":40,"key":"REST"},{"floor":44,"key":"REST"},{"data":"Catalyst","floor":49,"key":"SMITH"}],"neow_cost":"NONE","seed_source_timestamp":613685081453193,"circlet_count":0,"master_deck":["Defend_G","Defend_G","Defend_G","Defend_G","Survivor","Neutralize","Deadly Poison","Bouncing Flask+1","Adrenaline","Bane","Noxious Fumes+1","Corpse Explosion","Crippling Poison","Adrenaline","Bouncing Flask+1","PiercingWail","Bouncing Flask+1","Catalyst+1","Outmaneuver+1"],"relics":["Ring of the Snake","NeowsBlessing","Torii","Pear","Pantograph","Lizard Tail","Red Mask","MutagenicStrength","Ornamental Fan","Velvet Choker","Bag of Marbles"],"potions_floor_usage":[7,16,29,29,29,33,46,50,50],"damage_taken":[{"damage":0,"enemies":"2 Louse","floor":1,"turns":1},{"damage":0,"enemies":"Jaw Worm","floor":4,"turns":1},{"damage":0,"enemies":"Lagavulin","floor":6,"turns":1},{"damage":0,"enemies":"Cultist","floor":7,"turns":3},{"damage":19,"enemies":"3 Louse","floor":10,"turns":3},{"damage":2,"enemies":"Gremlin Gang","floor":11,"turns":4},{"damage":0,"enemies":"Large Slime","floor":14,"turns":4},{"damage":8,"enemies":"Slime Boss","floor":16,"turns":8},{"damage":2,"enemies":"Chosen","floor":18,"turns":4},{"damage":1,"enemies":"Spheric Guardian","floor":19,"turns":3},{"damage":16,"enemies":"Centurion and Healer","floor":20,"turns":4},{"damage":21,"enemies":"Masked Bandits","floor":21,"turns":3},{"damage":6,"enemies":"Snake Plant","floor":25,"turns":4},{"damage":11,"enemies":"Snecko","floor":27,"turns":3},{"damage":21,"enemies":"Centurion and Healer","floor":28,"turns":4},{"damage":11,"enemies":"Shelled Parasite and Fungi","floor":29,"turns":4},{"damage":48,"enemies":"Collector","floor":33,"turns":6},{"damage":14,"enemies":"3 Shapes","floor":35,"turns":2},{"damage":14,"enemies":"Orb Walker","floor":36,"turns":3},{"damage":0,"enemies":"Transient","floor":41,"turns":5},{"damage":48,"enemies":"Jaw Worm Horde","floor":42,"turns":3},{"damage":5,"enemies":"Spire Growth","floor":46,"turns":3},{"damage":120,"enemies":"Awakened One","floor":50,"turns":11}],"seed_played":"5547851729204935590","potions_obtained":[{"floor":4,"key":"Fruit Juice"},{"floor":7,"key":"AttackPotion"},{"floor":10,"key":"SteroidPotion"},{"floor":25,"key":"SkillPotion"},{"floor":27,"key":"Dexterity Potion"},{"floor":28,"key":"Dexterity Potion"},{"floor":29,"key":"Weak Potion"},{"floor":35,"key":"Ancient Potion"},{"floor":42,"key":"Fire Potion"},{"floor":46,"key":"SkillPotion"}],"is_trial":false,"path_per_floor":["M","?","?","M","T","E","M","R","T","M","M","?","$","M","R","B",null,"M","M","M","?","?","$","R","M","T","M","M","M","R","$","R","B",null,"M","M","$","?","?","R","M","M","T","R","$","M","?","$","R","B",null],"character_chosen":"THE_SILENT","items_purchased":["Bane","Bouncing Flask","FairyPotion","Block Potion"],"campfire_rested":4,"item_purchase_floors":[13,31,45,45],"current_hp_per_floor":[70,63,52,52,52,62,67,67,67,48,46,46,46,46,46,63,85,83,82,66,45,45,45,70,64,64,53,32,21,46,46,46,23,85,71,57,57,57,57,82,82,34,34,59,59,54,54,54,54,22],"gold":24,"neow_bonus":"THREE_ENEMY_KILL","is_prod":false,"is_daily":false,"chose_seed":false,"campfire_upgraded":4,"win_rate":0,"timestamp":1552243438,"path_taken":["M","?","?","?","?","E","M","R","T","?","M","?","$","M","R","BOSS","M","M","?","?","?","$","R","M","T","M","M","M","R","$","R","BOSS","M","M","$","?","?","R","M","M","T","R","$","M","?","?","R","BOSS"],"build_version":"2019-01-23","purchased_purges":5,"victory":true,"max_hp_per_floor":[70,70,70,70,70,80,85,85,85,85,85,85,85,85,85,85,85,85,85,85,85,85,85,85,85,85,85,85,85,85,85,85,85,85,85,85,85,85,85,85,85,85,85,85,85,85,85,85,85,85],"card_choices":[{"not_picked":["Bane","PiercingWail"],"picked":"Deadly Poison","floor":1},{"not_picked":["Dagger Spray","Tactician","Terror"],"picked":"SKIP","floor":4},{"not_picked":["Dodge and Roll","Backstab"],"picked":"Bouncing Flask","floor":6},{"not_picked":["Flying Knee","Caltrops","Dagger Spray"],"picked":"SKIP","floor":7},{"not_picked":["Blade Dance","Backflip"],"picked":"Adrenaline","floor":10},{"not_picked":["Slice","Endless Agony","Flying Knee"],"picked":"SKIP","floor":11},{"not_picked":["Caltrops","Acrobatics"],"picked":"Noxious Fumes","floor":14},{"not_picked":["Tools of the Trade","Adrenaline"],"picked":"Corpse Explosion","floor":16},{"not_picked":["Dodge and Roll+1","Cloak And Dagger+1","Dagger Spray+1"],"picked":"SKIP","floor":18},{"not_picked":["Expertise","Backflip+1","Quick Slash"],"picked":"SKIP","floor":19},{"not_picked":["PiercingWail","Poisoned Stab"],"picked":"Crippling Poison","floor":20},{"not_picked":["Infinite Blades","Cloak And Dagger"],"picked":"Adrenaline","floor":21},{"not_picked":["Dagger Spray","Sucker Punch"],"picked":"Bouncing Flask+1","floor":25},{"not_picked":["Dagger Throw+1","Slice","Escape Plan"],"picked":"SKIP","floor":27},{"not_picked":["Bane","Deflect+1","Dodge and Roll"],"picked":"SKIP","floor":28},{"not_picked":["Prepared","Choke"],"picked":"PiercingWail","floor":29},{"not_picked":["Sucker Punch","Backflip+1","Blade Dance+1"],"picked":"SKIP","floor":35},{"not_picked":["Concentrate+1","Calculated Gamble","Quick Slash"],"picked":"SKIP","floor":36},{"not_picked":["Poisoned Stab","Backstab"],"picked":"Catalyst","floor":41},{"not_picked":["Blade Dance","Dodge and Roll","Flying Knee"],"picked":"SKIP","floor":42},{"not_picked":["Expertise+1","Phantasmal Killer"],"picked":"Outmaneuver+1","floor":46}],"player_experience":153232,"relics_obtained":[{"floor":5,"key":"Torii"},{"floor":6,"key":"Pear"},{"floor":9,"key":"Pantograph"},{"floor":21,"key":"Red Mask"},{"floor":26,"key":"Ornamental Fan"},{"floor":43,"key":"Bag of Marbles"}],"event_choices":[{"cards_removed":["Defend_G"],"damage_healed":0,"gold_gain":0,"player_choice":"Card Removal","damage_taken":7,"max_hp_gain":0,"max_hp_loss":0,"event_name":"Golden Wing","floor":2,"gold_loss":0},{"damage_healed":0,"gold_gain":75,"player_choice":"Gather Gold","damage_taken":11,"max_hp_gain":0,"max_hp_loss":0,"event_name":"World of Goop","floor":3,"gold_loss":0},{"damage_healed":0,"gold_gain":0,"player_choice":"Bought 1 Potion","damage_taken":0,"max_hp_gain":0,"max_hp_loss":0,"event_name":"The Woman in Blue","floor":12,"gold_loss":0},{"damage_healed":0,"gold_gain":0,"player_choice":"Fought Bandits","damage_taken":0,"max_hp_gain":0,"max_hp_loss":0,"event_name":"Masked Bandits","floor":21,"gold_loss":0},{"damage_healed":0,"gold_gain":0,"player_choice":"Inject Mutagens","damage_taken":0,"relics_obtained":["MutagenicStrength"],"max_hp_gain":0,"max_hp_loss":0,"event_name":"Drug Dealer","floor":22,"gold_loss":0},{"damage_healed":0,"gold_gain":0,"player_choice":"Ignored","damage_taken":0,"max_hp_gain":0,"max_hp_loss":0,"event_name":"Mysterious Sphere","floor":38,"gold_loss":0},{"damage_healed":0,"gold_gain":222,"player_choice":"Wore Mask","damage_taken":0,"max_hp_gain":0,"max_hp_loss":0,"event_name":"Tomb of Lord Red Mask","floor":39,"gold_loss":0},{"damage_healed":0,"gold_gain":0,"player_choice":"Memory 1","damage_taken":0,"max_hp_gain":0,"max_hp_loss":0,"event_name":"SensoryStone","floor":47,"gold_loss":0}],"is_beta":false,"boss_relics":[{"not_picked":["Sozu","White Beast Statue"],"picked":"Lizard Tail"},{"not_picked":["Eternal Feather","Black Star"],"picked":"Velvet Choker"}],"items_purged_floors":[13,23,31,37,45],"is_endless":false,"potions_floor_spawned":[4,7,10,25,27,28,29,35,42,46],"ascension_level":1}