{"gold_per_floor":[117,134,134,59,13,42,42,55,55,55,73,148,148,167,167,267,267,277,295,220,220,232,232,242,242,267,141,141,173,187,201,201,300,300,316,316,331,51,51,51,76,87,141,141,155,155,171,200,200,200],"floor_reached":51,"playtime":4422,"items_purged":["Pain","Strike_B","Strike_B"],"score":1123,"play_id":"a1900f5a-0aa0-4b59-9368-b098bcd98c6a","local_time":"20190202235732","is_ascension_mode":true,"campfire_choices":[{"floor":7,"key":"REST"},{"data":"Genetic Algorithm","floor":10,"key":"SMITH"},{"data":"Zap","floor":13,"key":"SMITH"},{"data":"Dualcast","floor":15,"key":"SMITH"},{"data":"Fission","floor":23,"key":"SMITH"},{"floor":25,"key":"REST"},{"floor":32,"key":"REST"},{"floor":40,"key":"REST"},{"floor":44,"key":"REST"},{"floor":46,"key":"REST"},{"floor":49,"key":"REST"}],"neow_cost":"NONE","seed_source_timestamp":1311227508368864,"circlet_count":0,"master_deck":["AscendersBane","Defend_B+1","Defend_B","Defend_B","Defend_B","Zap+1","Dualcast+1","Coolheaded+1","Genetic Algorithm+1","Barrage","All For One","Hologram","Go for the Eyes+1","Defragment","Fission+1","Capacitor","Defragment","Gash","Beam Cell+1","Gash","Chill","Tempest","Creative AI","Chaos+1","Madness","Madness","Heatsinks+1"],"relics":["Cracked Core","Centennial Puzzle","WarpedTongs","War Paint","Darkstone Periapt","Sozu","PreservedInsect","Orichalcum","Busted Crown","Whetstone","Pear","Omamori","Juzu Bracelet"],"potions_floor_usage":[6,16,24],"damage_taken":[{"damage":1,"enemies":"Small Slimes","floor":1,"turns":3},{"damage":0,"enemies":"Cultist","floor":2,"turns":4},{"damage":55,"enemies":"Lagavulin","floor":6,"turns":6},{"damage":4,"enemies":"Jaw Worm","floor":8,"turns":4},{"damage":1,"enemies":"3 Louse","floor":11,"turns":4},{"damage":2,"enemies":"Looter","floor":14,"turns":3},{"damage":18,"enemies":"The Guardian","floor":16,"turns":8},{"damage":3,"enemies":"Spheric Guardian","floor":18,"turns":3},{"damage":4,"enemies":"3 Byrds","floor":19,"turns":5},{"damage":21,"enemies":"Shelled Parasite and Fungi","floor":22,"turns":5},{"damage":18,"enemies":"Cultist and Chosen","floor":24,"turns":6},{"damage":17,"enemies":"Gremlin Leader","floor":29,"turns":5},{"damage":12,"enemies":"Snake Plant","floor":30,"turns":4},{"damage":3,"enemies":"Snecko","floor":31,"turns":6},{"damage":18,"enemies":"Champ","floor":33,"turns":7},{"damage":0,"enemies":"3 Shapes","floor":35,"turns":2},{"damage":9,"enemies":"3 Darklings","floor":37,"turns":5},{"damage":39,"enemies":"Reptomancer","floor":41,"turns":4},{"damage":13,"enemies":"Transient","floor":42,"turns":5},{"damage":1,"enemies":"Writhing Mass","floor":45,"turns":5},{"damage":16,"enemies":"3 Darklings","floor":47,"turns":4},{"damage":0,"enemies":"Giant Head","floor":48,"turns":5},{"damage":14,"enemies":"Donu and Deca","floor":50,"turns":7}],"seed_played":"-6879583000275950907","potions_obtained":[{"floor":1,"key":"Regen Potion"},{"floor":6,"key":"Poison Potion"},{"floor":8,"key":"Block Potion"}],"is_trial":false,"path_per_floor":["M","M","?","$","$","E","R","M","T","R","M","?","R","M","R","B",null,"M","M","?","?","M","R","M","R","T","$","?","E","M","M","R","B",null,"M","$","M","$","?","R","E","M","T","R","M","R","M","E","R","B",null],"character_chosen":"DEFECT","items_purchased":["Barrage","Gash","Whetstone"],"campfire_rested":7,"item_purchase_floors":[5,27,38],"current_hp_per_floor":[67,67,67,67,67,26,48,44,44,44,43,32,32,30,30,12,59,56,52,52,52,31,31,13,35,35,35,35,18,6,3,25,7,58,58,58,49,49,40,62,33,20,20,45,44,69,53,53,78,64],"gold":200,"neow_bonus":"RANDOM_COMMON_RELIC","is_prod":false,"is_daily":false,"chose_seed":false,"campfire_upgraded":4,"win_rate":0,"timestamp":1549177052,"path_taken":["M","M","?","?","$","E","R","?","T","R","M","?","R","M","R","BOSS","M","M","?","?","?","R","M","R","T","?","?","E","M","M","R","BOSS","M","?","M","$","?","R","E","M","T","R","M","R","M","E","R","BOSS"],"build_version":"2019-01-23","purchased_purges":3,"victory":true,"max_hp_per_floor":[75,75,75,75,75,75,75,75,75,75,75,75,75,75,75,75,75,75,75,75,75,75,75,75,75,75,75,75,75,75,75,75,75,75,75,75,75,75,75,75,85,85,85,85,85,85,85,85,85,85],"card_choices":[{"not_picked":["Heatsinks","Lockon"],"picked":"Coolheaded","floor":1},{"not_picked":["Consume","Barrage"],"picked":"Genetic Algorithm","floor":2},{"not_picked":["Barrage","Gash"],"picked":"All For One","floor":6},{"not_picked":["Double Energy","Darkness"],"picked":"Hologram","floor":8},{"not_picked":["Darkness","Leap"],"picked":"Go for the Eyes","floor":11},{"not_picked":["Rebound","Beam Cell"],"picked":"Defragment","floor":14},{"not_picked":["Buffer","Meteor Strike"],"picked":"Fission","floor":16},{"not_picked":["Rebound","Leap"],"picked":"Capacitor","floor":18},{"not_picked":["Compile Driver","Streamline"],"picked":"Defragment","floor":19},{"not_picked":["Compile Driver","Streamline"],"picked":"Gash","floor":22},{"not_picked":["Conserve Battery","Rebound"],"picked":"Beam Cell","floor":24},{"not_picked":["Rip and Tear","Amplify"],"picked":"Chill","floor":29},{"not_picked":["Sweeping Beam","Reprogram","Stack+1"],"picked":"SKIP","floor":30},{"not_picked":["Rip and Tear","Coolheaded"],"picked":"Tempest","floor":31},{"not_picked":["Thunder Strike","Multi-Cast"],"picked":"Creative AI","floor":33},{"not_picked":[],"picked":"Chaos+1","floor":35},{"not_picked":["Steam Power"],"picked":"SKIP","floor":37},{"not_picked":["Melter+1"],"picked":"SKIP","floor":41},{"not_picked":[],"picked":"Heatsinks+1","floor":42},{"not_picked":["Rip and Tear"],"picked":"SKIP","floor":45},{"not_picked":["Conserve Battery"],"picked":"SKIP","floor":47},{"not_picked":["Turbo"],"picked":"SKIP","floor":48}],"player_experience":948859,"relics_obtained":[{"floor":6,"key":"War Paint"},{"floor":9,"key":"Darkstone Periapt"},{"floor":26,"key":"PreservedInsect"},{"floor":29,"key":"Orichalcum"},{"floor":41,"key":"Pear"},{"floor":43,"key":"Omamori"},{"floor":48,"key":"Juzu Bracelet"}],"event_choices":[{"damage_healed":0,"gold_gain":0,"player_choice":"Rummage","damage_taken":0,"relics_obtained":["WarpedTongs"],"max_hp_gain":0,"max_hp_loss":0,"event_name":"Accursed Blacksmith","floor":3,"gold_loss":0,"cards_obtained":["Pain"]},{"damage_healed":0,"gold_gain":75,"player_choice":"Gather Gold","damage_taken":11,"max_hp_gain":0,"max_hp_loss":0,"event_name":"World of Goop","floor":12,"gold_loss":0},{"cards_removed":["Strike_B"],"damage_healed":0,"gold_gain":0,"player_choice":"Gave Gold","damage_taken":0,"max_hp_gain":0,"max_hp_loss":0,"event_name":"Beggar","floor":20,"gold_loss":75},{"damage_healed":0,"gold_gain":0,"player_choice":"Ignored","damage_taken":0,"max_hp_gain":0,"max_hp_loss":0,"event_name":"N\u0027loth","floor":21,"gold_loss":0},{"cards_removed":["Strike_B"],"damage_healed":0,"gold_gain":0,"player_choice":"Offered Basic","damage_taken":0,"max_hp_gain":0,"max_hp_loss":0,"event_name":"Bonfire Elementals","floor":28,"gold_loss":0},{"damage_healed":0,"gold_gain":0,"player_choice":"Embrace Madness","damage_taken":9,"max_hp_gain":0,"max_hp_loss":0,"event_name":"Winding Halls","floor":39,"gold_loss":0,"cards_obtained":["Madness","Madness"]}],"is_beta":false,"boss_relics":[{"not_picked":["Runic Dome","Black Star"],"picked":"Sozu"},{"not_picked":["Philosopher\u0027s Stone","Pandora\u0027s Box"],"picked":"Busted Crown"}],"items_purged_floors":[4,27,38],"is_endless":false,"potions_floor_spawned":[1,6,8,22,24,30,31,41,42,45],"ascension_level":12}