{"gold_per_floor":[114,130,130,142,154,154,189,189,216,248,248,248,258,616,616,616],"floor_reached":16,"playtime":1044,"items_purged":[],"score":215,"play_id":"ba53696d-879e-4bab-a007-22075c63f2d3","local_time":"20190224170948","is_ascension_mode":true,"campfire_choices":[{"data":"Metallicize","floor":6,"key":"SMITH"},{"floor":8,"key":"REST"},{"floor":11,"key":"REST"},{"data":"Flame Barrier","floor":15,"key":"SMITH"}],"neow_cost":"NONE","seed_source_timestamp":167413476272978,"circlet_count":0,"master_deck":["AscendersBane","Strike_R","Strike_R+1","Strike_R","Strike_R+1","Defend_R","Defend_R","Defend_R","Defend_R","Bash","Seeing Red","Feel No Pain","Dropkick","Metallicize+1","Sever Soul","Thunderclap","Power Through","Flame Barrier+1"],"relics":["Burning Blood","Whetstone","Red Skull","Blood Vial","Oddly Smooth Stone","Old Coin"],"potions_floor_usage":[7,10,16,16],"damage_taken":[{"damage":8,"enemies":"2 Louse","floor":1,"turns":3},{"damage":9,"enemies":"Small Slimes","floor":2,"turns":4},{"damage":12,"enemies":"Jaw Worm","floor":4,"turns":3},{"damage":1,"enemies":"2 Fungi Beasts","floor":5,"turns":4},{"damage":66,"enemies":"Lagavulin","floor":7,"turns":7},{"damage":26,"enemies":"3 Sentries","floor":10,"turns":8},{"damage":16,"enemies":"Large Slime","floor":13,"turns":4},{"damage":7,"enemies":"3 Sentries","floor":14,"turns":9},{"damage":43,"enemies":"Hexaghost","floor":16,"turns":9}],"seed_played":"3414575882471347854","potions_obtained":[{"floor":4,"key":"BloodPotion"},{"floor":5,"key":"Regen Potion"},{"floor":10,"key":"Weak Potion"},{"floor":13,"key":"Dexterity Potion"}],"is_trial":false,"path_per_floor":["M","M","?","M","M","R","E","R","T","E","R","?","M","?","R","B"],"character_chosen":"IRONCLAD","items_purchased":[],"campfire_rested":2,"item_purchase_floors":[],"current_hp_per_floor":[66,63,63,57,62,62,17,39,39,28,50,43,35,36,36,0],"gold":616,"neow_bonus":"RANDOM_COMMON_RELIC","is_prod":false,"is_daily":false,"chose_seed":false,"campfire_upgraded":2,"win_rate":0,"timestamp":1551053388,"path_taken":["M","M","?","M","M","R","E","R","T","E","R","?","?","?","R","BOSS"],"build_version":"2019-01-23","purchased_purges":0,"victory":false,"max_hp_per_floor":[75,75,75,75,75,75,75,75,75,75,75,75,75,75,75,75],"card_choices":[{"not_picked":["Twin Strike","Sword Boomerang"],"picked":"Seeing Red","floor":1},{"not_picked":["Sentinel","Clash"],"picked":"Feel No Pain","floor":2},{"not_picked":["Heavy Blade","Bloodletting"],"picked":"Dropkick","floor":4},{"not_picked":["Armaments","Thunderclap"],"picked":"Metallicize","floor":5},{"not_picked":["Havoc","Carnage"],"picked":"Sever Soul","floor":7},{"not_picked":["Dark Embrace","Perfected Strike"],"picked":"Thunderclap","floor":10},{"not_picked":["Inflame","Sword Boomerang"],"picked":"Power Through","floor":13},{"not_picked":["Armaments","Rage"],"picked":"Flame Barrier","floor":14}],"player_experience":1243620,"relics_obtained":[{"floor":7,"key":"Red Skull"},{"floor":9,"key":"Blood Vial"},{"floor":10,"key":"Oddly Smooth Stone"},{"floor":14,"key":"Old Coin"}],"event_choices":[{"damage_healed":0,"gold_gain":0,"player_choice":"Ignored","damage_taken":0,"max_hp_gain":0,"max_hp_loss":0,"event_name":"Liars Game","floor":3,"gold_loss":0},{"cards_removed":["Strike_R"],"damage_healed":0,"gold_gain":0,"player_choice":"Card Removal","damage_taken":7,"max_hp_gain":0,"max_hp_loss":0,"event_name":"Golden Wing","floor":12,"gold_loss":0},{"damage_healed":0,"gold_gain":0,"player_choice":"Searched \u00271\u0027 times","damage_taken":0,"max_hp_gain":0,"max_hp_loss":0,"event_name":"Dead Adventurer","floor":14,"gold_loss":0}],"is_beta":false,"boss_relics":[],"items_purged_floors":[],"is_endless":false,"potions_floor_spawned":[4,5,10,13],"killed_by":"Hexaghost","ascension_level":19}