{"gold_per_floor":[109,109,125,142,67,67,99,119,119,144,10,10,10,35,35,135,135,146,21,31,45,45,76,86,112,161,190,290,94,94,110,110,110],"floor_reached":33,"playtime":2534,"items_purged":["Strike_R","Defend_R","Defend_R","Shame"],"score":392,"play_id":"292ea1ae-da1c-4afa-8a8d-4b9e43f2e6ef","local_time":"20180920204405","is_ascension_mode":true,"campfire_choices":[{"data":"Warcry","floor":6,"key":"SMITH"},{"data":"Iron Wave","floor":12,"key":"SMITH"},{"data":"Juggernaut","floor":15,"key":"SMITH"},{"data":"Body Slam","floor":30,"key":"SMITH"},{"data":"Berserk","floor":32,"key":"SMITH"}],"neow_cost":"NONE","seed_source_timestamp":598515888844817,"circlet_count":0,"master_deck":["Strike_R","Strike_R","Strike_R","Strike_R","Defend_R","Defend_R","Bash","Juggernaut+1","Shrug It Off","Flame Barrier","Warcry+1","Reaper","Shrug It Off","Iron Wave+1","Seeing Red+1","Spot Weakness+1","Offering+1","Shrug It Off+1","Flex+1","Armaments+1","Body Slam","Heavy Blade+1","Body Slam+1","Warcry+1","Berserk+1"],"relics":["Burning Blood","Bronze Scales","Toxic Egg 2","Pocketwatch","Unceasing Top","Calipers","Philosopher\u0027s Stone","Shuriken","Paper Frog","Juzu Bracelet","Pen Nib","Dream Catcher"],"potions_floor_usage":[7,10,14,16,23,25,25,33],"damage_taken":[{"damage":15,"enemies":"Small Slimes","floor":1,"turns":4},{"damage":6,"enemies":"Cultist","floor":3,"turns":3},{"damage":0,"enemies":"2 Louse","floor":4,"turns":3},{"damage":34,"enemies":"3 Sentries","floor":7,"turns":10},{"damage":7,"enemies":"Looter","floor":8,"turns":4},{"damage":28,"enemies":"Gremlin Nob","floor":10,"turns":5},{"damage":0,"enemies":"Lagavulin","floor":14,"turns":6},{"damage":27,"enemies":"Hexaghost","floor":16,"turns":9},{"damage":8,"enemies":"Chosen","floor":18,"turns":3},{"damage":10,"enemies":"Shell Parasite","floor":20,"turns":3},{"damage":20,"enemies":"Chosen and Byrds","floor":21,"turns":5},{"damage":13,"enemies":"Book of Stabbing","floor":23,"turns":4},{"damage":2,"enemies":"Snecko","floor":24,"turns":4},{"damage":44,"enemies":"Slavers","floor":25,"turns":5},{"damage":36,"enemies":"Gremlin Leader","floor":27,"turns":3},{"damage":3,"enemies":"3 Cultists","floor":31,"turns":4},{"damage":100,"enemies":"Automaton","floor":33,"turns":6}],"seed_played":"-5452996958478901059","potions_obtained":[{"floor":1,"key":"FearPotion"},{"floor":2,"key":"SmokeBomb"},{"floor":2,"key":"PowerPotion"},{"floor":2,"key":"BloodPotion"},{"floor":7,"key":"GamblersBrew"},{"floor":10,"key":"Fire Potion"},{"floor":14,"key":"Ancient Potion"},{"floor":18,"key":"BloodPotion"},{"floor":20,"key":"Dexterity Potion"},{"floor":23,"key":"SkillPotion"},{"floor":31,"key":"Poison Potion"}],"is_trial":false,"path_per_floor":["M","?","M","M","$","R","E","M","T","E","$","R","?","E","R","B",null,"M","$","M","M","?","E","M","E","T","E","?","$","R","M","R"],"character_chosen":"IRONCLAD","items_purchased":["Seeing Red+1","Warcry+1"],"campfire_rested":0,"item_purchase_floors":[11,29],"current_hp_per_floor":[71,71,71,77,77,77,57,62,62,44,44,44,44,50,50,33,80,80,80,80,70,70,75,79,60,60,42,42,42,42,45,45,0],"gold":110,"neow_bonus":"ONE_RANDOM_RARE_CARD","is_prod":false,"is_daily":false,"chose_seed":false,"campfire_upgraded":5,"win_rate":0,"timestamp":1537490645,"path_taken":["M","?","M","M","$","R","E","M","T","E","$","R","?","E","R","BOSS","M","$","M","M","?","E","M","E","T","E","?","$","R","M","R","BOSS"],"build_version":"2018-09-20","purchased_purges":4,"victory":false,"max_hp_per_floor":[80,80,80,80,80,80,80,80,80,80,80,80,80,80,80,80,80,80,80,80,80,80,80,80,80,80,80,80,80,80,80,80,80],"card_choices":[{"not_picked":["Warcry","Body Slam"],"picked":"Shrug It Off","floor":1},{"not_picked":["Cleave","Combust"],"picked":"Flame Barrier","floor":3},{"not_picked":["True Grit","Perfected Strike"],"picked":"Warcry","floor":4},{"not_picked":["Heavy Blade","Cleave"],"picked":"Reaper","floor":7},{"not_picked":["Havoc","Heavy Blade"],"picked":"Shrug It Off","floor":8},{"not_picked":["Perfected Strike","Heavy Blade"],"picked":"Iron Wave","floor":10},{"not_picked":["Sword Boomerang","Pummel"],"picked":"Spot Weakness+1","floor":14},{"not_picked":["Exhume+1","Bludgeon"],"picked":"Offering+1","floor":16},{"not_picked":["Blood for Blood","Clash"],"picked":"Shrug It Off+1","floor":18},{"not_picked":["Blood for Blood","Havoc+1","Hemokinesis"],"picked":"SKIP","floor":20},{"not_picked":["Perfected Strike","Sword Boomerang"],"picked":"Flex+1","floor":21},{"not_picked":["Heavy Blade","Seeing Red+1"],"picked":"Armaments+1","floor":23},{"not_picked":["Carnage","Shockwave+1"],"picked":"Body Slam","floor":24},{"not_picked":["Havoc+1","Corruption+1"],"picked":"Heavy Blade+1","floor":25},{"not_picked":["Twin Strike","Carnage"],"picked":"Body Slam","floor":27},{"not_picked":["Pommel Strike","Whirlwind"],"picked":"Berserk","floor":31}],"player_experience":133034,"relics_obtained":[{"floor":7,"key":"Bronze Scales"},{"floor":9,"key":"Toxic Egg 2"},{"floor":10,"key":"Pocketwatch"},{"floor":14,"key":"Calipers"},{"floor":23,"key":"Paper Frog"},{"floor":25,"key":"Juzu Bracelet"},{"floor":26,"key":"Pen Nib"},{"floor":27,"key":"Dream Catcher"}],"event_choices":[{"event_name":"The Lab","player_choice":"Got Potions","floor":2,"damage_taken":0},{"event_name":"Dead Adventurer","player_choice":"Searched \u00273\u0027 times","floor":13,"damage_taken":0},{"event_name":"Addict","player_choice":"Stole Relic","floor":22,"damage_taken":0},{"event_name":"Golden Shrine","player_choice":"Pray","floor":28,"damage_taken":0}],"is_beta":false,"boss_relics":[{"not_picked":["Snecko Eye","Velvet Choker"],"picked":"Philosopher\u0027s Stone"}],"items_purged_floors":[5,11,19,29],"is_endless":false,"potions_floor_spawned":[1,7,10,14,18,20,23,31],"killed_by":"Automaton","ascension_level":1}