{"gold_per_floor":[109,109,34,34,51,51,51,51,51,51,80,80,132,165,165,165],"floor_reached":16,"playtime":458,"items_purged":["Strike_B"],"score":270,"play_id":"700b9ad6-fbf2-4017-97d0-8e401ce5ae57","local_time":"20190209105002","is_ascension_mode":true,"campfire_choices":[{"data":"Zap","floor":6,"key":"SMITH"},{"data":"Stack","floor":8,"key":"SMITH"},{"data":"Aggregate","floor":15,"key":"SMITH"}],"neow_cost":"NONE","seed_source_timestamp":1872772408787070,"circlet_count":0,"master_deck":["AscendersBane","Strike_B","Strike_B","Defend_B","Defend_B","Defend_B","Defend_B","Zap+1","Dualcast","Stack+1","Tempest","Loop","Aggregate+1"],"relics":["Cracked Core","NeowsBlessing","Ginger","Matryoshka","Symbiotic Virus","Smiling Mask","Singing Bowl"],"potions_floor_usage":[14,16],"damage_taken":[{"damage":0,"enemies":"2 Louse","floor":1,"turns":1},{"damage":0,"enemies":"Cultist","floor":5,"turns":1},{"damage":0,"enemies":"Gremlin Nob","floor":11,"turns":1},{"damage":0,"enemies":"3 Sentries","floor":14,"turns":2},{"damage":64,"enemies":"Hexaghost","floor":16,"turns":11}],"seed_played":"7643917693330498196","potions_obtained":[{"floor":1,"key":"PowerPotion"},{"floor":2,"key":"Dexterity Potion"}],"is_trial":false,"path_per_floor":["M","?","$","$","M","R","$","R","T","?","E","?","T","E","R","B"],"character_chosen":"DEFECT","items_purchased":[],"campfire_rested":0,"item_purchase_floors":[],"current_hp_per_floor":[64,64,64,64,64,64,64,64,64,57,57,57,57,57,57,0],"gold":165,"neow_bonus":"THREE_ENEMY_KILL","is_prod":false,"is_daily":false,"chose_seed":false,"campfire_upgraded":3,"win_rate":0,"timestamp":1549734602,"path_taken":["M","?","?","$","M","R","$","R","T","?","E","?","?","E","R","BOSS"],"build_version":"2019-01-23","purchased_purges":1,"victory":false,"max_hp_per_floor":[71,71,71,71,71,71,71,71,71,71,71,71,71,71,71,71],"card_choices":[{"not_picked":["Skim","Sweeping Beam"],"picked":"Stack","floor":1},{"not_picked":["Scrape","Turbo"],"picked":"Tempest","floor":5},{"not_picked":["Turbo","Barrage"],"picked":"Loop","floor":11},{"not_picked":["Skim","Coolheaded"],"picked":"Aggregate","floor":14}],"player_experience":1024493,"relics_obtained":[{"floor":9,"key":"Ginger"},{"floor":11,"key":"Matryoshka"},{"floor":13,"key":"Symbiotic Virus"},{"floor":13,"key":"Smiling Mask"},{"floor":14,"key":"Singing Bowl"}],"event_choices":[{"damage_healed":0,"gold_gain":0,"player_choice":"Got Potions","damage_taken":0,"max_hp_gain":0,"max_hp_loss":0,"event_name":"Lab","floor":2,"gold_loss":0},{"cards_removed":["Strike_B"],"damage_healed":0,"gold_gain":0,"player_choice":"Card Removal","damage_taken":7,"max_hp_gain":0,"max_hp_loss":0,"event_name":"Golden Wing","floor":10,"gold_loss":0},{"damage_healed":0,"gold_gain":0,"player_choice":"Ignored","damage_taken":0,"max_hp_gain":0,"max_hp_loss":0,"event_name":"Liars Game","floor":12,"gold_loss":0}],"is_beta":false,"boss_relics":[],"items_purged_floors":[3],"is_endless":false,"potions_floor_spawned":[1,11],"killed_by":"Hexaghost","ascension_level":15}