{"gold_per_floor":[116,116,116,136,149,149,193,193,217,252,252,143,143,143],"floor_reached":14,"playtime":908,"items_purged":["Defend_B"],"score":144,"play_id":"40d4dc29-933e-4d1d-a5c4-00b7c9b89a20","local_time":"20190201225841","is_ascension_mode":true,"campfire_choices":[{"data":"Creative AI","floor":6,"key":"SMITH"},{"floor":8,"key":"REST"},{"floor":13,"key":"REST"}],"neow_cost":"NONE","seed_source_timestamp":1224816878442688,"circlet_count":0,"master_deck":["AscendersBane","Strike_B","Strike_B","Defend_B","Defend_B","Defend_B","Zap","Dualcast+1","Reprogram","Genetic Algorithm+1","Creative AI+1","Stack","Static Discharge","Conserve Battery","Reinforced Body","Static Discharge"],"relics":["Cracked Core","Golden Idol","Boot","War Paint","FossilizedHelix","GremlinMask"],"potions_floor_usage":[7,14],"damage_taken":[{"damage":10,"enemies":"Small Slimes","floor":1,"turns":4},{"damage":0,"enemies":"2 Louse","floor":4,"turns":2},{"damage":0,"enemies":"Cultist","floor":5,"turns":4},{"damage":31,"enemies":"Gremlin Nob","floor":7,"turns":4},{"damage":24,"enemies":"3 Sentries","floor":10,"turns":5},{"damage":31,"enemies":"Gremlin Nob","floor":14,"turns":4}],"seed_played":"6054697334895820658","potions_obtained":[{"floor":1,"key":"AttackPotion"},{"floor":4,"key":"Dexterity Potion"}],"is_trial":false,"path_per_floor":["M","?","?","M","M","R","E","R","T","E","?","$","R","E"],"character_chosen":"DEFECT","items_purchased":["Static Discharge"],"campfire_rested":2,"item_purchase_floors":[12],"current_hp_per_floor":[58,40,40,40,40,40,9,31,31,7,7,7,29,0],"gold":143,"neow_bonus":"TRANSFORM_CARD","is_prod":false,"is_daily":false,"chose_seed":false,"campfire_upgraded":1,"win_rate":0,"timestamp":1549087121,"path_taken":["M","?","?","M","?","R","E","R","T","E","?","$","R","E"],"build_version":"2019-01-23","purchased_purges":1,"victory":false,"max_hp_per_floor":[75,75,75,75,75,75,75,75,75,75,75,75,75,75],"card_choices":[{"not_picked":["Compile Driver","Steam Power"],"picked":"Genetic Algorithm","floor":1},{"not_picked":["Turbo","Auto Shields"],"picked":"Stack","floor":4},{"not_picked":["Leap","Go for the Eyes"],"picked":"Static Discharge","floor":5},{"not_picked":["Blizzard","Compile Driver"],"picked":"Conserve Battery","floor":7},{"not_picked":["Scrape","Creative AI"],"picked":"Reinforced Body","floor":10}],"player_experience":937409,"relics_obtained":[{"floor":7,"key":"Boot"},{"floor":9,"key":"War Paint"},{"floor":10,"key":"FossilizedHelix"}],"event_choices":[{"damage_healed":0,"gold_gain":0,"player_choice":"Take Damage","damage_taken":18,"relics_obtained":["Golden Idol"],"max_hp_gain":0,"max_hp_loss":0,"event_name":"Golden Idol","floor":2,"gold_loss":0},{"damage_healed":0,"gold_gain":0,"cards_transformed":["Strike_B"],"player_choice":"Transformed","damage_taken":0,"max_hp_gain":0,"max_hp_loss":0,"event_name":"Transmorgrifier","floor":3,"gold_loss":0,"cards_obtained":["Creative AI"]},{"damage_healed":0,"gold_gain":0,"player_choice":"Trade","damage_taken":0,"relics_obtained":["GremlinMask"],"max_hp_gain":0,"max_hp_loss":0,"event_name":"FaceTrader","floor":11,"gold_loss":0}],"is_beta":false,"boss_relics":[],"items_purged_floors":[12],"is_endless":false,"potions_floor_spawned":[1,4],"killed_by":"Gremlin Nob","ascension_level":10}