{"gold_per_floor":[116,133,58,75,150,150,180,200,273,273,198,198,215,215,215,215],"floor_reached":16,"playtime":669,"items_purged":["Strike_R"],"score":195,"play_id":"d3fd9586-013b-489c-b682-2d9e8ece1b2e","local_time":"20190223195420","is_ascension_mode":true,"campfire_choices":[{"data":"Flame Barrier","floor":6,"key":"SMITH"},{"data":"True Grit","floor":10,"key":"SMITH"},{"floor":12,"key":"REST"},{"floor":15,"key":"REST"}],"neow_cost":"NONE","seed_source_timestamp":91257654509716,"circlet_count":0,"master_deck":["AscendersBane","Strike_R","Strike_R","Strike_R","Defend_R","Defend_R","Defend_R+1","Defend_R","Bash","Pommel Strike","Flame Barrier+1","Iron Wave+1","True Grit+1","Fire Breathing","Body Slam"],"relics":["Burning Blood","Centennial Puzzle","Unceasing Top","Gremlin Horn"],"potions_floor_usage":[7,8],"damage_taken":[{"damage":9,"enemies":"Small Slimes","floor":1,"turns":4},{"damage":1,"enemies":"Cultist","floor":2,"turns":3},{"damage":0,"enemies":"Jaw Worm","floor":4,"turns":5},{"damage":43,"enemies":"Gremlin Nob","floor":7,"turns":6},{"damage":4,"enemies":"Lots of Slimes","floor":8,"turns":5},{"damage":6,"enemies":"Looter","floor":13,"turns":4},{"damage":62,"enemies":"Slime Boss","floor":16,"turns":8}],"seed_played":"-5595707594895050648","potions_obtained":[{"floor":1,"key":"Dexterity Potion"},{"floor":4,"key":"SmokeBomb"},{"floor":7,"key":"Fruit Juice"}],"is_trial":false,"path_per_floor":["M","M","$","M","?","R","E","M","T","R","?","R","M","?","R","B"],"character_chosen":"IRONCLAD","items_purchased":[],"campfire_rested":2,"item_purchase_floors":[],"current_hp_per_floor":[65,70,70,75,64,64,27,34,34,34,34,58,58,34,58,0],"gold":215,"neow_bonus":"RANDOM_COMMON_RELIC","is_prod":false,"is_daily":false,"chose_seed":false,"campfire_upgraded":2,"win_rate":0,"timestamp":1550976860,"path_taken":["M","M","$","M","?","R","E","M","T","R","?","R","M","?","R","BOSS"],"build_version":"2019-01-23","purchased_purges":1,"victory":false,"max_hp_per_floor":[75,75,75,75,75,75,75,80,80,80,80,80,80,80,80,80],"card_choices":[{"not_picked":["Disarm","Twin Strike"],"picked":"Pommel Strike","floor":1},{"not_picked":["Cleave","Flex"],"picked":"Flame Barrier","floor":2},{"not_picked":["Anger","True Grit"],"picked":"Iron Wave","floor":4},{"not_picked":["Pommel Strike","Sword Boomerang"],"picked":"True Grit","floor":7},{"not_picked":["True Grit","Armaments"],"picked":"Fire Breathing","floor":8},{"not_picked":["Sentinel","Thunderclap"],"picked":"Body Slam","floor":13}],"player_experience":1229721,"relics_obtained":[{"floor":7,"key":"Unceasing Top"},{"floor":9,"key":"Gremlin Horn"}],"event_choices":[{"damage_healed":0,"gold_gain":75,"player_choice":"Gather Gold","damage_taken":11,"max_hp_gain":0,"max_hp_loss":0,"event_name":"World of Goop","floor":5,"gold_loss":0},{"cards_removed":["Strike_R"],"damage_healed":0,"gold_gain":0,"player_choice":"Card Removal","damage_taken":0,"max_hp_gain":0,"max_hp_loss":0,"event_name":"The Cleric","floor":11,"gold_loss":75},{"damage_healed":0,"gold_gain":0,"player_choice":"Entered Light","damage_taken":24,"max_hp_gain":0,"max_hp_loss":0,"event_name":"Shining Light","floor":14,"gold_loss":0,"cards_upgraded":["Iron Wave","Defend_R"]}],"is_beta":false,"boss_relics":[],"items_purged_floors":[3],"is_endless":false,"potions_floor_spawned":[1,4,7],"killed_by":"Slime Boss","ascension_level":19}