{"gold_per_floor":[20,31,44,57,45,45,63,96,120,120,120,155,155,175,175,273,273,290,306,319,11,26,26,26,38,65,65,65,14,29,42,42,42],"floor_reached":33,"playtime":2991,"items_purged":["Strike_G"],"score":317,"play_id":"21dcd608-a246-43cf-994e-5c1bfea07182","local_time":"20190316203030","is_ascension_mode":true,"campfire_choices":[{"data":"Footwork","floor":6.0,"key":"SMITH"},{"floor":10.0,"key":"REST"},{"data":"Dagger Spray","floor":13.0,"key":"SMITH"},{"data":"Dagger Spray","floor":15.0,"key":"SMITH"},{"floor":23,"key":"REST"},{"floor":28,"key":"REST"},{"floor":32,"key":"REST"}],"neow_cost":"NO_GOLD","seed_source_timestamp":0,"circlet_count":0,"master_deck":["Defend_G","Defend_G","Defend_G","Strike_G","Strike_G","Survivor","Neutralize","Backstab","Footwork+1","Dodge and Roll","Outmaneuver","Backflip","Backstab","Backflip","Dagger Spray+1","Dagger Spray+1","Envenom","Cloak And Dagger","Accuracy","Footwork","Glass Knife","Blur","Writhe","Phantasmal Killer","Accuracy","Finisher+1","Backflip"],"special_seed":0,"relics":["Ring of the Snake","Bottled Tornado","Orichalcum","Blood Vial","Philosopher\u0027s Stone","Juzu Bracelet","Boot"],"potions_floor_usage":[25,30,30,31],"damage_taken":[{"damage":5.0,"enemies":"2 Louse","floor":1.0,"turns":3.0},{"damage":0.0,"enemies":"Small Slimes","floor":2.0,"turns":5.0},{"damage":0.0,"enemies":"Jaw Worm","floor":3.0,"turns":3.0},{"damage":0.0,"enemies":"Gremlin Gang","floor":4.0,"turns":7.0},{"damage":9.0,"enemies":"Exordium Thugs","floor":5.0,"turns":4.0},{"damage":4.0,"enemies":"Blue Slaver","floor":7.0,"turns":5.0},{"damage":11.0,"enemies":"3 Sentries","floor":8.0,"turns":15.0},{"damage":0.0,"enemies":"Lagavulin","floor":12.0,"turns":7.0},{"damage":0.0,"enemies":"2 Fungi Beasts","floor":14.0,"turns":1.0},{"damage":15.0,"enemies":"The Guardian","floor":16.0,"turns":18.0},{"damage":7,"enemies":"Spheric Guardian","floor":18,"turns":4},{"damage":18,"enemies":"Chosen","floor":19,"turns":6},{"damage":10,"enemies":"Centurion and Healer","floor":20,"turns":6},{"damage":19,"enemies":"Sentry and Sphere","floor":22,"turns":8},{"damage":19,"enemies":"Snecko","floor":25,"turns":6},{"damage":25,"enemies":"Chosen and Byrds","floor":30,"turns":8},{"damage":8,"enemies":"Shelled Parasite and Fungi","floor":31,"turns":6},{"damage":43,"enemies":"Champ","floor":33,"turns":10}],"seed_played":"-7026741912617284762","potions_obtained":[{"floor":1.0,"key":"PowerPotion"},{"floor":3.0,"key":"Weak Potion"},{"floor":5.0,"key":"Block Potion"},{"floor":12.0,"key":"SkillPotion"},{"floor":19,"key":"Dexterity Potion"},{"floor":22,"key":"AttackPotion"},{"floor":30,"key":"Energy Potion"}],"is_trial":false,"path_per_floor":["M","M","M","M","M","R","M","E","T","R","?","E","R","M","R","B",null,"M","M","M","$","M","R","?","M","T","?","R","$","M","M","R","B"],"character_chosen":"THE_SILENT","items_purchased":["Footwork","Glass Knife","PowerPotion"],"campfire_rested":4,"item_purchase_floors":[21,21,29],"current_hp_per_floor":[65,65,65,65,56,56,52,41,41,62,62,62,62,64,64,51,70,63,47,39,39,22,43,43,26,26,26,47,47,24,18,39,0],"gold":42,"neow_bonus":"REMOVE_TWO","is_prod":false,"is_daily":false,"chose_seed":false,"campfire_upgraded":3,"win_rate":0,"timestamp":1552779030,"path_taken":["M","M","M","M","M","R","M","E","T","R","?","E","R","M","R","BOSS","M","M","M","$","M","R","?","M","T","?","R","$","M","M","R","BOSS"],"build_version":"2019-01-23","purchased_purges":1,"victory":false,"max_hp_per_floor":[70,70,70,70,70,70,70,70,70,70,70,70,70,70,70,70,70,70,70,70,70,70,70,70,70,70,70,70,70,70,70,70,70],"card_choices":[{"not_picked":["Dagger Throw","Infinite Blades"],"picked":"Backstab","floor":1.0},{"not_picked":["Deadly Poison","Dodge and Roll"],"picked":"Footwork","floor":2.0},{"not_picked":["Reflex","Prepared"],"picked":"Dodge and Roll","floor":3.0},{"not_picked":["Dash","Poisoned Stab"],"picked":"Outmaneuver","floor":4.0},{"not_picked":["Dash","Bane"],"picked":"Backflip","floor":5.0},{"not_picked":["Caltrops","Dagger Throw"],"picked":"Backstab","floor":7.0},{"not_picked":["PiercingWail","Acrobatics"],"picked":"Backflip","floor":8.0},{"not_picked":["Distraction","Heel Hook"],"picked":"Dagger Spray","floor":12.0},{"not_picked":["Calculated Gamble","PiercingWail"],"picked":"Dagger Spray","floor":14.0},{"not_picked":["Venomology","Burst"],"picked":"Envenom","floor":16.0},{"not_picked":["Dagger Throw","Underhanded Strike","Prepared"],"picked":"SKIP","floor":18},{"not_picked":["Dagger Spray","Backflip"],"picked":"Cloak And Dagger","floor":19},{"not_picked":["Choke+1","Escape Plan"],"picked":"Accuracy","floor":20},{"not_picked":["Predator+1","Outmaneuver+1"],"picked":"Blur","floor":22},{"not_picked":["Quick Slash","Caltrops","Underhanded Strike+1"],"picked":"SKIP","floor":25},{"not_picked":["Catalyst+1","Dagger Throw"],"picked":"Finisher+1","floor":30},{"not_picked":["Prepared+1","Dagger Spray+1"],"picked":"Backflip","floor":31}],"player_experience":207004,"relics_obtained":[{"floor":8.0,"key":"Bottled Tornado"},{"floor":9.0,"key":"Orichalcum"},{"floor":12.0,"key":"Blood Vial"},{"floor":26,"key":"Boot"}],"event_choices":[{"damage_healed":0.0,"max_hp_gain":0.0,"max_hp_loss":0.0,"gold_gain":0.0,"event_name":"Golden Idol","player_choice":"Ignored","floor":11.0,"gold_loss":0.0,"damage_taken":0.0},{"damage_healed":0,"gold_gain":0,"player_choice":"Opened","damage_taken":0,"relics_obtained":["Juzu Bracelet"],"max_hp_gain":0,"max_hp_loss":0,"event_name":"The Mausoleum","floor":24,"gold_loss":0,"cards_obtained":["Writhe"]},{"damage_healed":0,"gold_gain":0,"cards_transformed":["Defend_G","Strike_G"],"player_choice":"Became Test Subject","damage_taken":0,"max_hp_gain":0,"max_hp_loss":0,"event_name":"Drug Dealer","floor":27,"gold_loss":0,"cards_obtained":["Phantasmal Killer","Accuracy"]}],"is_beta":false,"boss_relics":[{"not_picked":["Runic Pyramid","Ectoplasm"],"picked":"Philosopher\u0027s Stone"}],"items_purged_floors":[21],"is_endless":false,"potions_floor_spawned":[1,3,5,12,19,22,30],"killed_by":"Champ","ascension_level":2}