{"gold_per_floor":[111,111,124,138,157,157,157,169,221,221,241,251,251],"floor_reached":13,"playtime":593,"items_purged":[],"score":138,"play_id":"4d0f4391-6450-41d7-bde7-22abd2391c57","local_time":"20190209113109","is_ascension_mode":true,"campfire_choices":[{"floor":6,"key":"REST"},{"data":"1","floor":10,"key":"LIFT"}],"neow_cost":"CURSE","seed_source_timestamp":1875104503679908,"circlet_count":0,"master_deck":["AscendersBane","Strike_B","Strike_B","Strike_B","Strike_B","Defend_B","Defend_B","Defend_B","Defend_B+1","Zap","Dualcast+1","Normality","Cold Snap","Auto Shields","Conserve Battery","Recycle","Genetic Algorithm","Chill"],"relics":["Cracked Core","Turnip","Girya","Potion Belt"],"potions_floor_usage":[11],"damage_taken":[{"damage":8,"enemies":"2 Louse","floor":1,"turns":3},{"damage":0,"enemies":"Jaw Worm","floor":3,"turns":2},{"damage":0,"enemies":"Cultist","floor":4,"turns":3},{"damage":3,"enemies":"Exordium Wildlife","floor":5,"turns":5},{"damage":0,"enemies":"Looter","floor":8,"turns":3},{"damage":20,"enemies":"Exordium Thugs","floor":11,"turns":5},{"damage":6,"enemies":"Red Slaver","floor":12,"turns":4},{"damage":39,"enemies":"The Mushroom Lair","floor":13,"turns":4}],"seed_played":"-4876124195133585161","potions_obtained":[{"floor":3,"key":"Weak Potion"},{"floor":5,"key":"Energy Potion"}],"is_trial":false,"path_per_floor":["M","?","M","M","M","R","T","M","T","R","M","M","?"],"character_chosen":"DEFECT","items_purchased":[],"campfire_rested":1,"item_purchase_floors":[],"current_hp_per_floor":[56,35,35,35,32,53,53,53,53,53,33,27,0],"gold":251,"neow_bonus":"ONE_RARE_RELIC","is_prod":false,"is_daily":false,"chose_seed":false,"campfire_upgraded":0,"win_rate":0,"timestamp":1549737069,"path_taken":["M","?","M","M","M","R","?","M","T","R","M","?","?"],"build_version":"2019-01-23","purchased_purges":0,"victory":false,"max_hp_per_floor":[71,71,71,71,71,71,71,71,71,71,71,71,71],"card_choices":[{"not_picked":["Auto Shields","Heatsinks"],"picked":"Cold Snap","floor":1},{"not_picked":["Sweeping Beam","Ball Lightning"],"picked":"Auto Shields","floor":3},{"not_picked":["Chaos","Rebound"],"picked":"Conserve Battery","floor":4},{"not_picked":["Leap","Turbo","Steam Power"],"picked":"SKIP","floor":5},{"not_picked":["Undo","Redo"],"picked":"Recycle","floor":8},{"not_picked":["Leap","Barrage"],"picked":"Genetic Algorithm","floor":11},{"not_picked":["Steam","Leap"],"picked":"Chill","floor":12}],"player_experience":1026796,"relics_obtained":[{"floor":7,"key":"Girya"},{"floor":9,"key":"Potion Belt"}],"event_choices":[{"damage_healed":0,"gold_gain":0,"player_choice":"Entered Light","damage_taken":21,"max_hp_gain":0,"max_hp_loss":0,"event_name":"Shining Light","floor":2,"gold_loss":0,"cards_upgraded":["Dualcast","Defend_B"]},{"damage_healed":0,"gold_gain":0,"player_choice":"Fought Mushrooms","damage_taken":0,"max_hp_gain":0,"max_hp_loss":0,"event_name":"Mushrooms","floor":13,"gold_loss":0}],"is_beta":false,"boss_relics":[],"items_purged_floors":[],"is_endless":false,"potions_floor_spawned":[3,5,8],"killed_by":"The Mushroom Lair","ascension_level":15}