{"gold_per_floor":[19,30,30,30,30,30,58,58,84,98,131,131,131,141,141,213,213,233,246,246,106,7,7,41,41,71,83,83,98,17,17,17,94,94,110,126,126,146,146],"floor_reached":39,"playtime":2809,"items_purged":["Strike_R"],"score":964,"play_id":"ed910367-b701-414a-9615-bd19af0e3eb3","local_time":"20190312001943","is_ascension_mode":true,"campfire_choices":[{"floor":6,"key":"REST"},{"floor":8,"key":"REST"},{"floor":12,"key":"REST"},{"floor":15,"key":"REST"},{"floor":23,"key":"RECALL"},{"floor":25,"key":"REST"},{"floor":32,"key":"REST"}],"neow_cost":"NO_GOLD","seed_source_timestamp":429505198261099,"circlet_count":0,"master_deck":["AscendersBane","Strike_R","Strike_R","Defend_R","Defend_R","Defend_R","Bash","Ghostly Armor","Flex","Ghostly Armor","Feel No Pain","Pommel Strike","Flame Barrier","Sentinel","Reckless Charge","Barricade","Pummel","Feel No Pain","Madness","Bandage Up","Cleave","Necronomicurse","Offering","Corruption","Double Tap","Pummel","Clash","Power Through"],"relics":["Burning Blood","Dead Branch","Red Skull","Regal Pillow","Smiling Mask","Ancient Tea Set","Fusion Hammer","Darkstone Periapt","Tiny Chest","Necronomicon","Cursed Key"],"potions_floor_usage":[7,24,38,39],"damage_taken":[{"damage":12,"enemies":"Cultist","floor":1,"turns":5},{"damage":17,"enemies":"Jaw Worm","floor":2,"turns":4},{"damage":35,"enemies":"Lagavulin","floor":7,"turns":7},{"damage":0,"enemies":"2 Louse","floor":10,"turns":4},{"damage":56,"enemies":"Gremlin Nob","floor":11,"turns":5},{"damage":16,"enemies":"Large Slime","floor":14,"turns":8},{"damage":50,"enemies":"Hexaghost","floor":16,"turns":7},{"damage":0,"enemies":"3 Byrds","floor":18,"turns":5},{"damage":16,"enemies":"Shell Parasite","floor":19,"turns":8},{"damage":77,"enemies":"Gremlin Leader","floor":24,"turns":7},{"damage":33,"enemies":"Snecko","floor":27,"turns":9},{"damage":10,"enemies":"Centurion and Healer","floor":29,"turns":7},{"damage":18,"enemies":"Champ","floor":33,"turns":8},{"damage":37,"enemies":"3 Shapes","floor":35,"turns":7},{"damage":6,"enemies":"Orb Walker","floor":36,"turns":4},{"damage":36,"enemies":"3 Darklings","floor":38,"turns":4},{"damage":34,"enemies":"2 Orb Walkers","floor":39,"turns":2}],"seed_played":"-1171255188521955946","potions_obtained":[{"floor":1,"key":"Ancient Potion"},{"floor":14,"key":"FairyPotion"},{"floor":16,"key":"AttackPotion"},{"floor":35,"key":"SkillPotion"},{"floor":36,"key":"EssenceOfSteel"}],"is_trial":false,"path_per_floor":["M","M","$","T","?","R","E","R","T","M","E","R","?","M","R","B",null,"M","M","?","$","$","R","E","R","T","M","?","M","$","?","R","B",null,"M","M","?","M","?"],"character_chosen":"IRONCLAD","items_purchased":["Madness","Bandage Up","Corruption"],"campfire_rested":6,"item_purchase_floors":[21,22,30],"current_hp_per_floor":[62,51,51,51,25,47,18,55,55,61,11,48,48,38,75,31,64,70,60,60,60,60,60,13,50,50,27,12,12,12,12,51,43,72,49,53,53,27,0],"gold":146,"neow_bonus":"TRANSFORM_TWO_CARDS","is_prod":false,"is_daily":false,"chose_seed":false,"campfire_upgraded":0,"win_rate":0,"timestamp":1552371583,"path_taken":["M","M","$","?","?","R","E","R","T","M","E","R","?","M","R","BOSS","M","M","?","?","$","R","E","R","T","M","?","M","$","?","R","BOSS","M","M","?","M","?"],"build_version":"2019-01-23","purchased_purges":1,"victory":false,"max_hp_per_floor":[75,75,75,75,75,75,75,75,75,75,75,75,75,75,75,75,75,75,75,75,75,75,75,75,75,75,75,81,81,81,81,81,81,81,81,81,81,81,81],"card_choices":[{"not_picked":["Clothesline","Perfected Strike"],"picked":"Ghostly Armor","floor":1},{"not_picked":["Clash","Combust"],"picked":"Feel No Pain","floor":2},{"not_picked":["Twin Strike","Berserk"],"picked":"Pommel Strike","floor":7},{"not_picked":["Clash","Rampage"],"picked":"Flame Barrier","floor":10},{"not_picked":["Thunderclap","Anger"],"picked":"Sentinel","floor":11},{"not_picked":["Warcry","Armaments"],"picked":"Reckless Charge","floor":14},{"not_picked":["Limit Break","Berserk"],"picked":"Barricade","floor":16},{"not_picked":["Body Slam","Twin Strike"],"picked":"Pummel","floor":18},{"not_picked":["Clash+1","Shrug It Off"],"picked":"Feel No Pain","floor":19},{"not_picked":["Searing Blow","Wild Strike"],"picked":"Cleave","floor":24},{"not_picked":["Pommel Strike","Thunderclap","Perfected Strike"],"picked":"SKIP","floor":27},{"not_picked":["Havoc","Perfected Strike"],"picked":"Offering","floor":29},{"not_picked":["Barricade","Berserk"],"picked":"Double Tap","floor":33},{"not_picked":["Thunderclap","Heavy Blade"],"picked":"Pummel","floor":35},{"not_picked":["Uppercut","Perfected Strike+1"],"picked":"Clash","floor":36},{"not_picked":["Cleave","Pommel Strike"],"picked":"Power Through","floor":38}],"player_experience":1399365,"relics_obtained":[{"floor":4,"key":"Dead Branch"},{"floor":7,"key":"Regal Pillow"},{"floor":9,"key":"Smiling Mask"},{"floor":11,"key":"Ancient Tea Set"},{"floor":24,"key":"Darkstone Periapt"},{"floor":26,"key":"Tiny Chest"},{"floor":28,"key":"Necronomicon"}],"event_choices":[{"damage_healed":0,"gold_gain":0,"player_choice":"Success","damage_taken":26,"relics_obtained":["Red Skull"],"max_hp_gain":0,"max_hp_loss":0,"event_name":"Scrap Ooze","floor":5,"gold_loss":0},{"damage_healed":0,"gold_gain":0,"player_choice":"Ignored","damage_taken":0,"max_hp_gain":0,"max_hp_loss":0,"event_name":"Liars Game","floor":13,"gold_loss":0},{"damage_healed":0,"gold_gain":0,"player_choice":"Got Potions","damage_taken":0,"max_hp_gain":0,"max_hp_loss":0,"event_name":"Lab","floor":20,"gold_loss":0},{"damage_healed":0,"gold_gain":0,"player_choice":"Obtained Book","damage_taken":21,"max_hp_gain":0,"max_hp_loss":0,"event_name":"Cursed Tome","floor":28,"gold_loss":0},{"damage_healed":0,"gold_gain":0,"player_choice":"Ignored","damage_taken":0,"max_hp_gain":0,"max_hp_loss":0,"event_name":"Beggar","floor":31,"gold_loss":0},{"cards_removed":["Defend_R"],"damage_healed":0,"gold_gain":0,"player_choice":"Removed Skill","damage_taken":0,"max_hp_gain":0,"max_hp_loss":0,"event_name":"Falling","floor":37,"gold_loss":0},{"damage_healed":0,"gold_gain":0,"player_choice":"Fight","damage_taken":0,"max_hp_gain":0,"max_hp_loss":0,"event_name":"Mysterious Sphere","floor":39,"gold_loss":0}],"is_beta":false,"boss_relics":[{"not_picked":["Ectoplasm","White Beast Statue"],"picked":"Fusion Hammer"},{"not_picked":["Calling Bell","Sozu"],"picked":"Cursed Key"}],"items_purged_floors":[21],"is_endless":false,"potions_floor_spawned":[1,14,16,19,35,36],"killed_by":"2 Orb Walkers","ascension_level":20}