{"gold_per_floor":[109,123,135,60,77,77,87,117,117,117,147],"floor_reached":11,"playtime":876,"items_purged":["Strike_R"],"score":146,"play_id":"feed6018-fdfa-4d52-b38b-696a5a732fcc","local_time":"20190225212035","is_ascension_mode":true,"campfire_choices":[{"data":"True Grit","floor":6,"key":"SMITH"},{"data":"Barricade","floor":10,"key":"SMITH"}],"neow_cost":"TEN_PERCENT_HP_LOSS","seed_source_timestamp":269032750755053,"circlet_count":0,"master_deck":["AscendersBane","Strike_R","Strike_R","Strike_R","Strike_R","Defend_R","Defend_R","Defend_R","Defend_R","Bash","Flex","Seeing Red","Power Through","True Grit+1","Pommel Strike","Feel No Pain","Wild Strike","Iron Wave","Cleave","Barricade+1","Thunderclap"],"relics":["Burning Blood","Prayer Wheel","Vajra","Meat on the Bone"],"potions_floor_usage":[8,11,11],"damage_taken":[{"damage":20,"enemies":"Small Slimes","floor":1,"turns":3},{"damage":11,"enemies":"2 Louse","floor":2,"turns":3},{"damage":0,"enemies":"Jaw Worm","floor":3,"turns":3},{"damage":0,"enemies":"Looter","floor":5,"turns":4},{"damage":14,"enemies":"Red Slaver","floor":7,"turns":3},{"damage":32,"enemies":"3 Sentries","floor":8,"turns":12},{"damage":43,"enemies":"Lagavulin Event","floor":11,"turns":6}],"seed_played":"758515172929960585","potions_obtained":[{"floor":2,"key":"LiquidBronze"},{"floor":3,"key":"GamblersBrew"},{"floor":8,"key":"Regen Potion"}],"is_trial":false,"path_per_floor":["M","M","M","$","M","R","M","E","T","R","?"],"character_chosen":"IRONCLAD","items_purchased":[],"campfire_rested":0,"item_purchase_floors":[],"current_hp_per_floor":[54,49,55,55,61,61,53,27,27,27,0],"gold":147,"neow_bonus":"ONE_RARE_RELIC","is_prod":false,"is_daily":false,"chose_seed":false,"campfire_upgraded":2,"win_rate":0,"timestamp":1551154835,"path_taken":["M","M","M","$","M","R","M","E","T","R","?"],"build_version":"2019-01-23","purchased_purges":1,"victory":false,"max_hp_per_floor":[68,68,68,68,68,68,68,68,68,68,68],"card_choices":[{"not_picked":["Iron Wave","Shrug It Off"],"picked":"Flex","floor":1},{"not_picked":["Sever Soul","Wild Strike"],"picked":"Seeing Red","floor":1},{"not_picked":["Clothesline","Carnage"],"picked":"Power Through","floor":2},{"not_picked":["Entrench","Sentinel"],"picked":"True Grit","floor":2},{"not_picked":["Twin Strike","Clothesline"],"picked":"Pommel Strike","floor":3},{"not_picked":["Metallicize","Brutality"],"picked":"Feel No Pain","floor":3},{"not_picked":["Clothesline","Flex"],"picked":"Wild Strike","floor":5},{"not_picked":["Pommel Strike","Entrench"],"picked":"Iron Wave","floor":5},{"not_picked":["Battle Trance","Burning Pact"],"picked":"Cleave","floor":7},{"not_picked":["True Grit","Havoc","Barricade"],"picked":"SKIP","floor":7},{"not_picked":["True Grit","Havoc"],"picked":"Barricade","floor":7},{"not_picked":["Sword Boomerang","Havoc"],"picked":"Thunderclap","floor":8}],"player_experience":1259138,"relics_obtained":[{"floor":8,"key":"Vajra"},{"floor":9,"key":"Meat on the Bone"}],"event_choices":[{"damage_healed":0,"gold_gain":30,"player_choice":"Searched \u00272\u0027 times","damage_taken":0,"max_hp_gain":0,"max_hp_loss":0,"event_name":"Dead Adventurer","floor":11,"gold_loss":0}],"is_beta":false,"boss_relics":[],"items_purged_floors":[4],"is_endless":false,"potions_floor_spawned":[2,3,8],"killed_by":"Lagavulin Event","ascension_level":19}