{"gold_per_floor":[116,129,145,157,174,199,199,234,234,234,266,276,311,311,311,382,382,399,418,343,743,743,743,771,771,771,802,802,456,456,469,469,469],"floor_reached":33,"playtime":2570,"items_purged":[],"score":659,"play_id":"34f7fc02-cc5d-40a0-ae89-e487b9e3b2e8","local_time":"20190226191502","is_ascension_mode":true,"campfire_choices":[{"floor":7,"key":"REST"},{"floor":10,"key":"REST"},{"floor":15,"key":"REST"},{"floor":23,"key":"REST"},{"data":"Armaments","floor":25,"key":"SMITH"},{"floor":28,"key":"REST"},{"floor":32,"key":"REST"}],"neow_cost":"NONE","seed_source_timestamp":346207502268989,"circlet_count":0,"master_deck":["AscendersBane","Bash","Panacea","Inflame","Armaments+1","Flex","Clash","Battle Trance","Reaper","Power Through","Flex","Sever Soul","Limit Break","Corruption","Feel No Pain","Offering","Fire Breathing","Whirlwind","Double Tap","Cleave","Warcry","Fiend Fire","Cleave","Rage","Wild Strike","Seeing Red","Iron Wave","Feel No Pain+1"],"relics":["Burning Blood","Bag of Marbles","Potion Belt","Bag of Preparation","Anchor","Pantograph","Orichalcum","Pandora\u0027s Box","Old Coin","Letter Opener","Red Skull","Gremlin Horn","Boot","Frozen Egg 2"],"potions_floor_usage":[6,8,13,21,27,33],"damage_taken":[{"damage":12,"enemies":"Cultist","floor":1,"turns":4},{"damage":7,"enemies":"Small Slimes","floor":2,"turns":3},{"damage":15,"enemies":"2 Louse","floor":3,"turns":4},{"damage":17,"enemies":"Looter","floor":4,"turns":3},{"damage":6,"enemies":"Blue Slaver","floor":5,"turns":4},{"damage":24,"enemies":"3 Sentries","floor":6,"turns":12},{"damage":35,"enemies":"Lagavulin","floor":8,"turns":7},{"damage":37,"enemies":"3 Sentries","floor":11,"turns":12},{"damage":20,"enemies":"Exordium Thugs","floor":12,"turns":6},{"damage":20,"enemies":"Lagavulin","floor":13,"turns":3},{"damage":60,"enemies":"The Guardian","floor":16,"turns":11},{"damage":12,"enemies":"Spheric Guardian","floor":18,"turns":3},{"damage":12,"enemies":"2 Thieves","floor":19,"turns":2},{"damage":28,"enemies":"Colosseum Slavers","floor":21,"turns":4},{"damage":26,"enemies":"Colosseum Nobs","floor":21,"turns":4},{"damage":0,"enemies":"Slavers","floor":24,"turns":2},{"damage":36,"enemies":"Book of Stabbing","floor":27,"turns":5},{"damage":42,"enemies":"Snake Plant","floor":31,"turns":4},{"damage":95,"enemies":"Champ","floor":33,"turns":12}],"seed_played":"8415674721661028266","potions_obtained":[{"floor":2,"key":"SpeedPotion"},{"floor":3,"key":"SteroidPotion"},{"floor":4,"key":"PowerPotion"},{"floor":12,"key":"AttackPotion"},{"floor":16,"key":"EssenceOfSteel"},{"floor":18,"key":"AttackPotion"},{"floor":31,"key":"FearPotion"}],"is_trial":false,"path_per_floor":["M","M","M","M","M","E","R","E","T","R","E","M","E","?","R","B",null,"M","M","?","?","?","R","E","R","T","E","R","$","?","M","R","B"],"character_chosen":"IRONCLAD","items_purchased":["Frozen Egg 2","Feel No Pain+1"],"campfire_rested":6,"item_purchase_floors":[29,29],"current_hp_per_floor":[62,61,52,41,41,23,45,26,26,48,35,21,7,7,29,9,59,53,47,47,23,23,45,51,51,51,25,47,47,62,33,55,0],"gold":469,"neow_bonus":"RANDOM_COLORLESS","is_prod":false,"is_daily":false,"chose_seed":false,"campfire_upgraded":1,"win_rate":0,"timestamp":1551233702,"path_taken":["M","?","M","M","M","E","R","E","T","R","E","M","E","?","R","BOSS","M","M","?","?","?","R","E","R","T","E","R","$","?","M","R","BOSS"],"build_version":"2019-01-23","purchased_purges":0,"victory":false,"max_hp_per_floor":[75,75,75,75,75,75,75,75,75,75,75,75,75,75,75,75,75,75,75,75,75,75,75,75,75,75,75,75,75,75,75,75,75],"card_choices":[{"not_picked":["Rupture","Combust"],"picked":"Inflame","floor":1},{"not_picked":["Battle Trance","Anger"],"picked":"Armaments","floor":2},{"not_picked":["Headbutt","Pommel Strike"],"picked":"Flex","floor":3},{"not_picked":["Anger","Warcry"],"picked":"Clash","floor":4},{"not_picked":["Perfected Strike","Thunderclap"],"picked":"Battle Trance","floor":5},{"not_picked":["Perfected Strike","Cleave"],"picked":"Reaper","floor":6},{"not_picked":["Corruption","Inflame"],"picked":"Power Through","floor":8},{"not_picked":["Corruption","Combust"],"picked":"Flex","floor":11},{"not_picked":["Clothesline","Shrug It Off"],"picked":"Sever Soul","floor":12},{"not_picked":["Thunderclap","True Grit"],"picked":"Fiend Fire","floor":13},{"not_picked":["Double Tap","Reaper"],"picked":"Limit Break","floor":16},{"not_picked":["Clothesline","Twin Strike+1"],"picked":"Cleave","floor":18},{"not_picked":["Sword Boomerang","Hemokinesis"],"picked":"Rage","floor":19},{"not_picked":["Headbutt","Thunderclap+1"],"picked":"Wild Strike","floor":21},{"not_picked":["Cleave","Clash"],"picked":"Seeing Red","floor":24},{"not_picked":["Armaments","Second Wind+1"],"picked":"Iron Wave","floor":27},{"not_picked":["Clash","Havoc","Anger"],"picked":"SKIP","floor":31}],"player_experience":1264472,"relics_obtained":[{"floor":6,"key":"Bag of Marbles"},{"floor":8,"key":"Potion Belt"},{"floor":9,"key":"Bag of Preparation"},{"floor":11,"key":"Anchor"},{"floor":13,"key":"Pantograph"},{"floor":21,"key":"Old Coin"},{"floor":21,"key":"Letter Opener"},{"floor":24,"key":"Red Skull"},{"floor":26,"key":"Gremlin Horn"},{"floor":27,"key":"Boot"}],"event_choices":[{"damage_healed":0,"gold_gain":0,"player_choice":"Searched \u00271\u0027 times","damage_taken":0,"relics_obtained":["Orichalcum"],"max_hp_gain":0,"max_hp_loss":0,"event_name":"Dead Adventurer","floor":14,"gold_loss":0},{"cards_removed":["Fiend Fire"],"damage_healed":0,"gold_gain":0,"player_choice":"Gave Gold","damage_taken":0,"max_hp_gain":0,"max_hp_loss":0,"event_name":"Beggar","floor":20,"gold_loss":75},{"damage_healed":0,"gold_gain":0,"player_choice":"Fight","damage_taken":0,"max_hp_gain":0,"max_hp_loss":0,"event_name":"Colosseum","floor":21,"gold_loss":0},{"damage_healed":0,"gold_gain":0,"player_choice":"Fought Nobs","damage_taken":0,"max_hp_gain":0,"max_hp_loss":0,"event_name":"Colosseum","floor":21,"gold_loss":0},{"damage_healed":0,"gold_gain":0,"player_choice":"Ignored","damage_taken":0,"max_hp_gain":0,"max_hp_loss":0,"event_name":"Vampires","floor":22,"gold_loss":0},{"damage_healed":15,"gold_gain":0,"player_choice":"Heal","damage_taken":0,"max_hp_gain":0,"max_hp_loss":0,"event_name":"The Library","floor":30,"gold_loss":0}],"is_beta":false,"boss_relics":[{"not_picked":["Runic Cube","Lizard Tail"],"picked":"Pandora\u0027s Box"}],"items_purged_floors":[],"is_endless":false,"potions_floor_spawned":[2,3,4,12,16,18,21,31],"killed_by":"Champ","ascension_level":19}