{"gold_per_floor":[113,113,128,145,155,155,171,171,197,217,136,153,168,196,196,295,295,315,315,333,351,364,392,392,408,408,408,424,116,116,135,135,231,231,242,242,255,266,16,16,16,16,16,32,32,32,32,32,32,32],"floor_reached":51,"playtime":8211,"items_purged":["Strike_G","Strike_G"],"score":623,"play_id":"dd6c2ab8-34f1-4191-8f06-bcce85636fa1","local_time":"20190316040135","is_ascension_mode":false,"campfire_choices":[{"data":"Noxious Fumes","floor":6,"key":"SMITH"},{"data":"Neutralize","floor":8,"key":"SMITH"},{"data":"Footwork","floor":15,"key":"SMITH"},{"data":"Infinite Blades","floor":24,"key":"SMITH"},{"data":"Skewer","floor":30,"key":"SMITH"},{"data":"Flechettes","floor":32,"key":"SMITH"},{"data":"Writhe","floor":40,"key":"PURGE"},{"data":"Doubt","floor":45,"key":"PURGE"},{"data":"Strike_G","floor":47,"key":"PURGE"},{"data":"Flechettes","floor":49,"key":"SMITH"}],"neow_cost":"NONE","seed_source_timestamp":202314847118295,"circlet_count":0,"master_deck":["Defend_G+1","Defend_G","Defend_G","Defend_G","Defend_G","Strike_G","Strike_G","Survivor","Neutralize+1","Blur","Well Laid Plans","Noxious Fumes+1","Flechettes+1","Backflip","Tools of the Trade","Footwork+1","Predator","Leg Sweep+1","Malaise+1","Flechettes+1","PiercingWail","Backflip","Crippling Poison+1","Infinite Blades+1","Skewer+1","Backflip+1","Envenom","Violence","Leg Sweep"],"special_seed":0,"relics":["Ring of the Snake","Anchor","Ancient Tea Set","Centennial Puzzle","Coffee Dripper","Vajra","Nunchaku","War Paint","Calling Bell","Peace Pipe","Mercury Hourglass","Juzu Bracelet","Oddly Smooth Stone","Potion Belt"],"potions_floor_usage":[14,33,33,50,50],"damage_taken":[{"damage":0,"enemies":"Small Slimes","floor":1,"turns":4},{"damage":0,"enemies":"Cultist","floor":3,"turns":7},{"damage":0,"enemies":"Jaw Worm","floor":4,"turns":6},{"damage":3,"enemies":"Gremlin Gang","floor":5,"turns":6},{"damage":3,"enemies":"2 Fungi Beasts","floor":7,"turns":5},{"damage":0,"enemies":"3 Louse","floor":10,"turns":4},{"damage":11,"enemies":"Large Slime","floor":12,"turns":6},{"damage":0,"enemies":"Exordium Wildlife","floor":13,"turns":3},{"damage":8,"enemies":"3 Sentries","floor":14,"turns":7},{"damage":17,"enemies":"Slime Boss","floor":16,"turns":10},{"damage":4,"enemies":"Spheric Guardian","floor":18,"turns":7},{"damage":0,"enemies":"Chosen","floor":20,"turns":5},{"damage":0,"enemies":"Sentry and Sphere","floor":21,"turns":6},{"damage":0,"enemies":"Shelled Parasite and Fungi","floor":22,"turns":7},{"damage":9,"enemies":"Gremlin Leader","floor":23,"turns":7},{"damage":0,"enemies":"Snecko","floor":25,"turns":5},{"damage":9,"enemies":"Snake Plant","floor":28,"turns":6},{"damage":4,"enemies":"3 Cultists","floor":31,"turns":6},{"damage":21,"enemies":"Automaton","floor":33,"turns":11},{"damage":26,"enemies":"3 Darklings","floor":35,"turns":6},{"damage":0,"enemies":"3 Shapes","floor":37,"turns":3},{"damage":13,"enemies":"Maw","floor":38,"turns":10},{"damage":2,"enemies":"Spire Growth","floor":44,"turns":6},{"damage":10,"enemies":"Donu and Deca","floor":50,"turns":11}],"seed_played":"5898162067075556266","potions_obtained":[{"floor":3,"key":"EssenceOfSteel"},{"floor":4,"key":"SkillPotion"},{"floor":5,"key":"Regen Potion"},{"floor":13,"key":"GhostInAJar"},{"floor":22,"key":"EssenceOfSteel"},{"floor":33,"key":"Fire Potion"},{"floor":37,"key":"SneckoOil"},{"floor":44,"key":"Weak Potion"}],"is_trial":false,"path_per_floor":["M","?","M","M","M","R","M","R","T","M","$","M","M","E","R","B",null,"M","?","M","M","M","E","R","M","T","?","M","$","R","M","R","B",null,"M","?","M","M","$","R","?","?","T","M","R","?","R","$","R","B",null],"character_chosen":"THE_SILENT","items_purchased":["Footwork","War Paint","Skewer","Oddly Smooth Stone"],"campfire_rested":0,"item_purchase_floors":[11,29,29,39],"current_hp_per_floor":[70,70,70,70,67,67,64,64,64,64,64,53,53,60,60,43,70,66,66,66,66,66,57,57,57,57,57,48,48,48,44,44,23,70,44,44,44,31,31,31,31,31,31,29,29,29,29,29,29,19],"gold":32,"neow_bonus":"RANDOM_COMMON_RELIC","is_prod":false,"is_daily":false,"chose_seed":false,"campfire_upgraded":7,"win_rate":0.0,"timestamp":1552726895,"path_taken":["M","?","M","M","M","R","M","R","T","M","$","M","?","E","R","BOSS","M","?","M","M","M","E","R","?","T","?","M","$","R","M","R","BOSS","M","?","M","M","$","R","?","?","T","M","R","?","R","?","R","BOSS"],"build_version":"2019-01-23","purchased_purges":2,"victory":true,"max_hp_per_floor":[70,70,70,70,70,70,70,70,70,70,70,70,70,70,70,70,70,70,70,70,70,70,70,70,70,70,70,70,70,70,70,70,70,70,70,70,70,70,70,70,70,66,66,66,66,66,66,66,66,66],"card_choices":[{"not_picked":["Flying Knee","Acrobatics"],"picked":"Blur","floor":1},{"not_picked":["Outmaneuver","Deadly Poison"],"picked":"Well Laid Plans","floor":3},{"not_picked":["Poisoned Stab","Terror"],"picked":"Noxious Fumes","floor":4},{"not_picked":["Tactician","Phantasmal Killer"],"picked":"Flechettes","floor":5},{"not_picked":["Flying Knee","Underhanded Strike"],"picked":"Backflip","floor":7},{"not_picked":["Calculated Gamble","Flying Knee"],"picked":"Tools of the Trade","floor":10},{"not_picked":["Prepared","Poisoned Stab"],"picked":"Predator","floor":12},{"not_picked":["Expertise","Dodge and Roll"],"picked":"Leg Sweep","floor":13},{"not_picked":["Deadly Poison","Blade Dance"],"picked":"Dagger Throw","floor":14},{"not_picked":["Doppelganger","Phantasmal Killer"],"picked":"Malaise","floor":16},{"not_picked":["Flying Knee","Finisher"],"picked":"Flechettes","floor":18},{"not_picked":["Terror+1","Poisoned Stab"],"picked":"PiercingWail","floor":20},{"not_picked":["Finisher","Skewer"],"picked":"Backflip","floor":21},{"not_picked":["Prepared","Blade Dance"],"picked":"Crippling Poison+1","floor":22},{"not_picked":["Deadly Poison+1","Reflex"],"picked":"Infinite Blades","floor":23},{"not_picked":["Poisoned Stab","Eviscerate","Reflex+1"],"picked":"SKIP","floor":25},{"not_picked":["Outmaneuver","Venomology","Eviscerate"],"picked":"SKIP","floor":28},{"not_picked":["Flying Knee","Bouncing Flask"],"picked":"Backflip+1","floor":31},{"not_picked":["Venomology","Bullet Time"],"picked":"Envenom","floor":33},{"not_picked":["Eviscerate+1","Deflect+1","Flechettes"],"picked":"SKIP","floor":35},{"not_picked":["Panacea","Bandage Up"],"picked":"Violence","floor":36},{"not_picked":["Underhanded Strike+1","Prepared","Choke+1"],"picked":"SKIP","floor":37},{"not_picked":["Finisher+1","Dodge and Roll"],"picked":"Leg Sweep","floor":38},{"not_picked":["Dagger Throw+1","Prepared+1","Predator"],"picked":"SKIP","floor":44}],"player_experience":12680,"relics_obtained":[{"floor":9,"key":"Ancient Tea Set"},{"floor":14,"key":"Centennial Puzzle"},{"floor":23,"key":"Vajra"},{"floor":26,"key":"Nunchaku"},{"floor":34,"key":"Peace Pipe"},{"floor":34,"key":"Mercury Hourglass"},{"floor":34,"key":"Juzu Bracelet"},{"floor":43,"key":"Potion Belt"}],"event_choices":[{"damage_healed":0,"gold_gain":0,"player_choice":"Ignored","damage_taken":0,"max_hp_gain":0,"max_hp_loss":0,"event_name":"NoteForYourself","floor":2,"gold_loss":0},{"damage_healed":0,"gold_gain":0,"player_choice":"Forge","damage_taken":0,"max_hp_gain":0,"max_hp_loss":0,"event_name":"Accursed Blacksmith","floor":19,"gold_loss":0,"cards_upgraded":["Malaise"]},{"damage_healed":0,"gold_gain":0,"player_choice":"Ignored","damage_taken":0,"max_hp_gain":0,"max_hp_loss":0,"event_name":"Ghosts","floor":27,"gold_loss":0},{"damage_healed":0,"gold_gain":0,"player_choice":"Memory 1","damage_taken":0,"max_hp_gain":0,"max_hp_loss":0,"event_name":"SensoryStone","floor":36,"gold_loss":0},{"cards_removed":["Dagger Throw"],"damage_healed":0,"gold_gain":0,"player_choice":"Removed Attack","damage_taken":0,"max_hp_gain":0,"max_hp_loss":0,"event_name":"Falling","floor":41,"gold_loss":0},{"damage_healed":0,"gold_gain":0,"player_choice":"Max HP","damage_taken":0,"max_hp_gain":0,"max_hp_loss":4,"event_name":"Winding Halls","floor":42,"gold_loss":0},{"cards_removed":["Normality"],"damage_healed":0,"gold_gain":0,"player_choice":"Removed Curses","damage_taken":0,"max_hp_gain":0,"max_hp_loss":0,"event_name":"Fountain of Cleansing","floor":46,"gold_loss":0}],"is_beta":false,"boss_relics":[{"not_picked":["Astrolabe","Cursed Key"],"picked":"Coffee Dripper"},{"not_picked":["White Beast Statue","HoveringKite"],"picked":"Calling Bell"}],"items_purged_floors":[29,39],"is_endless":false,"potions_floor_spawned":[3,4,5,13,22,25,28,31,33,37,44],"ascension_level":0}