{"gold_per_floor":[110,110,110,128,53,88,88,121,121,121,135,135,174,187,187,276,276,292,417,417,442,442,442,459,485,510,510,542,559,559,576,576,648,648,658,672,241,290,302,302,302,0,78,34,67,84,84,116,116,116,116],"floor_reached":51,"playtime":3907,"items_purged":["Regret","Bloodletting"],"score":1522,"play_id":"59b5dd89-cb0e-4dd6-9974-a4681a5d2a38","local_time":"20190305195013","is_ascension_mode":true,"campfire_choices":[{"data":"Iron Wave","floor":7,"key":"SMITH"},{"data":"Bash","floor":10,"key":"SMITH"},{"data":"Cleave","floor":15,"key":"SMITH"},{"data":"Armaments","floor":23,"key":"SMITH"},{"floor":27,"key":"REST"},{"floor":30,"key":"REST"},{"data":"True Grit","floor":32,"key":"SMITH"},{"floor":41,"key":"REST"},{"floor":47,"key":"REST"},{"floor":49,"key":"REST"}],"neow_cost":"NONE","seed_source_timestamp":352125633992004,"circlet_count":0,"master_deck":["AscendersBane","Bash+1","Iron Wave+1","Cleave+1","Limit Break","Iron Wave","Evolve","Berserk","Offering","Power Through","Wild Strike","Sword Boomerang","Flame Barrier","Armaments+1","Body Slam+1","Uppercut","Thunderclap","Impervious","Sentinel","True Grit+1","Feel No Pain","Demon Form","Pommel Strike","Heavy Blade","Dark Embrace","Rupture","Metallicize","Dropkick","Feel No Pain"],"relics":["Burning Blood","NeowsBlessing","Bloody Idol","Pocketwatch","Magic Flower","Self Forming Clay","Ginger","Bag of Marbles","Gremlin Horn","Pandora\u0027s Box","StoneCalendar","Pantograph","Red Skull","Art of War","Potion Belt","Sozu","Vajra","Juzu Bracelet","Turnip","Red Mask","Blue Candle","Sundial","Bronze Scales"],"potions_floor_usage":[8,16,19,19,19,25,28,31,46],"damage_taken":[{"damage":0,"enemies":"Cultist","floor":1,"turns":1},{"damage":0,"enemies":"2 Louse","floor":4,"turns":1},{"damage":0,"enemies":"Gremlin Nob","floor":6,"turns":1},{"damage":12,"enemies":"3 Sentries","floor":8,"turns":8},{"damage":2,"enemies":"Jaw Worm","floor":11,"turns":3},{"damage":30,"enemies":"Lagavulin","floor":13,"turns":5},{"damage":0,"enemies":"Lots of Slimes","floor":14,"turns":4},{"damage":40,"enemies":"Slime Boss","floor":16,"turns":10},{"damage":18,"enemies":"Spheric Guardian","floor":18,"turns":4},{"damage":6,"enemies":"Colosseum Slavers","floor":19,"turns":3},{"damage":19,"enemies":"Colosseum Nobs","floor":19,"turns":5},{"damage":11,"enemies":"2 Thieves","floor":21,"turns":4},{"damage":5,"enemies":"Snecko","floor":24,"turns":5},{"damage":32,"enemies":"Slavers","floor":25,"turns":4},{"damage":28,"enemies":"Book of Stabbing","floor":28,"turns":3},{"damage":21,"enemies":"Snake Plant","floor":29,"turns":3},{"damage":6,"enemies":"Chosen and Byrds","floor":31,"turns":5},{"damage":41,"enemies":"Collector","floor":33,"turns":7},{"damage":26,"enemies":"Orb Walker","floor":35,"turns":4},{"damage":6,"enemies":"3 Shapes","floor":36,"turns":6},{"damage":36,"enemies":"2 Orb Walkers","floor":38,"turns":4},{"damage":15,"enemies":"Transient","floor":39,"turns":6},{"damage":63,"enemies":"Giant Head","floor":45,"turns":6},{"damage":0,"enemies":"Jaw Worm Horde","floor":46,"turns":4},{"damage":41,"enemies":"Reptomancer","floor":48,"turns":6},{"damage":52,"enemies":"Time Eater","floor":50,"turns":8},{"damage":71,"enemies":"Awakened One","floor":51,"turns":3}],"seed_played":"4286781512409663632","potions_obtained":[{"floor":1,"key":"Swift Potion"},{"floor":6,"key":"PowerPotion"},{"floor":13,"key":"SteroidPotion"},{"floor":18,"key":"EntropicBrew"},{"floor":19,"key":"AttackPotion"},{"floor":24,"key":"FearPotion"},{"floor":25,"key":"Energy Potion"},{"floor":33,"key":"Explosive Potion"}],"is_trial":false,"path_per_floor":["M","?","?","M","$","E","R","E","T","R","M","?","E","M","R","B",null,"M","?","?","M","?","R","M","E","T","R","E","M","R","M","R","B",null,"M","M","$","?","M","?","R","?","T","$","E","M","R","E","R","B","B"],"character_chosen":"IRONCLAD","items_purchased":["Vajra","Juzu Bracelet","Rupture"],"campfire_rested":5,"item_purchase_floors":[37,37,44],"current_hp_per_floor":[74,48,48,54,54,60,60,57,57,57,64,64,43,52,52,21,62,53,46,46,44,44,44,53,35,40,62,48,41,63,71,71,48,68,56,64,64,42,41,41,63,63,68,68,19,33,55,28,50,32,0],"gold":116,"neow_bonus":"THREE_ENEMY_KILL","is_prod":false,"is_daily":false,"chose_seed":false,"campfire_upgraded":5,"win_rate":0,"timestamp":1551840613,"path_taken":["M","?","?","M","$","E","R","E","T","R","M","?","E","?","R","BOSS","M","?","?","?","?","R","M","E","T","R","E","M","R","M","R","BOSS","M","M","$","?","M","?","R","?","T","?","E","M","R","E","R","BOSS","BOSS"],"build_version":"2019-01-23","purchased_purges":2,"victory":false,"max_hp_per_floor":[75,75,75,75,75,75,75,75,75,75,75,75,75,75,75,75,75,75,75,75,75,75,75,75,75,75,75,75,75,75,75,75,75,75,75,75,75,75,75,75,75,75,75,75,75,75,75,75,75,75,75],"card_choices":[{"not_picked":["Bloodletting","Clothesline","Havoc"],"picked":"SKIP","floor":1},{"not_picked":["Warcry","Pommel Strike"],"picked":"Headbutt","floor":4},{"not_picked":["Dark Embrace","Burning Pact"],"picked":"Iron Wave","floor":6},{"not_picked":["Twin Strike","Pummel","Armaments"],"picked":"SKIP","floor":8},{"not_picked":["Pummel","Anger","Perfected Strike"],"picked":"SKIP","floor":11},{"not_picked":["Sword Boomerang","Headbutt","Reckless Charge"],"picked":"SKIP","floor":13},{"not_picked":["Feel No Pain","Battle Trance"],"picked":"Cleave","floor":14},{"not_picked":["Reaper","Berserk"],"picked":"Limit Break","floor":16},{"not_picked":["Anger","Wild Strike+1"],"picked":"Armaments","floor":18},{"not_picked":["Thunderclap","Headbutt+1"],"picked":"Body Slam+1","floor":19},{"not_picked":["Seeing Red","Inflame"],"picked":"Uppercut","floor":21},{"not_picked":["Wild Strike","Body Slam"],"picked":"Thunderclap","floor":24},{"not_picked":["Carnage+1","True Grit"],"picked":"Impervious","floor":25},{"not_picked":["Clothesline","Thunderclap"],"picked":"Sentinel","floor":28},{"not_picked":["Sword Boomerang","Disarm"],"picked":"True Grit","floor":29},{"not_picked":["Heavy Blade","Dual Wield"],"picked":"Feel No Pain","floor":31},{"not_picked":["Offering","Dark Embrace"],"picked":"Demon Form","floor":33},{"not_picked":["Perfected Strike","Havoc"],"picked":"Pommel Strike","floor":35},{"not_picked":["Headbutt","Bloodletting"],"picked":"Heavy Blade","floor":36},{"not_picked":["Battle Trance","Pommel Strike"],"picked":"Dark Embrace","floor":38},{"not_picked":["Wild Strike","Flex","Fire Breathing+1"],"picked":"SKIP","floor":39},{"not_picked":["Battle Trance","Anger"],"picked":"Metallicize","floor":45},{"not_picked":["Warcry","Cleave"],"picked":"Dropkick","floor":46},{"not_picked":["Heavy Blade","Spot Weakness"],"picked":"Feel No Pain","floor":48}],"player_experience":1339398,"relics_obtained":[{"floor":6,"key":"Magic Flower"},{"floor":8,"key":"Self Forming Clay"},{"floor":9,"key":"Ginger"},{"floor":13,"key":"Gremlin Horn"},{"floor":19,"key":"StoneCalendar"},{"floor":19,"key":"Pantograph"},{"floor":25,"key":"Red Skull"},{"floor":26,"key":"Art of War"},{"floor":28,"key":"Potion Belt"},{"floor":38,"key":"Turnip"},{"floor":43,"key":"Blue Candle"},{"floor":45,"key":"Sundial"},{"floor":48,"key":"Bronze Scales"}],"event_choices":[{"damage_healed":0,"gold_gain":0,"player_choice":"Take Damage","damage_taken":26,"relics_obtained":["Golden Idol"],"max_hp_gain":0,"max_hp_loss":0,"event_name":"Golden Idol","floor":2,"gold_loss":0},{"damage_healed":0,"gold_gain":0,"player_choice":"Box","damage_taken":0,"relics_obtained":["Pocketwatch"],"max_hp_gain":0,"max_hp_loss":0,"event_name":"Big Fish","floor":3,"gold_loss":0,"cards_obtained":["Regret"]},{"damage_healed":0,"gold_gain":0,"player_choice":"Gave Potion","damage_taken":0,"relics_obtained":["Bag of Marbles"],"max_hp_gain":0,"max_hp_loss":0,"event_name":"WeMeetAgain","floor":12,"gold_loss":0},{"damage_healed":0,"gold_gain":0,"player_choice":"Fight","damage_taken":0,"max_hp_gain":0,"max_hp_loss":0,"event_name":"Colosseum","floor":19,"gold_loss":0},{"damage_healed":0,"gold_gain":0,"player_choice":"Fought Nobs","damage_taken":0,"max_hp_gain":0,"max_hp_loss":0,"event_name":"Colosseum","floor":19,"gold_loss":0},{"damage_healed":0,"gold_gain":0,"player_choice":"Ignored","damage_taken":0,"max_hp_gain":0,"max_hp_loss":0,"event_name":"N\u0027loth","floor":20,"gold_loss":0},{"damage_healed":0,"gold_gain":0,"player_choice":"Gave Idol","damage_taken":0,"relics_obtained":["Bloody Idol"],"max_hp_gain":0,"max_hp_loss":0,"event_name":"Forgotten Altar","floor":22,"relics_lost":["Golden Idol"],"gold_loss":0},{"damage_healed":0,"gold_gain":0,"player_choice":"Fight","damage_taken":0,"max_hp_gain":0,"max_hp_loss":0,"event_name":"Mysterious Sphere","floor":38,"gold_loss":0},{"cards_removed":["Headbutt"],"damage_healed":0,"gold_gain":0,"player_choice":"Removed Attack","damage_taken":0,"max_hp_gain":0,"max_hp_loss":0,"event_name":"Falling","floor":40,"gold_loss":0},{"damage_healed":0,"gold_gain":0,"player_choice":"Paid","damage_taken":0,"relics_obtained":["Red Mask"],"max_hp_gain":0,"max_hp_loss":0,"event_name":"Tomb of Lord Red Mask","floor":42,"gold_loss":302}],"is_beta":false,"boss_relics":[{"not_picked":["Orrery","Lizard Tail"],"picked":"Pandora\u0027s Box"},{"not_picked":["Tiny House","Coffee Dripper"],"picked":"Sozu"}],"items_purged_floors":[5,37],"is_endless":false,"potions_floor_spawned":[1,6,13,18,19,19,24,25,33,39,46],"killed_by":"Awakened One","ascension_level":20}