{"gold_per_floor":[115,34,34,50,50,50,78,78,78,90,30,105,105,132,132,205,205,175,175],"floor_reached":19,"playtime":1116,"items_purged":["Strike_R"],"score":337,"play_id":"73547d06-fdc4-4d67-a7e2-88b5af391173","local_time":"20190223194259","is_ascension_mode":true,"campfire_choices":[{"data":"Feel No Pain","floor":6,"key":"SMITH"},{"floor":8,"key":"REST"},{"floor":15,"key":"REST"}],"neow_cost":"CURSE","seed_source_timestamp":90128762418359,"circlet_count":0,"master_deck":["AscendersBane","Strike_R","Strike_R","Strike_R","Defend_R","Defend_R","Defend_R","Defend_R","Bash","Purity","Swift Strike","Writhe","Headbutt","Feel No Pain+1","Pain","True Grit","Dark Embrace","Infernal Blade","Dual Wield","Impervious","Iron Wave+1"],"relics":["Burning Blood","WarpedTongs","The Courier","Mercury Hourglass","Darkstone Periapt","Kunai","Black Star"],"potions_floor_usage":[7,16],"damage_taken":[{"damage":16,"enemies":"Small Slimes","floor":1,"turns":5},{"damage":3,"enemies":"Cultist","floor":4,"turns":3},{"damage":39,"enemies":"Gremlin Nob","floor":7,"turns":4},{"damage":2,"enemies":"2 Louse","floor":10,"turns":2},{"damage":10,"enemies":"Lagavulin","floor":14,"turns":5},{"damage":41,"enemies":"The Guardian","floor":16,"turns":10},{"damage":31,"enemies":"2 Thieves","floor":18,"turns":5},{"damage":54,"enemies":"3 Byrds","floor":19,"turns":6}],"seed_played":"-7475565841800958283","potions_obtained":[{"floor":4,"key":"FearPotion"},{"floor":14,"key":"AttackPotion"},{"floor":18,"key":"FairyPotion"}],"is_trial":false,"path_per_floor":["M","$","?","M","?","R","E","R","T","M","$","?","T","E","R","B",null,"M","M"],"character_chosen":"IRONCLAD","items_purchased":["Feel No Pain"],"campfire_rested":2,"item_purchase_floors":[2],"current_hp_per_floor":[58,58,58,61,61,61,28,50,50,54,54,43,43,39,61,26,63,38,0],"gold":175,"neow_bonus":"RANDOM_COLORLESS_2","is_prod":false,"is_daily":false,"chose_seed":false,"campfire_upgraded":1,"win_rate":0,"timestamp":1550976179,"path_taken":["M","$","?","?","?","R","E","R","T","M","$","?","?","E","R","BOSS","M","M"],"build_version":"2019-01-23","purchased_purges":1,"victory":false,"max_hp_per_floor":[75,75,75,75,75,75,75,75,75,75,75,75,75,75,75,75,75,75,75],"card_choices":[{"not_picked":["Havoc","Clash"],"picked":"Headbutt","floor":1},{"not_picked":["Havoc","Armaments"],"picked":"True Grit","floor":4},{"not_picked":["Headbutt","Clash"],"picked":"Dark Embrace","floor":7},{"not_picked":["Pommel Strike","Warcry"],"picked":"Infernal Blade","floor":10},{"not_picked":["Uppercut","Havoc"],"picked":"Dual Wield","floor":14},{"not_picked":["Bludgeon","Exhume"],"picked":"Impervious","floor":16},{"not_picked":["Dropkick+1","Heavy Blade"],"picked":"Iron Wave+1","floor":18}],"player_experience":1228605,"relics_obtained":[{"floor":7,"key":"The Courier"},{"floor":9,"key":"Mercury Hourglass"},{"floor":13,"key":"Darkstone Periapt"},{"floor":14,"key":"Kunai"}],"event_choices":[{"damage_healed":0,"gold_gain":0,"player_choice":"Rummage","damage_taken":0,"relics_obtained":["WarpedTongs"],"max_hp_gain":0,"max_hp_loss":0,"event_name":"Accursed Blacksmith","floor":3,"gold_loss":0,"cards_obtained":["Pain"]},{"cards_removed":["Strike_R"],"damage_healed":0,"gold_gain":0,"player_choice":"Forget","damage_taken":0,"max_hp_gain":0,"max_hp_loss":0,"event_name":"Living Wall","floor":5,"gold_loss":0},{"damage_healed":0,"gold_gain":75,"player_choice":"Gather Gold","damage_taken":11,"max_hp_gain":0,"max_hp_loss":0,"event_name":"World of Goop","floor":12,"gold_loss":0}],"is_beta":false,"boss_relics":[{"not_picked":["Lizard Tail","Snecko Eye"],"picked":"Black Star"}],"items_purged_floors":[11],"is_endless":false,"potions_floor_spawned":[4,14,18],"killed_by":"3 Byrds","ascension_level":19}