{"gold_per_floor":[109,127,127,144,162,187,187,112,112,112,125,152,152,182,182,261,261,261,261,21,21,21,21,21,21,21,21],"floor_reached":27,"playtime":1894,"items_purged":["Bash"],"score":458,"play_id":"132b1134-ede9-4e97-9f1c-c132d3f79636","local_time":"20190223192409","is_ascension_mode":true,"campfire_choices":[{"data":"Uppercut","floor":7,"key":"SMITH"},{"data":"Shrug It Off","floor":10,"key":"SMITH"},{"floor":13,"key":"REST"},{"floor":15,"key":"REST"},{"floor":23,"key":"REST"}],"neow_cost":"NONE","seed_source_timestamp":88221335209814,"circlet_count":0,"master_deck":["AscendersBane","Strike_R","Strike_R","Strike_R","Strike_R","Defend_R","Defend_R","Defend_R","Defend_R","Uppercut+1","Anger","Feel No Pain","Second Wind","Shrug It Off+1","Blood for Blood","Evolve","Seeing Red+1","Wild Strike","Demon Form","Entrench+1","Cleave","Double Tap+1","Dual Wield+1","Blood for Blood","Inflame"],"relics":["Burning Blood","Shuriken","Gremlin Horn","Toxic Egg 2","Pocketwatch","StoneCalendar","Ectoplasm","PreservedInsect","Omamori"],"potions_floor_usage":[6,12,16,19,27],"damage_taken":[{"damage":2,"enemies":"Cultist","floor":1,"turns":4},{"damage":6,"enemies":"Jaw Worm","floor":2,"turns":4},{"damage":10,"enemies":"2 Louse","floor":4,"turns":2},{"damage":17,"enemies":"Looter","floor":5,"turns":3},{"damage":19,"enemies":"3 Sentries","floor":6,"turns":12},{"damage":3,"enemies":"Blue Slaver","floor":11,"turns":4},{"damage":47,"enemies":"Gremlin Nob","floor":12,"turns":5},{"damage":10,"enemies":"Lagavulin","floor":14,"turns":6},{"damage":35,"enemies":"Slime Boss","floor":16,"turns":6},{"damage":18,"enemies":"3 Byrds","floor":18,"turns":6},{"damage":25,"enemies":"Shell Parasite","floor":19,"turns":4},{"damage":12,"enemies":"Snake Plant","floor":22,"turns":4},{"damage":17,"enemies":"Cultist and Chosen","floor":24,"turns":6},{"damage":20,"enemies":"Snecko","floor":25,"turns":5},{"damage":29,"enemies":"Slavers","floor":27,"turns":2}],"seed_played":"-7147185358637310801","potions_obtained":[{"floor":4,"key":"Regen Potion"},{"floor":11,"key":"PowerPotion"},{"floor":14,"key":"AttackPotion"},{"floor":18,"key":"Energy Potion"},{"floor":19,"key":"EssenceOfSteel"}],"is_trial":false,"path_per_floor":["M","M","T","M","M","E","R","$","T","R","M","E","R","E","R","B",null,"M","M","$","?","M","R","M","M","T","E"],"character_chosen":"IRONCLAD","items_purchased":["PreservedInsect","Double Tap+1"],"campfire_rested":3,"item_purchase_floors":[20,20],"current_hp_per_floor":[72,72,72,68,57,59,59,59,59,59,62,21,43,39,61,32,64,52,33,33,33,27,49,38,24,24,0],"gold":21,"neow_bonus":"THREE_CARDS","is_prod":false,"is_daily":false,"chose_seed":false,"campfire_upgraded":2,"win_rate":0,"timestamp":1550975049,"path_taken":["M","M","?","M","M","E","R","$","T","R","M","E","R","E","R","BOSS","M","?","$","?","M","R","M","M","T","E"],"build_version":"2019-01-23","purchased_purges":1,"victory":false,"max_hp_per_floor":[75,75,75,75,75,75,75,75,75,75,75,75,75,75,75,75,75,75,75,75,75,75,75,75,75,75,75],"card_choices":[{"not_picked":["Headbutt","Heavy Blade"],"picked":"Uppercut","floor":0},{"not_picked":["Sword Boomerang","Clash"],"picked":"Anger","floor":1},{"not_picked":["Warcry","Bloodletting"],"picked":"Feel No Pain","floor":2},{"not_picked":["Clash","Havoc"],"picked":"Second Wind","floor":4},{"not_picked":["Heavy Blade","Warcry"],"picked":"Shrug It Off","floor":5},{"not_picked":["Battle Trance","Feel No Pain"],"picked":"Blood for Blood","floor":6},{"not_picked":["Immolate","Perfected Strike"],"picked":"Evolve","floor":11},{"not_picked":["Pommel Strike","Heavy Blade"],"picked":"Seeing Red+1","floor":12},{"not_picked":["Havoc+1","Iron Wave"],"picked":"Wild Strike","floor":14},{"not_picked":["Impervious+1","Reaper"],"picked":"Demon Form","floor":16},{"not_picked":["Flex+1","Headbutt"],"picked":"Entrench+1","floor":18},{"not_picked":["Second Wind+1","Heavy Blade"],"picked":"Cleave","floor":19},{"not_picked":["Perfected Strike+1","Flex+1"],"picked":"Dual Wield+1","floor":22},{"not_picked":["True Grit+1","Fiend Fire"],"picked":"Blood for Blood","floor":24},{"not_picked":["Sword Boomerang","Bloodletting+1"],"picked":"Inflame","floor":25}],"player_experience":1226711,"relics_obtained":[{"floor":3,"key":"Shuriken"},{"floor":6,"key":"Gremlin Horn"},{"floor":9,"key":"Toxic Egg 2"},{"floor":12,"key":"Pocketwatch"},{"floor":14,"key":"StoneCalendar"},{"floor":26,"key":"Omamori"}],"event_choices":[{"cards_removed":["Strike_R"],"damage_healed":0,"gold_gain":0,"player_choice":"Offered Basic","damage_taken":0,"max_hp_gain":0,"max_hp_loss":0,"event_name":"Bonfire Elementals","floor":21,"gold_loss":0}],"is_beta":false,"boss_relics":[{"not_picked":["Tiny House","Black Blood"],"picked":"Ectoplasm"}],"items_purged_floors":[8],"is_endless":false,"potions_floor_spawned":[4,11,14,18,19],"killed_by":"Slavers","ascension_level":19}