{"gold_per_floor":[117,117,192,207,222,222,250,250,250,270,9,39,57,76,76,171,171,186,201,20,34,52,52,52,79,79,104,104,123,141,141,141,244,244,263,282,282,282,302,315,315,343,411,20,40,40,57,77,77,77],"floor_reached":50,"playtime":3727,"items_purged":["Strike_R","Doubt"],"score":632,"play_id":"e84c19eb-a474-4749-947a-025f3f5cb2a5","local_time":"20181008011125","is_ascension_mode":true,"campfire_choices":[{"floor":6,"key":"REST"},{"data":"Apotheosis","floor":15,"key":"SMITH"},{"data":"Offering","floor":23,"key":"SMITH"},{"data":"Metallicize","floor":28,"key":"SMITH"},{"floor":32,"key":"REST"},{"floor":41,"key":"REST"},{"floor":49,"key":"REST"}],"neow_cost":"NONE","seed_source_timestamp":1394499300094577,"circlet_count":0,"master_deck":["Strike_R","Strike_R","Strike_R","Defend_R","Defend_R","Defend_R","Bash","Fiend Fire","Body Slam+1","Twin Strike","Metallicize+1","Evolve","Flame Barrier","Apotheosis+1","Warcry","Perfected Strike","Double Tap","Offering+1","Infernal Blade+1","Rupture+1","Spot Weakness","Pommel Strike","Combust+1","Flame Barrier+1","Dropkick","Berserk","Rampage","Wild Strike","Shrug It Off+1","Violence","Secret Technique","Flash of Steel","Intimidate","Ghostly Armor+1","Inflame","Flex","Offering","Battle Trance+1"],"relics":["Burning Blood","Magic Flower","FossilizedHelix","Letter Opener","Cursed Key","Omamori","Boot","Bag of Marbles","Paper Frog","Pen Nib","White Beast Statue","Nunchaku","Dream Catcher","Mummified Hand","Potion Belt"],"potions_floor_usage":[7,12,16,22,25,27,33,33,36,37,40,42,45,47,47,50,50,50,50],"damage_taken":[{"damage":15,"enemies":"Small Slimes","floor":1,"turns":3},{"damage":6,"enemies":"2 Louse","floor":4,"turns":2},{"damage":1,"enemies":"Cultist","floor":5,"turns":3},{"damage":20,"enemies":"Lagavulin","floor":7,"turns":6},{"damage":13,"enemies":"3 Louse","floor":10,"turns":4},{"damage":0,"enemies":"Gremlin Nob","floor":12,"turns":3},{"damage":0,"enemies":"Looter","floor":13,"turns":2},{"damage":4,"enemies":"Blue Slaver","floor":14,"turns":3},{"damage":42,"enemies":"Hexaghost","floor":16,"turns":9},{"damage":6,"enemies":"Shell Parasite","floor":18,"turns":3},{"damage":6,"enemies":"Spheric Guardian","floor":19,"turns":3},{"damage":21,"enemies":"Centurion and Healer","floor":21,"turns":5},{"damage":12,"enemies":"Snake Plant","floor":22,"turns":4},{"damage":12,"enemies":"Book of Stabbing","floor":25,"turns":2},{"damage":13,"enemies":"Slavers","floor":27,"turns":3},{"damage":15,"enemies":"Snecko","floor":29,"turns":3},{"damage":7,"enemies":"Centurion and Healer","floor":30,"turns":4},{"damage":14,"enemies":"Collector","floor":33,"turns":5},{"damage":1,"enemies":"Orb Walker","floor":35,"turns":2},{"damage":32,"enemies":"3 Darklings","floor":36,"turns":4},{"damage":8,"enemies":"Mind Bloom Boss Battle","floor":37,"turns":4},{"damage":3,"enemies":"Reptomancer","floor":39,"turns":2},{"damage":16,"enemies":"Maw","floor":40,"turns":5},{"damage":54,"enemies":"Nemesis","floor":42,"turns":3},{"damage":0,"enemies":"Spire Growth","floor":45,"turns":1},{"damage":14,"enemies":"Sphere and 2 Shapes","floor":47,"turns":4},{"damage":8,"enemies":"Reptomancer","floor":48,"turns":2},{"damage":55,"enemies":"Time Eater","floor":50,"turns":8}],"seed_played":"7235757111338378034","potions_obtained":[{"floor":5,"key":"PowerPotion"},{"floor":10,"key":"SkillPotion"},{"floor":13,"key":"Explosive Potion"},{"floor":14,"key":"Energy Potion"},{"floor":16,"key":"FearPotion"},{"floor":18,"key":"Weak Potion"},{"floor":22,"key":"SpeedPotion"},{"floor":27,"key":"FearPotion"},{"floor":30,"key":"Dexterity Potion"},{"floor":35,"key":"Block Potion"},{"floor":36,"key":"EssenceOfSteel"},{"floor":37,"key":"SteroidPotion"},{"floor":39,"key":"FearPotion"},{"floor":40,"key":"Explosive Potion"},{"floor":42,"key":"AttackPotion"},{"floor":45,"key":"Explosive Potion"},{"floor":47,"key":"Swift Potion"},{"floor":48,"key":"Strength Potion"}],"is_trial":false,"path_per_floor":["M","?","?","M","M","R","E","?","T","M","$","E","M","M","R","B",null,"M","M","$","M","M","R","?","E","T","E","R","M","M","?","R","B",null,"M","M","?","?","M","M","R","E","T","$","M","?","M","M","R"],"character_chosen":"IRONCLAD","items_purchased":["Apotheosis","Omamori","Spot Weakness","Potion Belt","Inflame","Weak Potion"],"campfire_rested":4,"item_purchase_floors":[11,20,20,44,44,44],"current_hp_per_floor":[71,64,53,53,58,80,66,66,66,62,62,71,80,80,80,47,80,80,80,80,68,65,65,65,62,62,58,58,52,54,54,78,73,80,80,57,58,48,54,47,71,26,26,26,35,35,30,31,55,0],"gold":77,"neow_bonus":"ONE_RANDOM_RARE_CARD","is_prod":false,"is_daily":false,"chose_seed":false,"campfire_upgraded":3,"win_rate":0,"timestamp":1538975485,"path_taken":["M","?","?","M","M","R","E","?","T","M","$","E","M","M","R","BOSS","M","M","$","M","M","R","?","E","T","E","R","M","M","?","R","BOSS","M","M","?","?","M","M","R","E","T","$","M","?","?","M","R","BOSS"],"build_version":"2018-10-04v2","purchased_purges":2,"victory":false,"max_hp_per_floor":[80,80,80,80,80,80,80,80,80,80,80,80,80,80,80,80,80,80,80,80,80,80,80,80,80,80,80,80,80,80,80,80,80,80,80,80,80,80,80,80,80,80,80,80,80,80,80,80,80,80],"card_choices":[{"not_picked":["Heavy Blade","Wild Strike"],"picked":"Body Slam","floor":1},{"not_picked":["Heavy Blade","Havoc"],"picked":"Twin Strike","floor":4},{"not_picked":["Hemokinesis","Clothesline"],"picked":"Metallicize","floor":5},{"not_picked":["Dropkick","Whirlwind"],"picked":"Evolve","floor":7},{"not_picked":["Evolve","Pommel Strike"],"picked":"Flame Barrier","floor":10},{"not_picked":["Wild Strike","Shrug It Off"],"picked":"Warcry","floor":12},{"not_picked":["Clash","Evolve"],"picked":"Perfected Strike","floor":13},{"not_picked":["Body Slam","Anger"],"picked":"Double Tap","floor":14},{"not_picked":["Bludgeon","Barricade"],"picked":"Offering","floor":16},{"not_picked":["Metallicize","Heavy Blade"],"picked":"Infernal Blade+1","floor":18},{"not_picked":["Cleave","Sword Boomerang"],"picked":"Rupture+1","floor":19},{"not_picked":["Twin Strike","Clash","Perfected Strike"],"picked":"SKIP","floor":21},{"not_picked":["Anger","Thunderclap"],"picked":"Pommel Strike","floor":22},{"not_picked":["Rage","Searing Blow+1"],"picked":"Combust+1","floor":25},{"not_picked":["Cleave","Armaments"],"picked":"Flame Barrier+1","floor":27},{"not_picked":["Hemokinesis","Wild Strike"],"picked":"Dropkick","floor":29},{"not_picked":["Fire Breathing","Burning Pact+1","True Grit"],"picked":"SKIP","floor":30},{"not_picked":["Juggernaut","Fiend Fire"],"picked":"Berserk","floor":33},{"not_picked":["Thunderclap","Dual Wield+1"],"picked":"Rampage","floor":35},{"not_picked":["Blood for Blood","Clash+1"],"picked":"Wild Strike","floor":36},{"not_picked":["Bludgeon","Body Slam"],"picked":"Shrug It Off+1","floor":37},{"not_picked":["Deep Breath","Apotheosis"],"picked":"Violence","floor":38},{"not_picked":["Blind","Dark Shackles"],"picked":"Secret Technique","floor":38},{"not_picked":["Magnetism","Impatience"],"picked":"Flash of Steel","floor":38},{"not_picked":["Twin Strike+1","Havoc+1","Fire Breathing+1"],"picked":"SKIP","floor":39},{"not_picked":["Thunderclap","Combust"],"picked":"Intimidate","floor":40},{"not_picked":["Wild Strike+1","Rampage+1"],"picked":"Ghostly Armor+1","floor":42},{"not_picked":["Anger","Thunderclap","Body Slam"],"picked":"SKIP","floor":45},{"not_picked":["Combust","True Grit+1"],"picked":"Flex","floor":47},{"not_picked":["Dropkick+1","Cleave"],"picked":"Offering","floor":48},{"not_picked":["Warcry","Intimidate+1"],"picked":"Battle Trance+1","floor":49}],"player_experience":157423,"relics_obtained":[{"floor":7,"key":"Magic Flower"},{"floor":9,"key":"FossilizedHelix"},{"floor":12,"key":"Letter Opener"},{"floor":25,"key":"Boot"},{"floor":26,"key":"Bag of Marbles"},{"floor":27,"key":"Paper Frog"},{"floor":37,"key":"Nunchaku"},{"floor":42,"key":"Dream Catcher"},{"floor":43,"key":"Mummified Hand"}],"event_choices":[{"event_name":"Golden Wing","player_choice":"Card Removal","floor":2,"damage_taken":0},{"event_name":"World of Goop","player_choice":"Gather Gold","floor":3,"damage_taken":0},{"event_name":"Living Wall","player_choice":"Grow","floor":8,"damage_taken":0},{"event_name":"Beggar","player_choice":"Ignored","floor":24,"damage_taken":0},{"event_name":"The Mausoleum","player_choice":"Yes","floor":31,"damage_taken":0},{"event_name":"MindBloom","player_choice":"Fight","floor":37,"damage_taken":0},{"event_name":"SensoryStone","player_choice":"Memory 3","floor":38,"damage_taken":0},{"event_name":"Falling","player_choice":"Removed Skill","floor":46,"damage_taken":0}],"is_beta":false,"boss_relics":[{"not_picked":["Runic Cube","Busted Crown"],"picked":"Cursed Key"},{"not_picked":["Philosopher\u0027s Stone","Runic Pyramid"],"picked":"White Beast Statue"}],"items_purged_floors":[11,44],"is_endless":false,"potions_floor_spawned":[5,10,13,14,16,18,22,27,30,35,36,37,39,40,42,45,47,48],"killed_by":"Time Eater","ascension_level":1}