{"path_per_floor":["M","M","M","M","M","R","?","?","T","R","M","R","?","T","R","B",null,"M","$","M","M","?","R","$","R","T","M","R","M","?","M","R","B",null,"M","M","$","M","?","R","E"],"character_chosen":"DEFECT","items_purchased":["Storm","Storm","Oddly Smooth Stone","Storm"],"gold_per_floor":[118,137,157,172,191,191,191,191,191,191,204,204,204,204,204,304,304,323,181,192,202,352,352,37,37,37,53,53,63,63,77,77,180,180,195,205,3,22,22,22,50,50],"floor_reached":42,"campfire_rested":5,"playtime":1879,"item_purchase_floors":[19,24,24,37],"current_hp_per_floor":[68,59,58,45,25,47,32,32,32,32,19,41,41,41,41,20,75,47,47,39,8,8,30,30,52,52,40,40,25,25,20,42,8,75,75,65,65,45,45,51,20,0],"items_purged":["Strike_B","Defend_B","Defend_B"],"gold":50,"score":508,"play_id":"63c1d846-5016-4fa5-b201-4bb99804addb","local_time":"20180607232948","is_prod":false,"is_daily":false,"chose_seed":false,"is_ascension_mode":true,"campfire_upgraded":4,"win_rate":0,"timestamp":1528435788,"campfire_choices":[{"floor":6,"key":"REST"},{"data":"Storm","floor":10,"key":"SMITH"},{"floor":12,"key":"REST"},{"data":"Static Discharge","floor":15,"key":"SMITH"},{"floor":23,"key":"REST"},{"floor":25,"key":"REST"},{"data":"Creative AI","floor":28,"key":"SMITH"},{"floor":32,"key":"REST"},{"data":"Electrodynamics","floor":40,"key":"SMITH"}],"path_taken":["M","M","M","M","M","R","?","?","T","R","?","R","?","?","R","BOSS","M","$","M","M","?","R","$","R","T","M","R","M","?","M","R","BOSS","M","M","?","M","?","R","E","M"],"build_version":"2018-06-07","seed_source_timestamp":710808883570923,"purchased_purges":3,"victory":false,"master_deck":["Strike_B+1","Defend_B","Defend_B","Dualcast","Amplify+1","Static Discharge+1","Ball Lightning+1","Storm+1","Heatsinks+1","Electrodynamics+1","Creative AI+1","Storm","Storm","Storm","Static Discharge+1","Storm","BootSequence","Conserve Battery+1"],"max_hp_per_floor":[75,75,75,75,75,75,75,75,75,75,75,75,75,75,75,75,75,75,75,75,75,75,75,75,75,75,75,75,75,75,75,75,75,75,75,75,75,75,75,75,75,75],"relics":["Cracked Core","Dodecahedron","Matryoshka","Black Star","Oddly Smooth Stone","Omamori","Whetstone","Eternal Feather","Molten Egg 2","Ornamental Fan"],"card_choices":[{"not_picked":["Conserve Battery","Barrage"],"picked":"Static Discharge","floor":1},{"not_picked":["Compile Driver","Hello World","Auto Shields"],"picked":"SKIP","floor":2},{"not_picked":["Chill","Chaos"],"picked":"Ball Lightning","floor":3},{"not_picked":["Cold Snap","Chill"],"picked":"Storm","floor":4},{"not_picked":["Skim","Turbo"],"picked":"Heatsinks","floor":5},{"not_picked":["Turbo","Sweeping Beam"],"picked":"Electrodynamics","floor":11},{"not_picked":["Rainbow","Amplify"],"picked":"Creative AI","floor":16},{"not_picked":["Ball Lightning","Beam Cell+1","Darkness"],"picked":"SKIP","floor":18},{"not_picked":["Sunder","Beam Cell","Hologram+1"],"picked":"SKIP","floor":20},{"not_picked":["Loop","Reinforced Body"],"picked":"Storm","floor":21},{"not_picked":["Tempest","Steam","Sweeping Beam"],"picked":"SKIP","floor":27},{"not_picked":["Undo","Capacitor","Stack"],"picked":"SKIP","floor":29},{"not_picked":["Steam","Fusion","Scrape"],"picked":"SKIP","floor":31},{"not_picked":["Cold Snap+1","Genetic Algorithm+1","Fusion+1"],"picked":"SKIP","floor":35},{"not_picked":["Stack","Rebound+1"],"picked":"Static Discharge+1","floor":36},{"not_picked":["Consume+1","Scrape+1"],"picked":"BootSequence","floor":38},{"not_picked":["Consume","Rebound"],"picked":"Conserve Battery+1","floor":41}],"player_experience":866581,"potions_floor_usage":[16,20,21,21,41,42,42],"damage_taken":[{"damage":7,"enemies":"Jaw Worm","floor":1,"turns":3},{"damage":9,"enemies":"2 Louse","floor":2,"turns":2},{"damage":1,"enemies":"Cultist","floor":3,"turns":3},{"damage":13,"enemies":"Blue Slaver","floor":4,"turns":2},{"damage":20,"enemies":"Gremlin Gang","floor":5,"turns":3},{"damage":13,"enemies":"Exordium Wildlife","floor":11,"turns":3},{"damage":21,"enemies":"The Guardian","floor":16,"turns":6},{"damage":28,"enemies":"2 Thieves","floor":18,"turns":3},{"damage":20,"enemies":"Chosen","floor":20,"turns":4},{"damage":31,"enemies":"Slaver and Parasite","floor":21,"turns":3},{"damage":12,"enemies":"Snecko","floor":27,"turns":2},{"damage":15,"enemies":"Cultist and Chosen","floor":29,"turns":4},{"damage":5,"enemies":"Chosen and Byrds","floor":31,"turns":2},{"damage":34,"enemies":"Automaton","floor":33,"turns":5},{"damage":0,"enemies":"3 Darklings","floor":35,"turns":2},{"damage":10,"enemies":"Orb Walker","floor":36,"turns":2},{"damage":20,"enemies":"4 Shapes","floor":38,"turns":2},{"damage":31,"enemies":"Nemesis","floor":41,"turns":3},{"damage":26,"enemies":"Maw","floor":42,"turns":2}],"relics_obtained":[{"floor":9,"key":"Dodecahedron"},{"floor":14,"key":"Matryoshka"},{"floor":26,"key":"Omamori"},{"floor":26,"key":"Whetstone"},{"floor":41,"key":"Molten Egg 2"},{"floor":41,"key":"Ornamental Fan"}],"event_choices":[{"event_name":"Shining Light","player_choice":"Entered Light","floor":7,"damage_taken":0},{"event_name":"Bonfire Elementals","player_choice":"BASIC","floor":8,"damage_taken":0},{"event_name":"Upgrade Shrine","player_choice":"Upgraded","floor":13,"damage_taken":0},{"event_name":"Nest","player_choice":"Stole From Cult","floor":22,"damage_taken":0},{"event_name":"Drug Dealer","player_choice":"Ignored","floor":30,"damage_taken":0},{"event_name":"Purifier","player_choice":"One Purge","floor":39,"damage_taken":0}],"boss_relics":[{"not_picked":["Astrolabe","Tiny House"],"picked":"Black Star"},{"not_picked":["Runic Pyramid","Lizard Tail"],"picked":"Eternal Feather"}],"items_purged_floors":[19,24,37],"potions_floor_spawned":[2,4,5,16,18,20,31,38,41],"seed_played":"6607378523505124721","killed_by":"Maw","ascension_level":3,"potions_obtained":[{"floor":2,"key":"SteroidPotion"},{"floor":4,"key":"EssenceOfSteel"},{"floor":5,"key":"FocusPotion"},{"floor":16,"key":"Dexterity Potion"},{"floor":18,"key":"Regen Potion"},{"floor":20,"key":"LiquidBronze"},{"floor":31,"key":"SpeedPotion"},{"floor":38,"key":"Poison Potion"},{"floor":41,"key":"GamblersBrew"}],"is_trial":false}