{"gold_per_floor":[109,121,132,143,159,159,173,190,190,225,225,237,237,264,264,341,341,361,378,398,415,425,425,425],"floor_reached":24,"playtime":1882,"items_purged":[],"score":421,"play_id":"deb69ff0-7ce4-424e-8c46-e6057150c261","local_time":"20190225123546","is_ascension_mode":true,"campfire_choices":[{"data":"Uppercut","floor":6,"key":"SMITH"},{"data":"Flame Barrier","floor":11,"key":"SMITH"},{"data":"Berserk","floor":15,"key":"SMITH"},{"floor":23,"key":"REST"}],"neow_cost":"TEN_PERCENT_HP_LOSS","seed_source_timestamp":236535603955962,"circlet_count":0,"master_deck":["AscendersBane","Strike_R","Strike_R","Strike_R","Strike_R","Strike_R","Defend_R","Defend_R","Defend_R","Defend_R","Bash","Thunderclap","Uppercut+1","Anger","Metallicize","Metallicize","Flame Barrier+1","Clash","Iron Wave","Flex","Berserk+1","Immolate","Flame Barrier","Headbutt","Thunderclap","Shrug It Off","True Grit"],"relics":["Burning Blood","Thread and Needle","Ornamental Fan","Mercury Hourglass","GremlinMask","Ice Cream","Fusion Hammer"],"potions_floor_usage":[10,16,16,19,19,22],"damage_taken":[{"damage":3,"enemies":"Jaw Worm","floor":1,"turns":3},{"damage":2,"enemies":"Cultist","floor":2,"turns":3},{"damage":6,"enemies":"Small Slimes","floor":3,"turns":3},{"damage":12,"enemies":"3 Louse","floor":4,"turns":3},{"damage":6,"enemies":"Exordium Wildlife","floor":5,"turns":4},{"damage":0,"enemies":"Blue Slaver","floor":7,"turns":4},{"damage":5,"enemies":"Red Slaver","floor":8,"turns":6},{"damage":9,"enemies":"3 Sentries","floor":10,"turns":14},{"damage":0,"enemies":"2 Fungi Beasts","floor":12,"turns":3},{"damage":14,"enemies":"Lagavulin","floor":14,"turns":5},{"damage":29,"enemies":"The Guardian","floor":16,"turns":9},{"damage":10,"enemies":"Shell Parasite","floor":18,"turns":5},{"damage":13,"enemies":"2 Thieves","floor":19,"turns":3},{"damage":42,"enemies":"Snake Plant","floor":20,"turns":4},{"damage":3,"enemies":"Snecko","floor":21,"turns":5},{"damage":20,"enemies":"Cultist and Chosen","floor":22,"turns":7},{"damage":48,"enemies":"Slavers","floor":24,"turns":3}],"seed_played":"3862049113025057140","potions_obtained":[{"floor":3,"key":"Block Potion"},{"floor":7,"key":"SteroidPotion"},{"floor":14,"key":"SteroidPotion"},{"floor":16,"key":"Regen Potion"},{"floor":18,"key":"Energy Potion"},{"floor":21,"key":"Swift Potion"},{"floor":22,"key":"Strength Potion"}],"is_trial":false,"path_per_floor":["M","M","M","M","M","R","M","M","T","E","R","M","?","E","R","B",null,"M","M","M","M","M","R","E"],"character_chosen":"IRONCLAD","items_purchased":[],"campfire_rested":1,"item_purchase_floors":[],"current_hp_per_floor":[68,68,68,62,62,62,68,68,68,65,65,68,68,60,60,37,60,56,61,25,28,14,34,0],"gold":425,"neow_bonus":"ONE_RARE_RELIC","is_prod":false,"is_daily":false,"chose_seed":false,"campfire_upgraded":3,"win_rate":0,"timestamp":1551123346,"path_taken":["M","M","M","M","M","R","M","M","T","E","R","M","?","E","R","BOSS","M","M","?","M","M","R","E"],"build_version":"2019-01-23","purchased_purges":0,"victory":false,"max_hp_per_floor":[68,68,68,68,68,68,68,68,68,68,68,68,68,68,68,68,68,68,68,68,68,68,68,68],"card_choices":[{"not_picked":["Twin Strike","Pummel"],"picked":"Thunderclap","floor":1},{"not_picked":["Iron Wave","Flex"],"picked":"Uppercut","floor":2},{"not_picked":["Berserk","Twin Strike"],"picked":"Anger","floor":3},{"not_picked":["Warcry","Cleave"],"picked":"Metallicize","floor":4},{"not_picked":["Spot Weakness","Armaments"],"picked":"Metallicize","floor":5},{"not_picked":["Uppercut","Seeing Red"],"picked":"Flame Barrier","floor":7},{"not_picked":["Anger","Reckless Charge"],"picked":"Clash","floor":8},{"not_picked":["Pummel","Clash"],"picked":"Iron Wave","floor":10},{"not_picked":["Clash","Twin Strike"],"picked":"Flex","floor":12},{"not_picked":["Wild Strike","Twin Strike"],"picked":"Berserk","floor":14},{"not_picked":["Dark Embrace","Exhume"],"picked":"Immolate","floor":16},{"not_picked":["Uppercut","Iron Wave"],"picked":"Flame Barrier","floor":18},{"not_picked":["Pommel Strike","Carnage"],"picked":"Headbutt","floor":19},{"not_picked":["Warcry+1","Twin Strike"],"picked":"Thunderclap","floor":20},{"not_picked":["Pommel Strike","Flex"],"picked":"Shrug It Off","floor":21},{"not_picked":["Exhume","Sword Boomerang"],"picked":"True Grit","floor":22}],"player_experience":1257256,"relics_obtained":[{"floor":9,"key":"Ornamental Fan"},{"floor":10,"key":"Mercury Hourglass"},{"floor":14,"key":"Ice Cream"}],"event_choices":[{"damage_healed":0,"gold_gain":0,"player_choice":"Trade","damage_taken":0,"relics_obtained":["GremlinMask"],"max_hp_gain":0,"max_hp_loss":0,"event_name":"FaceTrader","floor":13,"gold_loss":0}],"is_beta":false,"boss_relics":[{"not_picked":["Empty Cage","Lizard Tail"],"picked":"Fusion Hammer"}],"items_purged_floors":[],"is_endless":false,"potions_floor_spawned":[3,7,8,14,16,18,21,22],"killed_by":"Slavers","ascension_level":19}