{"gold_per_floor":[219,219,75,75,88,88,123,123,123,223,256,256,291,315,315,446,446,464,563,599,68,88,88,106,106,129,150,150,180,180,199,199,297,297,316,316,39,54,107,107,122,47,47,65,90,90,115,127,127,127],"floor_reached":51,"playtime":4102,"items_purged":["Injury","Meteor Strike","Pain"],"score":1202,"play_id":"9eee20a1-7559-4bbd-9f3f-e0c123fee7a7","local_time":"20190202003639","is_ascension_mode":true,"campfire_choices":[{"data":"Zap","floor":6,"key":"SMITH"},{"data":"Reinforced Body","floor":8,"key":"SMITH"},{"floor":12,"key":"REST"},{"data":"Streamline","floor":15,"key":"SMITH"},{"data":"Static Discharge","floor":23,"key":"SMITH"},{"data":"Seek","floor":25,"key":"SMITH"},{"data":"Buffer","floor":32,"key":"SMITH"},{"floor":40,"key":"REST"},{"data":"Creative AI","floor":49,"key":"SMITH"}],"neow_cost":"NONE","seed_source_timestamp":1227485972634261,"circlet_count":0,"master_deck":["AscendersBane","Zap+1","Dualcast","Defragment+1","Reinforced Body+1","Cold Snap","Beam Cell","FTL","Streamline+1","Echo Form","Genetic Algorithm","Static Discharge+1","Doom and Gloom","Rebound","Compile Driver","Seek+1","Skim","Cold Snap","Stack","Self Repair","Barrage","Gash+1","Scrape+1","Buffer+1","Hologram+1","Creative AI+1","Conserve Battery+1","Thunder Strike","Storm","Redo+1","Force Field","White Noise+1","Self Repair","BootSequence+1","Fission"],"relics":["Cracked Core","Bloody Idol","Oddly Smooth Stone","Cables","Boot","FossilizedHelix","Pandora\u0027s Box","Red Mask","Lee\u0027s Waffle","Lantern","Vajra","Anchor","Nuclear Battery","WarpedTongs","Torii","Girya","StoneCalendar","Omamori"],"potions_floor_usage":[7,7,7,11,16,20,24,29,30,33,47,50,50,50],"damage_taken":[{"damage":3,"enemies":"Jaw Worm","floor":1,"turns":4},{"damage":0,"enemies":"Cultist","floor":5,"turns":3},{"damage":17,"enemies":"Lagavulin","floor":7,"turns":5},{"damage":8,"enemies":"Gremlin Nob","floor":11,"turns":4},{"damage":12,"enemies":"Lagavulin","floor":13,"turns":5},{"damage":0,"enemies":"Small Slimes","floor":14,"turns":2},{"damage":0,"enemies":"Slime Boss","floor":16,"turns":6},{"damage":39,"enemies":"3 Byrds","floor":18,"turns":3},{"damage":10,"enemies":"Masked Bandits","floor":20,"turns":3},{"damage":4,"enemies":"Shell Parasite","floor":22,"turns":5},{"damage":10,"enemies":"Snecko","floor":24,"turns":4},{"damage":4,"enemies":"Cultist and Chosen","floor":27,"turns":4},{"damage":21,"enemies":"Book of Stabbing","floor":29,"turns":4},{"damage":0,"enemies":"Snake Plant","floor":30,"turns":2},{"damage":0,"enemies":"Chosen and Byrds","floor":31,"turns":6},{"damage":31,"enemies":"Champ","floor":33,"turns":7},{"damage":6,"enemies":"3 Shapes","floor":35,"turns":4},{"damage":13,"enemies":"3 Darklings","floor":38,"turns":4},{"damage":79,"enemies":"2 Orb Walkers","floor":39,"turns":4},{"damage":0,"enemies":"4 Shapes","floor":41,"turns":4},{"damage":0,"enemies":"Jaw Worm Horde","floor":44,"turns":5},{"damage":46,"enemies":"Nemesis","floor":45,"turns":5},{"damage":0,"enemies":"Reptomancer","floor":47,"turns":6},{"damage":0,"enemies":"Writhing Mass","floor":48,"turns":5},{"damage":34,"enemies":"Donu and Deca","floor":50,"turns":5}],"seed_played":"-2890257635551745600","potions_obtained":[{"floor":5,"key":"EntropicBrew"},{"floor":7,"key":"Energy Potion"},{"floor":14,"key":"SteroidPotion"},{"floor":16,"key":"SteroidPotion"},{"floor":20,"key":"SteroidPotion"},{"floor":22,"key":"GamblersBrew"},{"floor":27,"key":"Weak Potion"},{"floor":29,"key":"LiquidBronze"},{"floor":38,"key":"LiquidBronze"},{"floor":39,"key":"Ancient Potion"},{"floor":48,"key":"FocusPotion"}],"is_trial":false,"path_per_floor":["M","?","$","?","M","R","E","R","T","?","E","R","E","M","R","B",null,"M","?","?","$","M","R","M","R","T","M","?","E","M","M","R","B",null,"M","?","$","M","?","R","M","$","T","M","E","?","E","M","R","B",null],"character_chosen":"DEFECT","items_purchased":["Defragment","Lee\u0027s Waffle","Lantern","Self Repair","Thunder Strike","Storm","Self Repair"],"campfire_rested":2,"item_purchase_floors":[3,21,21,21,37,37,42],"current_hp_per_floor":[65,65,65,65,65,65,48,48,48,48,40,62,50,50,50,50,69,30,30,20,82,82,82,79,79,79,82,82,80,82,82,82,70,79,82,82,82,81,7,31,50,50,50,69,49,49,71,82,82,55],"gold":127,"neow_bonus":"HUNDRED_GOLD","is_prod":false,"is_daily":false,"chose_seed":false,"campfire_upgraded":7,"win_rate":0,"timestamp":1549092999,"path_taken":["M","?","$","?","?","R","E","R","T","?","E","R","E","?","R","BOSS","M","?","?","$","M","R","M","R","T","M","?","E","M","M","R","BOSS","M","?","$","?","?","R","M","$","T","M","E","?","E","M","R","BOSS"],"build_version":"2019-01-23","purchased_purges":3,"victory":true,"max_hp_per_floor":[75,75,75,75,75,75,75,75,75,75,75,75,75,75,75,75,75,75,75,75,82,82,82,82,82,82,82,82,82,82,82,82,82,82,82,82,82,82,82,82,82,82,82,82,82,82,82,82,82,82],"card_choices":[{"not_picked":["Hologram","Rebound"],"picked":"Cold Snap","floor":1},{"not_picked":["Turbo","Chill"],"picked":"Reinforced Body","floor":5},{"not_picked":["Meteor Strike","Aggregate"],"picked":"Cold Snap","floor":7},{"not_picked":["Heatsinks","Force Field"],"picked":"Beam Cell","floor":11},{"not_picked":["Rebound","Steam Power"],"picked":"FTL","floor":13},{"not_picked":["Cold Snap","Beam Cell"],"picked":"Streamline","floor":14},{"not_picked":["Hyperbeam","Buffer"],"picked":"Echo Form","floor":16},{"not_picked":["Leap","Recycle"],"picked":"Cold Snap","floor":18},{"not_picked":["Compile Driver","Steam"],"picked":"Stack","floor":20},{"not_picked":["Cold Snap","Steam"],"picked":"Barrage","floor":22},{"not_picked":["Steam Power","Beam Cell"],"picked":"Gash+1","floor":24},{"not_picked":["Coolheaded","Heatsinks"],"picked":"Scrape+1","floor":27},{"not_picked":["Double Energy+1","Fusion"],"picked":"Buffer","floor":29},{"not_picked":["Streamline","Stack"],"picked":"Hologram+1","floor":31},{"not_picked":["Seek","All For One"],"picked":"Creative AI","floor":33},{"not_picked":["Lockon","Recycle+1"],"picked":"Conserve Battery+1","floor":35},{"not_picked":["Coolheaded+1","Darkness+1"],"picked":"Redo+1","floor":38},{"not_picked":["Barrage+1","Reprogram"],"picked":"Force Field","floor":39},{"not_picked":["Go for the Eyes+1","Streamline+1"],"picked":"White Noise+1","floor":41},{"not_picked":["Sunder","Lockon","Compile Driver+1"],"picked":"SKIP","floor":44},{"not_picked":["Streamline","Fusion","Coolheaded"],"picked":"SKIP","floor":45},{"not_picked":["Gash","Lockon"],"picked":"BootSequence+1","floor":47},{"not_picked":["Recycle","Chill+1"],"picked":"Fission","floor":48}],"player_experience":940054,"relics_obtained":[{"floor":7,"key":"Oddly Smooth Stone"},{"floor":9,"key":"Cables"},{"floor":11,"key":"Boot"},{"floor":13,"key":"FossilizedHelix"},{"floor":20,"key":"Red Mask"},{"floor":26,"key":"Vajra"},{"floor":29,"key":"Anchor"},{"floor":39,"key":"Torii"},{"floor":43,"key":"Girya"},{"floor":45,"key":"StoneCalendar"},{"floor":47,"key":"Omamori"}],"event_choices":[{"damage_healed":0,"gold_gain":0,"player_choice":"Take Wound","damage_taken":0,"relics_obtained":["Golden Idol"],"max_hp_gain":0,"max_hp_loss":0,"event_name":"Golden Idol","floor":2,"gold_loss":0,"cards_obtained":["Injury"]},{"damage_healed":0,"gold_gain":0,"player_choice":"Upgraded","damage_taken":0,"max_hp_gain":0,"max_hp_loss":0,"event_name":"Upgrade Shrine","floor":4,"gold_loss":0,"cards_upgraded":["Defragment"]},{"damage_healed":0,"gold_gain":100,"player_choice":"Pray","damage_taken":0,"max_hp_gain":0,"max_hp_loss":0,"event_name":"Golden Shrine","floor":10,"gold_loss":0},{"damage_healed":0,"gold_gain":99,"player_choice":"Stole From Cult","damage_taken":0,"max_hp_gain":0,"max_hp_loss":0,"event_name":"Nest","floor":19,"gold_loss":0},{"damage_healed":0,"gold_gain":0,"player_choice":"Fought Bandits","damage_taken":0,"max_hp_gain":0,"max_hp_loss":0,"event_name":"Masked Bandits","floor":20,"gold_loss":0},{"damage_healed":0,"gold_gain":0,"player_choice":"Gave Idol","damage_taken":0,"relics_obtained":["Bloody Idol"],"max_hp_gain":0,"max_hp_loss":0,"event_name":"Forgotten Altar","floor":28,"relics_lost":["Golden Idol"],"gold_loss":0},{"damage_healed":0,"gold_gain":0,"player_choice":"Rummage","damage_taken":0,"relics_obtained":["WarpedTongs"],"max_hp_gain":0,"max_hp_loss":0,"event_name":"Accursed Blacksmith","floor":36,"gold_loss":0,"cards_obtained":["Pain"]},{"damage_healed":0,"gold_gain":0,"player_choice":"Fight","damage_taken":0,"max_hp_gain":0,"max_hp_loss":0,"event_name":"Mysterious Sphere","floor":39,"gold_loss":0},{"cards_removed":["Cold Snap"],"damage_healed":0,"gold_gain":0,"player_choice":"Removed Attack","damage_taken":0,"max_hp_gain":0,"max_hp_loss":0,"event_name":"Falling","floor":46,"gold_loss":0}],"is_beta":false,"boss_relics":[{"not_picked":["Philosopher\u0027s Stone","Tiny House"],"picked":"Pandora\u0027s Box"},{"not_picked":["Calling Bell","Black Star"],"picked":"Nuclear Battery"}],"items_purged_floors":[3,21,37],"is_endless":false,"potions_floor_spawned":[5,7,14,16,20,22,27,29,38,39,44,48],"ascension_level":10}