{"gold_per_floor":[213,67,77,94,106,140,140,140,166,166,201,213,76,111,111,212,212,229,229,246,62,74,74,104,203,226,226,101,131,131,147,147,147],"floor_reached":33,"playtime":2114,"items_purged":["Strike_R","Strike_R","Defend_R"],"score":364,"play_id":"7610fc9f-002c-42e2-805e-7b0161dc4525","local_time":"20190307001205","is_ascension_mode":true,"campfire_choices":[{"data":"Flame Barrier","floor":8.0,"key":"SMITH"},{"data":"Shockwave","floor":10.0,"key":"SMITH"},{"data":"Demon Form","floor":15.0,"key":"SMITH"},{"data":"Demon Form","floor":23.0,"key":"SMITH"},{"data":"Metallicize","floor":27.0,"key":"SMITH"},{"data":"Spot Weakness","floor":30,"key":"SMITH"},{"data":"Hemokinesis","floor":32,"key":"SMITH"}],"neow_cost":"NONE","seed_source_timestamp":505906442456743,"circlet_count":0,"master_deck":["Strike_R","Strike_R","Strike_R","Defend_R","Defend_R","Defend_R","Bash","Flame Barrier+1","Iron Wave","Shrug It Off","Hemokinesis+1","Bludgeon","Clothesline","Shockwave+1","Bash","Infernal Blade","Demon Form+1","Rupture","Spot Weakness","Spot Weakness+1","Demon Form+1","Carnage","Headbutt","Ghostly Armor","Metallicize+1","Shrug It Off","Pummel"],"special_seed":0,"relics":["Burning Blood","Dream Catcher","Happy Flower","Anchor","Omamori","Runic Pyramid","Unceasing Top","Bronze Scales","StoneCalendar","Potion Belt","Vajra"],"potions_floor_usage":[29],"damage_taken":[{"damage":7.0,"enemies":"2 Louse","floor":1.0,"turns":3.0},{"damage":2.0,"enemies":"Cultist","floor":3.0,"turns":4.0},{"damage":5.0,"enemies":"Jaw Worm","floor":4.0,"turns":4.0},{"damage":4.0,"enemies":"Looter","floor":5.0,"turns":3.0},{"damage":11.0,"enemies":"Gremlin Nob","floor":6.0,"turns":3.0},{"damage":15.0,"enemies":"Lagavulin","floor":11.0,"turns":5.0},{"damage":3.0,"enemies":"Blue Slaver","floor":12.0,"turns":3.0},{"damage":19.0,"enemies":"Gremlin Nob","floor":14.0,"turns":4.0},{"damage":34.0,"enemies":"Hexaghost","floor":16.0,"turns":8.0},{"damage":0.0,"enemies":"3 Byrds","floor":18.0,"turns":3.0},{"damage":2.0,"enemies":"Chosen","floor":20.0,"turns":5.0},{"damage":4.0,"enemies":"Centurion and Healer","floor":22.0,"turns":6.0},{"damage":28.0,"enemies":"Slavers","floor":24.0,"turns":5.0},{"damage":17,"enemies":"Gremlin Leader","floor":29,"turns":8},{"damage":0,"enemies":"Snecko","floor":31,"turns":4},{"damage":68,"enemies":"Collector","floor":33,"turns":7}],"seed_played":"5479088777684855937","potions_obtained":[{"floor":5.0,"key":"FairyPotion"},{"floor":6.0,"key":"Strength Potion"},{"floor":11.0,"key":"Weak Potion"},{"floor":12.0,"key":"BloodPotion"},{"floor":22.0,"key":"Regen Potion"},{"floor":24.0,"key":"Swift Potion"}],"is_trial":false,"path_per_floor":["M","$","M","M","M","E","?","R","T","R","E","M","$","E","R","B",null,"M","?","M","$","M","R","E","?","T","R","$","E","R","M","R","B"],"character_chosen":"IRONCLAD","items_purchased":["Iron Wave","Shrug It Off","Spot Weakness","Bronze Scales","Ghostly Armor"],"campfire_rested":0,"item_purchase_floors":[2,2,13,21,21],"current_hp_per_floor":[79,79,80,80,80,75,75,75,75,75,66,69,69,56,56,28,80,80,80,80,80,80,80,58,58,58,58,58,61,61,67,67,0],"gold":147,"neow_bonus":"HUNDRED_GOLD","is_prod":false,"is_daily":false,"chose_seed":false,"campfire_upgraded":7,"win_rate":0,"timestamp":1551942725,"path_taken":["M","$","M","M","M","E","?","R","T","R","E","?","$","E","R","BOSS","M","?","M","$","M","R","E","?","T","R","$","E","R","M","R","BOSS"],"build_version":"2019-01-23","purchased_purges":3,"victory":false,"max_hp_per_floor":[80,80,80,80,80,80,80,80,80,80,80,80,80,80,80,80,80,80,80,80,80,80,80,80,80,80,80,80,80,80,80,80,80],"card_choices":[{"not_picked":["Iron Wave","Sword Boomerang"],"picked":"Flame Barrier","floor":1.0},{"not_picked":["Shrug It Off","Havoc"],"picked":"Hemokinesis","floor":3.0},{"not_picked":["Warcry","Heavy Blade"],"picked":"Bludgeon","floor":4.0},{"not_picked":["Body Slam","Power Through"],"picked":"Clothesline","floor":5.0},{"not_picked":["Berserk","Searing Blow"],"picked":"Shockwave","floor":6.0},{"not_picked":["Cleave","Thunderclap"],"picked":"Demon Form","floor":11.0},{"not_picked":["Sentinel","Body Slam"],"picked":"Rupture","floor":12.0},{"not_picked":["Uppercut","Heavy Blade"],"picked":"Spot Weakness","floor":14.0},{"not_picked":["Fiend Fire","Exhume"],"picked":"Demon Form","floor":16.0},{"not_picked":["True Grit","Sentinel"],"picked":"Carnage","floor":18.0},{"not_picked":["Body Slam","Iron Wave"],"picked":"Headbutt","floor":20.0},{"not_picked":["Inflame","Bloodletting"],"picked":"Metallicize","floor":22.0},{"not_picked":["Power Through","Clothesline"],"picked":"Shrug It Off","floor":24.0},{"not_picked":["Headbutt","Pommel Strike","Corruption"],"picked":"SKIP","floor":29},{"not_picked":["Thunderclap","Entrench+1"],"picked":"Pummel","floor":31}],"player_experience":60336,"relics_obtained":[{"floor":6.0,"key":"Dream Catcher"},{"floor":9.0,"key":"Happy Flower"},{"floor":11.0,"key":"Anchor"},{"floor":14.0,"key":"Omamori"},{"floor":24.0,"key":"StoneCalendar"},{"floor":26.0,"key":"Potion Belt"},{"floor":29,"key":"Vajra"}],"event_choices":[{"damage_healed":0.0,"max_hp_gain":0.0,"max_hp_loss":0.0,"gold_gain":0.0,"event_name":"Match and Keep!","player_choice":"2 cards matched","floor":7.0,"gold_loss":0.0,"damage_taken":0.0,"cards_obtained":["Bash","Infernal Blade"]},{"damage_healed":0.0,"max_hp_gain":0.0,"max_hp_loss":0.0,"gold_gain":0.0,"event_name":"The Mausoleum","player_choice":"Opened","floor":19.0,"gold_loss":0.0,"damage_taken":0.0,"relics_obtained":["Unceasing Top"]},{"damage_healed":0.0,"max_hp_gain":0.0,"max_hp_loss":0.0,"gold_gain":99.0,"event_name":"Nest","player_choice":"Stole From Cult","floor":25.0,"gold_loss":0.0,"damage_taken":0.0}],"is_beta":false,"boss_relics":[{"not_picked":["Sozu","Tiny House"],"picked":"Runic Pyramid"}],"items_purged_floors":[2,13,28],"is_endless":false,"potions_floor_spawned":[5,6,11,12,20,22,24],"killed_by":"Collector","ascension_level":4}