{"gold_per_floor":[115,115,40,60,60,91,91,107,107,133,148,181,41,53,53,53],"floor_reached":16,"playtime":966,"items_purged":["Regret","Strike_R"],"score":283,"play_id":"22ea2f84-32a4-49fa-9ed1-473ae2e3ce50","local_time":"20190224172604","is_ascension_mode":true,"campfire_choices":[{"data":"Flex","floor":7,"key":"SMITH"},{"floor":15,"key":"REST"}],"neow_cost":"NONE","seed_source_timestamp":168468253537136,"circlet_count":0,"master_deck":["AscendersBane","Strike_R","Strike_R","Strike_R","Strike_R","Defend_R","Defend_R","Defend_R","Defend_R","Bash","Flex+1","Rage","Headbutt","Limit Break","Second Wind","Iron Wave","Armaments+1","Impatience+1","Body Slam"],"relics":["Burning Blood","NeowsBlessing","Bird Faced Urn","PreservedInsect","Magic Flower","Smiling Mask","Toxic Egg 2"],"potions_floor_usage":[8,11,16],"damage_taken":[{"damage":0,"enemies":"Small Slimes","floor":1,"turns":2},{"damage":0,"enemies":"Jaw Worm","floor":4,"turns":1},{"damage":0,"enemies":"Gremlin Nob","floor":6,"turns":1},{"damage":12,"enemies":"Cultist","floor":8,"turns":5},{"damage":35,"enemies":"3 Sentries","floor":10,"turns":7},{"damage":29,"enemies":"Exordium Wildlife","floor":11,"turns":7},{"damage":11,"enemies":"Gremlin Nob","floor":12,"turns":3},{"damage":1,"enemies":"3 Louse","floor":14,"turns":3},{"damage":58,"enemies":"Slime Boss","floor":16,"turns":11}],"seed_played":"-2121850394375848695","potions_obtained":[{"floor":4,"key":"SpeedPotion"},{"floor":6,"key":"SpeedPotion"},{"floor":12,"key":"Weak Potion"}],"is_trial":false,"path_per_floor":["M","?","$","M","$","E","R","M","T","E","M","E","$","M","R","B"],"character_chosen":"IRONCLAD","items_purchased":["Impatience+1"],"campfire_rested":1,"item_purchase_floors":[13],"current_hp_per_floor":[74,74,74,75,75,75,75,69,69,43,23,21,21,29,51,0],"gold":53,"neow_bonus":"THREE_ENEMY_KILL","is_prod":false,"is_daily":false,"chose_seed":false,"campfire_upgraded":1,"win_rate":0,"timestamp":1551054364,"path_taken":["M","?","$","M","?","E","R","M","T","E","M","E","$","M","R","BOSS"],"build_version":"2019-01-23","purchased_purges":2,"victory":false,"max_hp_per_floor":[75,75,75,75,75,75,75,75,75,75,75,75,75,75,75,75],"card_choices":[{"not_picked":["Combust","Clash"],"picked":"Flex","floor":1},{"not_picked":["Flex","Wild Strike"],"picked":"Rage","floor":4},{"not_picked":["Perfected Strike","Warcry"],"picked":"Headbutt","floor":6},{"not_picked":["Rampage","Heavy Blade"],"picked":"Limit Break","floor":8},{"not_picked":["Thunderclap","Headbutt"],"picked":"Second Wind","floor":10},{"not_picked":["Battle Trance","Headbutt"],"picked":"Iron Wave","floor":11},{"not_picked":["Twin Strike","Clash"],"picked":"Armaments","floor":12},{"not_picked":["Dark Embrace","Rage+1"],"picked":"Body Slam","floor":14}],"player_experience":1244664,"relics_obtained":[{"floor":6,"key":"PreservedInsect"},{"floor":9,"key":"Magic Flower"},{"floor":10,"key":"Smiling Mask"},{"floor":12,"key":"Toxic Egg 2"}],"event_choices":[{"damage_healed":0,"gold_gain":0,"player_choice":"Box","damage_taken":0,"relics_obtained":["Bird Faced Urn"],"max_hp_gain":0,"max_hp_loss":0,"event_name":"Big Fish","floor":2,"gold_loss":0,"cards_obtained":["Regret"]}],"is_beta":false,"boss_relics":[],"items_purged_floors":[3,13],"is_endless":false,"potions_floor_spawned":[4,6,12],"killed_by":"Slime Boss","ascension_level":19}