{"gold_per_floor":[119,129,142,92,92,92,120,120,120,155,172,183,183,196,196,301,301,312,4,22,22,49,49,74,94,166,197,197,213,13,31,31,135,135,147,157,157,167,0,0,27,39,114,114],"floor_reached":44,"playtime":3466,"items_purged":["Pain","Strike_R"],"score":541,"play_id":"a1b836ba-cd44-4344-8ee5-6beb0d50490c","local_time":"20181007013539","is_ascension_mode":true,"campfire_choices":[{"data":"Warcry","floor":6,"key":"SMITH"},{"data":"Uppercut","floor":8,"key":"SMITH"},{"data":"Shrug It Off","floor":13,"key":"SMITH"},{"data":"Anger","floor":15,"key":"SMITH"},{"data":"Inflame","floor":23,"key":"SMITH"},{"floor":28,"key":"REST"},{"floor":32,"key":"REST"},{"floor":40,"key":"REST"}],"neow_cost":"NONE","seed_source_timestamp":1309812317865230,"circlet_count":0,"master_deck":["Strike_R","Strike_R","Strike_R","Defend_R","Defend_R","Defend_R","Defend_R","Bash","Headbutt","Shrug It Off+1","Warcry+1","Uppercut+1","Thunderclap","Anger+1","Berserk","Iron Wave","Inflame+1","Pummel+1","J.A.X.","Warcry+1","Spot Weakness","Heavy Blade","Warcry","Reaper","Battle Trance","Sword Boomerang+1","Armaments","Flex","Iron Wave+1"],"relics":["Burning Blood","Blood Vial","WarpedTongs","Dream Catcher","Mummified Hand","Anchor","Black Star","Membership Card","Bronze Scales","Frozen Egg 2","Singing Bowl","Kunai","Bottled Flame","Pen Nib","Potion Belt","Eternal Feather","Dead Branch","Red Mask","StoneCalendar","Incense Burner","Mercury Hourglass"],"potions_floor_usage":[10,10,25,25,33,33,37,44],"damage_taken":[{"damage":1,"enemies":"Jaw Worm","floor":1,"turns":3},{"damage":7,"enemies":"Small Slimes","floor":2,"turns":4},{"damage":1,"enemies":"Cultist","floor":3,"turns":3},{"damage":21,"enemies":"Lagavulin","floor":7,"turns":9},{"damage":2,"enemies":"Gremlin Nob","floor":10,"turns":2},{"damage":14,"enemies":"Large Slime","floor":11,"turns":6},{"damage":0,"enemies":"Red Slaver","floor":12,"turns":2},{"damage":5,"enemies":"3 Louse","floor":14,"turns":2},{"damage":39,"enemies":"Slime Boss","floor":16,"turns":9},{"damage":10,"enemies":"2 Thieves","floor":18,"turns":4},{"damage":22,"enemies":"Spheric Guardian","floor":20,"turns":4},{"damage":27,"enemies":"Book of Stabbing","floor":24,"turns":4},{"damage":10,"enemies":"Snake Plant","floor":25,"turns":2},{"damage":14,"enemies":"Slavers","floor":27,"turns":3},{"damage":25,"enemies":"Sentry and Sphere","floor":29,"turns":4},{"damage":12,"enemies":"3 Cultists","floor":31,"turns":4},{"damage":71,"enemies":"Automaton","floor":33,"turns":7},{"damage":16,"enemies":"3 Shapes","floor":35,"turns":6},{"damage":12,"enemies":"Orb Walker","floor":36,"turns":3},{"damage":39,"enemies":"Mind Bloom Boss Battle","floor":37,"turns":4},{"damage":78,"enemies":"Transient","floor":38,"turns":5},{"damage":50,"enemies":"2 Orb Walkers","floor":41,"turns":5},{"damage":0,"enemies":"Spire Growth","floor":42,"turns":3},{"damage":38,"enemies":"Nemesis","floor":44,"turns":5}],"seed_played":"-625891031356638500","potions_obtained":[{"floor":1,"key":"Fire Potion"},{"floor":2,"key":"Fire Potion"},{"floor":14,"key":"Poison Potion"},{"floor":24,"key":"AttackPotion"},{"floor":25,"key":"Swift Potion"},{"floor":31,"key":"Block Potion"},{"floor":35,"key":"Weak Potion"},{"floor":41,"key":"Weak Potion"}],"is_trial":false,"path_per_floor":["M","M","M","?","?","R","E","R","T","E","M","M","R","M","R","B",null,"M","$","M","?","T","R","E","M","T","E","R","M","$","M","R","B",null,"M","M","?","M","?","R","E","M","T"],"character_chosen":"IRONCLAD","items_purchased":["Membership Card","Inflame","Pen Nib","Potion Belt"],"campfire_rested":3,"item_purchase_floors":[19,19,30,30],"current_hp_per_floor":[80,79,80,80,80,80,65,65,65,71,65,73,73,76,76,45,80,76,76,62,62,62,62,43,41,41,35,59,42,42,38,62,16,82,82,76,66,8,8,50,10,18,18,0],"gold":114,"neow_bonus":"RANDOM_COMMON_RELIC","is_prod":false,"is_daily":false,"chose_seed":false,"campfire_upgraded":5,"win_rate":0,"timestamp":1538890539,"path_taken":["M","M","M","?","?","R","E","R","T","E","?","M","R","M","R","BOSS","M","$","M","?","?","R","E","M","T","E","R","M","$","?","R","BOSS","M","M","?","M","?","R","E","?","T","E"],"build_version":"2018-10-04v2","purchased_purges":2,"victory":false,"max_hp_per_floor":[80,80,80,80,80,80,80,80,80,80,80,80,80,80,80,80,80,80,80,80,80,80,80,80,80,80,80,80,80,80,80,80,82,82,82,82,84,84,84,86,88,88,88,88],"card_choices":[{"not_picked":["Carnage","True Grit"],"picked":"Headbutt","floor":1},{"not_picked":["Iron Wave","Twin Strike"],"picked":"Shrug It Off","floor":2},{"not_picked":["Rupture","Perfected Strike"],"picked":"Warcry","floor":3},{"not_picked":["Searing Blow","Shrug It Off"],"picked":"Uppercut","floor":7},{"not_picked":["Hemokinesis","Limit Break"],"picked":"Thunderclap","floor":10},{"not_picked":["Dual Wield","Heavy Blade"],"picked":"Anger","floor":11},{"not_picked":["Havoc","Rupture","Twin Strike"],"picked":"SKIP","floor":12},{"not_picked":["Brutality","Havoc","Heavy Blade"],"picked":"SKIP","floor":14},{"not_picked":["Dark Embrace","Impervious"],"picked":"Berserk","floor":16},{"not_picked":["Burning Pact","Heavy Blade"],"picked":"Iron Wave","floor":18},{"not_picked":["Reckless Charge+1","Sword Boomerang"],"picked":"Pummel+1","floor":20},{"not_picked":["Pommel Strike","Clothesline+1"],"picked":"Warcry+1","floor":24},{"not_picked":["Shrug It Off","Clothesline"],"picked":"Spot Weakness","floor":25},{"not_picked":["Blood for Blood+1","Barricade+1","Flex"],"picked":"SKIP","floor":27},{"not_picked":["Searing Blow+1","Flex"],"picked":"Heavy Blade","floor":28},{"not_picked":["Headbutt+1","Clash+1"],"picked":"Warcry","floor":29},{"not_picked":["Clash","Body Slam"],"picked":"Reaper","floor":31},{"not_picked":["Heavy Blade","Headbutt+1"],"picked":"Battle Trance","floor":32},{"not_picked":["Brutality+1","Exhume","Offering"],"picked":"Singing Bowl","floor":33},{"not_picked":["Headbutt+1","Perfected Strike"],"picked":"Sword Boomerang+1","floor":35},{"not_picked":["Blood for Blood+1","Sword Boomerang"],"picked":"Armaments","floor":36},{"not_picked":["Blood for Blood+1","Cleave+1","Ghostly Armor+1"],"picked":"Singing Bowl","floor":37},{"not_picked":["Power Through+1","Clothesline+1"],"picked":"Flex","floor":38},{"not_picked":["Armaments","Reckless Charge+1","Headbutt+1"],"picked":"Singing Bowl","floor":40},{"not_picked":["Flex","Cleave+1","Heavy Blade+1"],"picked":"Singing Bowl","floor":41},{"not_picked":["Double Tap","Sword Boomerang"],"picked":"Iron Wave+1","floor":42}],"player_experience":153957,"relics_obtained":[{"floor":7,"key":"Dream Catcher"},{"floor":9,"key":"Mummified Hand"},{"floor":10,"key":"Anchor"},{"floor":22,"key":"Bronze Scales"},{"floor":24,"key":"Frozen Egg 2"},{"floor":24,"key":"Singing Bowl"},{"floor":26,"key":"Kunai"},{"floor":27,"key":"Bottled Flame"},{"floor":37,"key":"Dead Branch"},{"floor":41,"key":"StoneCalendar"},{"floor":41,"key":"Incense Burner"},{"floor":43,"key":"Mercury Hourglass"}],"event_choices":[{"event_name":"The Cleric","player_choice":"Card Removal","floor":4,"damage_taken":0},{"event_name":"Accursed Blacksmith","player_choice":"Rummage","floor":5,"damage_taken":0},{"event_name":"Drug Dealer","player_choice":"Got JAX","floor":21,"damage_taken":0},{"event_name":"MindBloom","player_choice":"Fight","floor":37,"damage_taken":0},{"event_name":"Tomb of Lord Red Mask","player_choice":"Paid","floor":39,"damage_taken":0}],"is_beta":false,"boss_relics":[{"not_picked":["Lizard Tail","Pandora\u0027s Box"],"picked":"Black Star"},{"not_picked":["Philosopher\u0027s Stone","Snecko Eye"],"picked":"Eternal Feather"}],"items_purged_floors":[19,30],"is_endless":false,"potions_floor_spawned":[1,2,14,24,25,31,35,41],"killed_by":"Nemesis","ascension_level":1}