{"gold_per_floor":[113,113,131,145,70,100,100,0,0,14,42,5,16,16,16,94,94,113,113,124,141,157,157,187,187,212,127,2,2,2,21,21,94,94,110,42,52,52,65,65,84,84],"floor_reached":42,"playtime":2869,"items_purged":["Strike_B","Strike_B","Defend_B"],"score":706,"play_id":"82521691-ff93-4544-987a-c9dfbdfd7995","local_time":"20190204003303","is_ascension_mode":true,"campfire_choices":[{"floor":7,"key":"REST"},{"floor":15,"key":"REST"},{"floor":23,"key":"REST"},{"floor":25,"key":"REST"},{"floor":30,"key":"REST"},{"floor":32,"key":"REST"},{"floor":40,"key":"REST"}],"neow_cost":"NONE","seed_source_timestamp":1401325908791082,"circlet_count":0,"master_deck":["AscendersBane","Strike_B","Strike_B","Defend_B","Defend_B","Defend_B","Zap","Dualcast","Conserve Battery","Compile Driver","Ball Lightning","Aggregate","Rebound","Core Surge+1","Scrape+1","Go for the Eyes+1","Reboot","Go for the Eyes+1","Go for the Eyes+1","Gash+1","Doom and Gloom+1","Auto Shields+1","Meteor Strike+1","Beam Cell+1","Blizzard+1","Cold Snap+1","Defragment","Capacitor"],"relics":["FrozenCore","NeowsBlessing","Shuriken","Dodecahedron","Molten Egg 2","Pantograph","Lizard Tail","Boot","Centennial Puzzle","WingedGreaves","Sundial"],"potions_floor_usage":[6,10,11,16,21,33,33,42,42],"damage_taken":[{"damage":0,"enemies":"2 Louse","floor":1,"turns":1},{"damage":0,"enemies":"Cultist","floor":3,"turns":1},{"damage":0,"enemies":"Jaw Worm","floor":4,"turns":1},{"damage":23,"enemies":"Lagavulin","floor":6,"turns":5},{"damage":14,"enemies":"Exordium Thugs","floor":10,"turns":4},{"damage":38,"enemies":"3 Sentries","floor":11,"turns":7},{"damage":4,"enemies":"2 Fungi Beasts","floor":13,"turns":3},{"damage":45,"enemies":"Hexaghost","floor":16,"turns":9},{"damage":7,"enemies":"Chosen","floor":18,"turns":4},{"damage":12,"enemies":"Shell Parasite","floor":20,"turns":5},{"damage":26,"enemies":"Snake Plant","floor":21,"turns":5},{"damage":28,"enemies":"Snecko","floor":22,"turns":5},{"damage":38,"enemies":"Gremlin Leader","floor":24,"turns":5},{"damage":21,"enemies":"Centurion and Healer","floor":31,"turns":5},{"damage":69,"enemies":"Automaton","floor":33,"turns":8},{"damage":16,"enemies":"Orb Walker","floor":35,"turns":3},{"damage":10,"enemies":"3 Darklings","floor":37,"turns":4},{"damage":40,"enemies":"Writhing Mass","floor":39,"turns":6},{"damage":15,"enemies":"Sphere and 2 Shapes","floor":41,"turns":5},{"damage":30,"enemies":"3 Darklings","floor":42,"turns":2}],"seed_played":"-2358429727288147369","potions_obtained":[{"floor":3,"key":"Poison Potion"},{"floor":6,"key":"Block Potion"},{"floor":10,"key":"FocusPotion"},{"floor":13,"key":"Fire Potion"},{"floor":20,"key":"Block Potion"},{"floor":24,"key":"LiquidBronze"},{"floor":31,"key":"FocusPotion"},{"floor":37,"key":"FocusPotion"},{"floor":41,"key":"Fire Potion"}],"is_trial":false,"path_per_floor":["M","?","M","M","$","E","R","$","T","M","E","$","M","T","R","B",null,"M","$","M","M","M","R","E","R","T","?","$","?","R","M","R","B",null,"M","$","M","?","M","R","M","M"],"character_chosen":"DEFECT","items_purchased":["Scrape+1","Blizzard+1"],"campfire_rested":7,"item_purchase_floors":[12,36],"current_hp_per_floor":[68,68,68,68,68,45,67,67,67,53,15,15,11,11,33,13,60,53,53,41,15,37,59,21,43,43,43,43,43,65,44,66,6,58,42,42,32,66,26,45,30,0],"gold":84,"neow_bonus":"THREE_ENEMY_KILL","is_prod":false,"is_daily":false,"chose_seed":false,"campfire_upgraded":0,"win_rate":0,"timestamp":1549265583,"path_taken":["M","?","M","?","$","E","R","?","T","M","E","$","M","?","R","BOSS","M","$","M","M","M","R","E","R","T","?","$","?","R","M","R","BOSS","M","$","M","?","M","R","M","M"],"build_version":"2019-01-23","purchased_purges":3,"victory":false,"max_hp_per_floor":[75,75,75,75,75,75,75,75,75,75,75,75,75,75,75,75,75,75,75,75,75,75,75,75,75,75,75,75,75,75,75,75,75,75,75,75,75,66,66,66,66,66],"card_choices":[{"not_picked":["Beam Cell","Barrage"],"picked":"Conserve Battery","floor":1},{"not_picked":["Tempest","Darkness"],"picked":"Compile Driver","floor":3},{"not_picked":["Fusion","Stack"],"picked":"Ball Lightning","floor":4},{"not_picked":["Redo","Coolheaded"],"picked":"Aggregate","floor":6},{"not_picked":["Redo","Conserve Battery"],"picked":"Rebound","floor":10},{"not_picked":["Self Repair","Hologram"],"picked":"Core Surge","floor":11},{"not_picked":["Ball Lightning+1","Hello World"],"picked":"Go for the Eyes+1","floor":13},{"not_picked":["Multi-Cast","Fission"],"picked":"Reboot","floor":16},{"not_picked":["Turbo","Redo","Rebound+1"],"picked":"SKIP","floor":18},{"not_picked":["BootSequence","Steam"],"picked":"Go for the Eyes+1","floor":20},{"not_picked":["Compile Driver+1","Rebound+1"],"picked":"Go for the Eyes+1","floor":21},{"not_picked":["Turbo","Leap"],"picked":"Gash+1","floor":22},{"not_picked":["Redo","Conserve Battery"],"picked":"Doom and Gloom+1","floor":24},{"not_picked":["Blizzard+1","Double Energy"],"picked":"Auto Shields+1","floor":31},{"not_picked":["Biased Cognition","Creative AI"],"picked":"Meteor Strike+1","floor":33},{"not_picked":["Cold Snap+1","Go for the Eyes+1"],"picked":"Beam Cell+1","floor":35},{"not_picked":["Leap+1","Storm"],"picked":"Cold Snap+1","floor":37},{"not_picked":["Undo","Rip and Tear+1"],"picked":"Defragment","floor":39},{"not_picked":["Compile Driver+1","Double Energy"],"picked":"Capacitor","floor":41}],"player_experience":958318,"relics_obtained":[{"floor":6,"key":"Shuriken"},{"floor":9,"key":"Dodecahedron"},{"floor":11,"key":"Molten Egg 2"},{"floor":14,"key":"Pantograph"},{"floor":24,"key":"Boot"},{"floor":26,"key":"Centennial Puzzle"}],"event_choices":[{"damage_healed":0,"gold_gain":0,"player_choice":"0 cards matched","damage_taken":0,"max_hp_gain":0,"max_hp_loss":0,"event_name":"Match and Keep!","floor":2,"gold_loss":0,"cards_obtained":[]},{"damage_healed":0,"gold_gain":0,"player_choice":"Obtained Relic","damage_taken":0,"relics_obtained":["WingedGreaves"],"max_hp_gain":0,"max_hp_loss":0,"event_name":"Addict","floor":27,"gold_loss":85},{"damage_healed":0,"gold_gain":0,"player_choice":"Opened","damage_taken":0,"relics_obtained":["Sundial"],"max_hp_gain":0,"max_hp_loss":0,"event_name":"The Mausoleum","floor":29,"gold_loss":0},{"damage_healed":66,"gold_gain":0,"player_choice":"Heal","damage_taken":0,"max_hp_gain":0,"max_hp_loss":9,"event_name":"The Moai Head","floor":38,"gold_loss":0}],"is_beta":false,"boss_relics":[{"not_picked":["White Beast Statue","Philosopher\u0027s Stone"],"picked":"Lizard Tail"},{"not_picked":["Velvet Choker","Empty Cage"],"picked":"FrozenCore"}],"items_purged_floors":[5,8,28],"is_endless":false,"potions_floor_spawned":[3,6,10,13,20,24,31,37,41],"killed_by":"3 Darklings","ascension_level":13}