{"gold_per_floor":[110,110,185,209,134,172,172,208,208,222,222,222,261,261,261,261],"floor_reached":16,"playtime":616,"items_purged":["Strike_R"],"score":275,"play_id":"0ed7d655-c8cb-4f01-88df-3533671a72ae","local_time":"20190227053132","is_ascension_mode":true,"campfire_choices":[{"data":"Iron Wave","floor":7,"key":"SMITH"},{"floor":12,"key":"REST"},{"data":"Flex","floor":15,"key":"SMITH"}],"neow_cost":"NONE","seed_source_timestamp":385153607786841,"circlet_count":0,"master_deck":["AscendersBane","Strike_R","Strike_R","Strike_R","Strike_R","Defend_R","Defend_R","Defend_R","Defend_R","Bash","Flex+1","Cleave","Iron Wave+1","Headbutt","Iron Wave"],"relics":["Burning Blood","NeowsBlessing","Golden Idol","Dodecahedron","Oddly Smooth Stone","Bag of Marbles","The Courier","Frozen Egg 2"],"potions_floor_usage":[8,10,13],"damage_taken":[{"damage":0,"enemies":"2 Louse","floor":1,"turns":1},{"damage":0,"enemies":"Jaw Worm","floor":4,"turns":1},{"damage":0,"enemies":"3 Sentries","floor":6,"turns":1},{"damage":32,"enemies":"Gremlin Nob","floor":8,"turns":4},{"damage":0,"enemies":"Small Slimes","floor":10,"turns":2},{"damage":16,"enemies":"Lagavulin","floor":13,"turns":5},{"damage":66,"enemies":"Hexaghost","floor":16,"turns":9}],"seed_played":"5164530248503518625","potions_obtained":[{"floor":1,"key":"Swift Potion"},{"floor":8,"key":"SteroidPotion"},{"floor":10,"key":"SkillPotion"},{"floor":13,"key":"Ancient Potion"}],"is_trial":false,"path_per_floor":["M","?","?","M","$","E","R","E","T","M","T","R","E","?","R","B"],"character_chosen":"IRONCLAD","items_purchased":[],"campfire_rested":1,"item_purchase_floors":[],"current_hp_per_floor":[74,48,37,43,43,49,49,23,23,29,29,51,41,66,66,0],"gold":261,"neow_bonus":"THREE_ENEMY_KILL","is_prod":false,"is_daily":false,"chose_seed":false,"campfire_upgraded":2,"win_rate":0,"timestamp":1551270692,"path_taken":["M","?","?","M","$","E","R","E","T","M","?","R","E","?","R","BOSS"],"build_version":"2019-01-23","purchased_purges":1,"victory":false,"max_hp_per_floor":[75,75,75,75,75,75,75,75,75,75,75,75,75,75,75,75],"card_choices":[{"not_picked":["Combust","Dropkick"],"picked":"Flex","floor":1},{"not_picked":["Pommel Strike","Corruption"],"picked":"Cleave","floor":4},{"not_picked":["Dual Wield","Offering"],"picked":"Iron Wave","floor":6},{"not_picked":["Clash","Flex"],"picked":"Headbutt","floor":8},{"not_picked":["Heavy Blade","Clothesline","Rupture"],"picked":"SKIP","floor":10},{"not_picked":["Twin Strike","Ghostly Armor"],"picked":"Iron Wave","floor":13}],"player_experience":1275821,"relics_obtained":[{"floor":6,"key":"Dodecahedron"},{"floor":8,"key":"Oddly Smooth Stone"},{"floor":9,"key":"Bag of Marbles"},{"floor":11,"key":"The Courier"},{"floor":13,"key":"Frozen Egg 2"}],"event_choices":[{"damage_healed":0,"gold_gain":0,"player_choice":"Take Damage","damage_taken":26,"relics_obtained":["Golden Idol"],"max_hp_gain":0,"max_hp_loss":0,"event_name":"Golden Idol","floor":2,"gold_loss":0},{"damage_healed":0,"gold_gain":75,"player_choice":"Gather Gold","damage_taken":11,"max_hp_gain":0,"max_hp_loss":0,"event_name":"World of Goop","floor":3,"gold_loss":0},{"damage_healed":25,"gold_gain":0,"player_choice":"Banana","damage_taken":0,"max_hp_gain":0,"max_hp_loss":0,"event_name":"Big Fish","floor":14,"gold_loss":0}],"is_beta":false,"boss_relics":[],"items_purged_floors":[5],"is_endless":false,"potions_floor_spawned":[1,8,10,13],"killed_by":"Hexaghost","ascension_level":19}