{"gold_per_floor":[114,134,134,15,27,27,58,58,81,92,122,122,122,152,152,152],"floor_reached":16,"playtime":1073,"items_purged":["Strike_R"],"score":218,"play_id":"22714071-f6f0-4aee-a5e4-63c3fbba6175","local_time":"20190217080153","is_ascension_mode":true,"campfire_choices":[{"data":"Evolve","floor":6,"key":"SMITH"},{"data":"Whirlwind","floor":8,"key":"SMITH"},{"floor":13,"key":"REST"},{"data":"Feel No Pain","floor":15,"key":"SMITH"}],"neow_cost":"NONE","seed_source_timestamp":142867562033150,"circlet_count":0,"master_deck":["AscendersBane","Strike_R","Strike_R+1","Strike_R+1","Strike_R+1","Defend_R","Defend_R","Defend_R","Defend_R","Bash+1","Feel No Pain+1","Reckless Charge","Evolve+1","Whirlwind+1","Dual Wield","Reckless Charge","Flex"],"relics":["Burning Blood","Whetstone","Orichalcum","Regal Pillow","Art of War","Red Skull"],"potions_floor_usage":[7,11],"damage_taken":[{"damage":7,"enemies":"Cultist","floor":1,"turns":4},{"damage":2,"enemies":"Jaw Worm","floor":2,"turns":3},{"damage":3,"enemies":"Small Slimes","floor":5,"turns":4},{"damage":13,"enemies":"3 Sentries","floor":7,"turns":7},{"damage":8,"enemies":"Blue Slaver","floor":10,"turns":6},{"damage":40,"enemies":"Lagavulin","floor":11,"turns":9},{"damage":4,"enemies":"Gremlin Nob","floor":14,"turns":3},{"damage":48,"enemies":"The Guardian","floor":16,"turns":12}],"seed_played":"-3235650403825796706","potions_obtained":[{"floor":1,"key":"Swift Potion"},{"floor":5,"key":"Swift Potion"}],"is_trial":false,"path_per_floor":["M","M","?","$","M","R","E","R","T","M","E","?","R","E","R","B"],"character_chosen":"IRONCLAD","items_purchased":["Evolve"],"campfire_rested":1,"item_purchase_floors":[4],"current_hp_per_floor":[67,71,48,48,51,51,44,44,44,42,8,8,45,47,47,0],"gold":152,"neow_bonus":"RANDOM_COMMON_RELIC","is_prod":false,"is_daily":false,"chose_seed":false,"campfire_upgraded":3,"win_rate":0,"timestamp":1550415713,"path_taken":["M","M","?","$","M","R","E","R","T","M","E","?","R","E","R","BOSS"],"build_version":"2019-01-23","purchased_purges":1,"victory":false,"max_hp_per_floor":[75,75,75,75,75,75,75,75,75,75,75,75,75,75,75,75],"card_choices":[{"not_picked":["Dual Wield","Wild Strike"],"picked":"Feel No Pain","floor":1},{"not_picked":["Body Slam","Ghostly Armor"],"picked":"Reckless Charge","floor":2},{"not_picked":["Clothesline","Fire Breathing","Clash"],"picked":"SKIP","floor":5},{"not_picked":["Dropkick","Bludgeon"],"picked":"Whirlwind","floor":7},{"not_picked":["Rage","Iron Wave"],"picked":"Dual Wield","floor":10},{"not_picked":["Entrench","Berserk"],"picked":"Reckless Charge","floor":11},{"not_picked":["Blood for Blood","Clothesline"],"picked":"Flex","floor":14}],"player_experience":1130657,"relics_obtained":[{"floor":7,"key":"Orichalcum"},{"floor":9,"key":"Regal Pillow"},{"floor":11,"key":"Art of War"},{"floor":14,"key":"Red Skull"}],"event_choices":[{"damage_healed":0,"gold_gain":0,"player_choice":"Entered Light","damage_taken":23,"max_hp_gain":0,"max_hp_loss":0,"event_name":"Shining Light","floor":3,"gold_loss":0,"cards_upgraded":["Strike_R","Strike_R"]},{"damage_healed":0,"gold_gain":0,"player_choice":"Ignored","damage_taken":0,"max_hp_gain":0,"max_hp_loss":0,"event_name":"Liars Game","floor":12,"gold_loss":0}],"is_beta":false,"boss_relics":[],"items_purged_floors":[4],"is_endless":false,"potions_floor_spawned":[1,5],"killed_by":"The Guardian","ascension_level":17}