{"gold_per_floor":[15,15,15,90,51,51,83,95,95,95,113,146,159,139,139,241,241,260,36,56,76,96,96,111,136,136,136,136,163,176,189,189,291,291,303,303,303,59,78,107,107,127,127,27,27,41,57,70,70,70],"floor_reached":51,"playtime":3812,"items_purged":["Defend_R","Strike_R"],"score":764,"play_id":"d9043dd1-8c8a-4760-bb8f-a9dec14267a1","local_time":"20190126115332","is_ascension_mode":true,"campfire_choices":[{"data":"Spot Weakness","floor":6,"key":"SMITH"},{"data":"Heavy Blade","floor":10,"key":"SMITH"},{"data":"Heavy Blade","floor":15,"key":"SMITH"},{"data":"Metallicize","floor":23,"key":"SMITH"},{"floor":28,"key":"REST"},{"floor":32,"key":"REST"},{"data":"Demon Form","floor":41,"key":"SMITH"},{"floor":49,"key":"REST"}],"neow_cost":"NO_GOLD","seed_source_timestamp":666830058090299,"circlet_count":0,"master_deck":["Strike_R","Strike_R","Shockwave","Pommel Strike","Spot Weakness+1","Heavy Blade+1","Twin Strike","Feed","Heavy Blade+1","Shockwave","Demon Form+1","Armaments","Rampage","Metallicize+1","Flex","Spot Weakness","Flex","Limit Break","Twin Strike+1","Berserk","Bloodletting+1","Battle Trance+1","Sword Boomerang+1","Dropkick","Disarm"],"relics":["Burning Blood","Mummified Hand","Ornamental Fan","Bag of Preparation","Philosopher\u0027s Stone","Orichalcum","Bronze Scales","Paper Frog","Regal Pillow","Empty Cage","Shuriken","Oddly Smooth Stone","Incense Burner"],"potions_floor_usage":[12,16,16,25,29,33,48,50,50],"damage_taken":[{"damage":2,"enemies":"2 Louse","floor":1,"turns":4},{"damage":30,"enemies":"Gremlin Nob","floor":7,"turns":5},{"damage":6,"enemies":"Small Slimes","floor":8,"turns":3},{"damage":1,"enemies":"Jaw Worm","floor":11,"turns":3},{"damage":8,"enemies":"3 Sentries","floor":12,"turns":3},{"damage":13,"enemies":"Exordium Thugs","floor":13,"turns":4},{"damage":25,"enemies":"Slime Boss","floor":16,"turns":11},{"damage":28,"enemies":"3 Byrds","floor":18,"turns":4},{"damage":16,"enemies":"Spheric Guardian","floor":20,"turns":4},{"damage":27,"enemies":"Shelled Parasite and Fungi","floor":21,"turns":3},{"damage":1,"enemies":"3 Cultists","floor":22,"turns":4},{"damage":0,"enemies":"Snecko","floor":24,"turns":4},{"damage":43,"enemies":"Slavers","floor":25,"turns":5},{"damage":13,"enemies":"Book of Stabbing","floor":29,"turns":3},{"damage":15,"enemies":"Centurion and Healer","floor":30,"turns":4},{"damage":11,"enemies":"Shelled Parasite and Fungi","floor":31,"turns":3},{"damage":47,"enemies":"Collector","floor":33,"turns":6},{"damage":9,"enemies":"3 Darklings","floor":35,"turns":5},{"damage":5,"enemies":"3 Shapes","floor":39,"turns":3},{"damage":34,"enemies":"Reptomancer","floor":40,"turns":5},{"damage":17,"enemies":"Spire Growth","floor":42,"turns":3},{"damage":9,"enemies":"Jaw Worm Horde","floor":46,"turns":3},{"damage":0,"enemies":"Transient","floor":47,"turns":5},{"damage":10,"enemies":"Writhing Mass","floor":48,"turns":3},{"damage":27,"enemies":"Time Eater","floor":50,"turns":7}],"seed_played":"-7458522499851914915","potions_obtained":[{"floor":1,"key":"Swift Potion"},{"floor":7,"key":"AttackPotion"},{"floor":13,"key":"SpeedPotion"},{"floor":14,"key":"FearPotion"},{"floor":22,"key":"Block Potion"},{"floor":24,"key":"Energy Potion"},{"floor":25,"key":"Weak Potion"},{"floor":30,"key":"SpeedPotion"},{"floor":31,"key":"FearPotion"},{"floor":40,"key":"SteroidPotion"},{"floor":46,"key":"EssenceOfSteel"}],"is_trial":false,"path_per_floor":["M","?","?","?","$","R","E","M","T","R","M","E","M","?","R","B",null,"M","$","M","M","M","R","M","E","T","?","R","E","M","M","R","B",null,"M","?","?","$","M","E","R","M","T","$","?","M","M","M","R","B",null],"character_chosen":"IRONCLAD","items_purchased":["Spot Weakness","Orichalcum","Shuriken"],"campfire_rested":3,"item_purchase_floors":[5,19,38],"current_hp_per_floor":[96,96,96,85,85,85,61,61,61,61,66,67,60,60,60,44,102,83,83,73,55,63,63,69,32,32,32,65,58,52,47,96,55,114,111,108,108,108,108,80,80,69,69,69,69,66,72,68,108,87],"gold":70,"neow_bonus":"TWENTY_PERCENT_HP_BONUS","is_prod":false,"is_daily":false,"chose_seed":false,"campfire_upgraded":5,"win_rate":1,"timestamp":1548528812,"path_taken":["M","?","?","?","?","R","E","M","T","R","?","E","M","?","R","BOSS","M","$","?","M","M","R","M","E","T","?","R","E","M","?","R","BOSS","M","?","?","$","M","E","R","M","T","$","?","M","?","M","R","BOSS"],"build_version":"2019-01-23","purchased_purges":2,"victory":true,"max_hp_per_floor":[96,96,96,96,96,96,96,96,96,96,96,99,99,99,99,102,102,105,105,105,108,111,111,111,111,111,111,111,111,114,114,114,114,114,114,108,108,108,108,108,108,108,108,108,108,108,108,108,108,108],"card_choices":[{"not_picked":["Reckless Charge","Flex"],"picked":"Shockwave","floor":1},{"not_picked":["Reckless Charge","Warcry"],"picked":"Heavy Blade","floor":7},{"not_picked":["Feel No Pain","Body Slam"],"picked":"Twin Strike","floor":8},{"not_picked":["Power Through","Twin Strike"],"picked":"Feed","floor":11},{"not_picked":["Thunderclap","Anger"],"picked":"Heavy Blade","floor":12},{"not_picked":["Dual Wield","Clash"],"picked":"Shockwave","floor":13},{"not_picked":["Barricade","Bludgeon"],"picked":"Demon Form","floor":16},{"not_picked":["Rage","Clash"],"picked":"Armaments","floor":18},{"not_picked":["True Grit","Heavy Blade"],"picked":"Rampage","floor":20},{"not_picked":["Searing Blow","Warcry"],"picked":"Metallicize","floor":21},{"not_picked":["Rupture","Clash","Perfected Strike"],"picked":"SKIP","floor":22},{"not_picked":["Clash","Anger"],"picked":"Flex","floor":24},{"not_picked":["Uppercut","Infernal Blade"],"picked":"Spot Weakness","floor":25},{"not_picked":["Warcry","Intimidate+1"],"picked":"Flex","floor":29},{"not_picked":["Intimidate","Cleave"],"picked":"Limit Break","floor":30},{"not_picked":["Clash+1","Combust"],"picked":"Twin Strike+1","floor":31},{"not_picked":["Juggernaut","Barricade"],"picked":"Berserk","floor":33},{"not_picked":["Clothesline","Clash+1"],"picked":"Bloodletting+1","floor":35},{"not_picked":["Clothesline+1","Perfected Strike"],"picked":"Battle Trance+1","floor":39},{"not_picked":["Blood for Blood","Iron Wave","Power Through+1"],"picked":"SKIP","floor":40},{"not_picked":["Second Wind","Dual Wield+1"],"picked":"Sword Boomerang+1","floor":42},{"not_picked":["Combust","True Grit"],"picked":"Dropkick","floor":46},{"not_picked":["Corruption","Warcry"],"picked":"Disarm","floor":47},{"not_picked":["Armaments+1","Warcry","Pommel Strike"],"picked":"SKIP","floor":48}],"player_experience":9235,"relics_obtained":[{"floor":7,"key":"Mummified Hand"},{"floor":9,"key":"Ornamental Fan"},{"floor":12,"key":"Bag of Preparation"},{"floor":25,"key":"Bronze Scales"},{"floor":26,"key":"Paper Frog"},{"floor":29,"key":"Regal Pillow"},{"floor":40,"key":"Oddly Smooth Stone"},{"floor":43,"key":"Incense Burner"}],"event_choices":[{"damage_healed":0,"gold_gain":0,"cards_transformed":["Strike_R"],"player_choice":"Change","damage_taken":0,"max_hp_gain":0,"max_hp_loss":0,"event_name":"Living Wall","floor":2,"gold_loss":0,"cards_obtained":["Pommel Strike"]},{"damage_healed":0,"gold_gain":0,"player_choice":"Ignored","damage_taken":0,"max_hp_gain":0,"max_hp_loss":0,"event_name":"Liars Game","floor":3,"gold_loss":0},{"damage_healed":0,"gold_gain":75,"player_choice":"Gather Gold","damage_taken":11,"max_hp_gain":0,"max_hp_loss":0,"event_name":"World of Goop","floor":4,"gold_loss":0},{"damage_healed":0,"gold_gain":0,"player_choice":"Bought 1 Potion","damage_taken":0,"max_hp_gain":0,"max_hp_loss":0,"event_name":"The Woman in Blue","floor":14,"gold_loss":0},{"cards_removed":["Defend_R"],"damage_healed":0,"gold_gain":0,"player_choice":"Purged","damage_taken":0,"max_hp_gain":0,"max_hp_loss":0,"event_name":"Purifier","floor":27,"gold_loss":0},{"damage_healed":0,"gold_gain":0,"player_choice":"Max HP","damage_taken":0,"max_hp_gain":0,"max_hp_loss":6,"event_name":"Winding Halls","floor":36,"gold_loss":0},{"cards_removed":["Bash"],"damage_healed":0,"gold_gain":0,"player_choice":"Removed Attack","damage_taken":0,"max_hp_gain":0,"max_hp_loss":0,"event_name":"Falling","floor":37,"gold_loss":0},{"cards_removed":["Strike_R"],"damage_healed":0,"gold_gain":0,"player_choice":"Purged","damage_taken":0,"max_hp_gain":0,"max_hp_loss":0,"event_name":"Purifier","floor":45,"gold_loss":0}],"is_beta":false,"boss_relics":[{"not_picked":["White Beast Statue","Eternal Feather"],"picked":"Philosopher\u0027s Stone"},{"not_picked":["Runic Pyramid","Runic Cube"],"picked":"Empty Cage"}],"items_purged_floors":[19,44],"is_endless":false,"potions_floor_spawned":[1,7,13,22,24,25,30,31,40,46,47],"ascension_level":1}