{"gold_per_floor":[115,128,196,212,212,212,227,227,227,227,237,266,266,280,280,357,357,371,388,402,61,72,72,85,118,145,145,164,164,177,194,194,194],"floor_reached":33,"playtime":2038,"items_purged":[],"score":546,"play_id":"979563cc-f56f-49f3-81a9-5944ec158ac5","local_time":"20190302094659","is_ascension_mode":true,"campfire_choices":[{"data":"Blood for Blood","floor":6,"key":"SMITH"},{"data":"Iron Wave","floor":8,"key":"SMITH"},{"floor":10,"key":"REST"},{"floor":13,"key":"REST"},{"data":"Body Slam","floor":15,"key":"SMITH"},{"data":"Double Tap","floor":23,"key":"SMITH"},{"floor":27,"key":"REST"},{"floor":29,"key":"REST"},{"floor":32,"key":"REST"}],"neow_cost":"NONE","seed_source_timestamp":58593302597270,"circlet_count":0,"master_deck":["AscendersBane","Strike_R","Strike_R+1","Strike_R","Strike_R+1","Defend_R","Defend_R","Defend_R","Defend_R","Bash","Juggernaut","Shrug It Off","Blood for Blood+1","Metallicize","Iron Wave+1","Ghostly Armor","Body Slam+1","Metallicize","Double Tap+1","Clash","Blood for Blood","Rage+1","Iron Wave","Battle Trance+1","True Grit+1"],"relics":["Burning Blood","Matryoshka","Bag of Preparation","Singing Bowl","Sundial","Sozu","Toxic Egg 2","Question Card","Oddly Smooth Stone","Whetstone"],"potions_floor_usage":[7,16,25],"damage_taken":[{"damage":6,"enemies":"Cultist","floor":1,"turns":4},{"damage":11,"enemies":"2 Louse","floor":2,"turns":3},{"damage":14,"enemies":"Jaw Worm","floor":4,"turns":5},{"damage":36,"enemies":"Exordium Thugs","floor":7,"turns":4},{"damage":3,"enemies":"2 Fungi Beasts","floor":11,"turns":3},{"damage":45,"enemies":"3 Sentries","floor":12,"turns":11},{"damage":0,"enemies":"Blue Slaver","floor":14,"turns":4},{"damage":4,"enemies":"The Guardian","floor":16,"turns":11},{"damage":0,"enemies":"Chosen","floor":18,"turns":5},{"damage":9,"enemies":"Spheric Guardian","floor":19,"turns":4},{"damage":25,"enemies":"Shelled Parasite and Fungi","floor":20,"turns":6},{"damage":8,"enemies":"Cultist and Chosen","floor":22,"turns":6},{"damage":24,"enemies":"Sentry and Sphere","floor":24,"turns":7},{"damage":28,"enemies":"Book of Stabbing","floor":25,"turns":5},{"damage":25,"enemies":"Snecko","floor":28,"turns":5},{"damage":15,"enemies":"Snake Plant","floor":30,"turns":4},{"damage":12,"enemies":"Sentry and Sphere","floor":31,"turns":5},{"damage":61,"enemies":"Collector","floor":33,"turns":8}],"seed_played":"5397670812559573986","potions_obtained":[{"floor":2,"key":"Ancient Potion"},{"floor":14,"key":"SpeedPotion"},{"floor":16,"key":"FearPotion"}],"is_trial":false,"path_per_floor":["M","M","T","M","?","R","M","R","T","R","M","E","R","M","R","B",null,"M","M","M","$","M","R","M","E","T","R","M","R","M","M","R","B"],"character_chosen":"IRONCLAD","items_purchased":["Toxic Egg 2","Rage+1"],"campfire_rested":5,"item_purchase_floors":[21,21],"current_hp_per_floor":[68,63,63,55,55,55,25,25,25,47,50,11,33,39,39,41,67,73,70,53,53,53,53,35,15,15,39,20,44,37,31,55,0],"gold":194,"neow_bonus":"ONE_RANDOM_RARE_CARD","is_prod":false,"is_daily":false,"chose_seed":false,"campfire_upgraded":4,"win_rate":0,"timestamp":1551545219,"path_taken":["M","M","?","?","?","R","M","R","T","R","?","E","R","M","R","BOSS","M","M","?","$","M","R","?","E","T","R","M","R","M","M","R","BOSS"],"build_version":"2019-01-23","purchased_purges":0,"victory":false,"max_hp_per_floor":[75,75,75,75,75,75,75,75,75,75,75,75,75,75,75,75,75,75,75,77,77,79,79,79,81,81,81,81,81,83,83,83,83],"card_choices":[{"not_picked":["Perfected Strike","Heavy Blade"],"picked":"Shrug It Off","floor":1},{"not_picked":["Warcry","Flex"],"picked":"Blood for Blood","floor":2},{"not_picked":["Bludgeon","Flex"],"picked":"Metallicize","floor":4},{"not_picked":["Combust","Entrench"],"picked":"Iron Wave","floor":7},{"not_picked":["Infernal Blade","Bloodletting"],"picked":"Ghostly Armor","floor":11},{"not_picked":["Shrug It Off","Iron Wave"],"picked":"Body Slam","floor":12},{"not_picked":["Warcry","Power Through"],"picked":"Metallicize","floor":14},{"not_picked":["Bludgeon","Feed"],"picked":"Double Tap","floor":16},{"not_picked":["Twin Strike","Burning Pact"],"picked":"Clash","floor":18},{"not_picked":["Clash","Havoc"],"picked":"Blood for Blood","floor":19},{"not_picked":["Sword Boomerang","Twin Strike","Clothesline"],"picked":"Singing Bowl","floor":20},{"not_picked":["Sword Boomerang","Pommel Strike","Sever Soul"],"picked":"Singing Bowl","floor":22},{"not_picked":["Warcry+1","Cleave"],"picked":"Iron Wave","floor":24},{"not_picked":["Warcry+1","Bloodletting+1","Perfected Strike"],"picked":"Singing Bowl","floor":25},{"not_picked":["Twin Strike","Searing Blow","Sword Boomerang"],"picked":"Battle Trance+1","floor":28},{"not_picked":["Spot Weakness+1","Body Slam","Immolate","Sword Boomerang"],"picked":"Singing Bowl","floor":30},{"not_picked":["Hemokinesis","Clash+1","Warcry+1"],"picked":"True Grit+1","floor":31}],"player_experience":1316390,"relics_obtained":[{"floor":3,"key":"Matryoshka"},{"floor":9,"key":"Bag of Preparation"},{"floor":9,"key":"Singing Bowl"},{"floor":12,"key":"Sundial"},{"floor":25,"key":"Question Card"},{"floor":26,"key":"Oddly Smooth Stone"},{"floor":26,"key":"Whetstone"}],"event_choices":[{"cards_removed":["Strike_R"],"damage_healed":0,"gold_gain":0,"player_choice":"Offered Basic","damage_taken":0,"max_hp_gain":0,"max_hp_loss":0,"event_name":"Bonfire Elementals","floor":5,"gold_loss":0}],"is_beta":false,"boss_relics":[{"not_picked":["Fusion Hammer","Velvet Choker"],"picked":"Sozu"}],"items_purged_floors":[],"is_endless":false,"potions_floor_spawned":[2,14,16,19,20,22,30],"killed_by":"Collector","ascension_level":20}