{"gold_per_floor":[117,117,42,57,57,57,91,91,91,91,120,161,3,18,18,18],"floor_reached":16,"playtime":509,"items_purged":["Strike_R"],"score":262,"play_id":"31809b56-8016-4f50-9069-7bf9ba196a6f","local_time":"20190307020150","is_ascension_mode":true,"campfire_choices":[{"data":"Searing Blow","floor":6,"key":"SMITH"},{"data":"Searing Blow+1","floor":8,"key":"SMITH"},{"floor":15,"key":"REST"}],"neow_cost":"NONE","seed_source_timestamp":9508935928994,"circlet_count":0,"master_deck":["AscendersBane","Strike_R","Strike_R","Strike_R","Defend_R","Defend_R","Defend_R","Defend_R","Bash","Searing Blow+2","Clash","Power Through","Injury","Barricade","Berserk","Body Slam"],"relics":["Burning Blood","NeowsBlessing","Darkstone Periapt","Letter Opener","Golden Idol","Odd Mushroom","PreservedInsect","Vajra"],"potions_floor_usage":[12],"damage_taken":[{"damage":0,"enemies":"Cultist","floor":1,"turns":1},{"damage":0,"enemies":"2 Louse","floor":4,"turns":1},{"damage":0,"enemies":"Lagavulin","floor":7,"turns":1},{"damage":13,"enemies":"The Mushroom Lair","floor":11,"turns":6},{"damage":43,"enemies":"Gremlin Nob","floor":12,"turns":7},{"damage":13,"enemies":"Small Slimes","floor":14,"turns":4},{"damage":59,"enemies":"Hexaghost","floor":16,"turns":10}],"seed_played":"8141671127863316727","potions_obtained":[{"floor":1,"key":"Weak Potion"},{"floor":12,"key":"Ancient Potion"}],"is_trial":false,"path_per_floor":["M","?","$","M","?","R","E","R","T","?","?","E","$","M","R","B"],"character_chosen":"IRONCLAD","items_purchased":["Vajra"],"campfire_rested":1,"item_purchase_floors":[13],"current_hp_per_floor":[74,74,74,75,75,75,75,75,75,81,74,37,37,30,54,0],"gold":18,"neow_bonus":"THREE_ENEMY_KILL","is_prod":false,"is_daily":false,"chose_seed":false,"campfire_upgraded":2,"win_rate":0,"timestamp":1551949310,"path_taken":["M","?","$","?","?","R","E","R","T","?","?","E","$","M","R","BOSS"],"build_version":"2019-01-23","purchased_purges":1,"victory":false,"max_hp_per_floor":[75,75,75,75,75,75,75,75,75,81,81,81,81,81,81,81],"card_choices":[{"not_picked":["Pommel Strike","Clothesline"],"picked":"Searing Blow","floor":1},{"not_picked":["Anger","Havoc"],"picked":"Clash","floor":4},{"not_picked":["Clash","Metallicize"],"picked":"Power Through","floor":7},{"not_picked":["Sword Boomerang","Cleave"],"picked":"Barricade","floor":11},{"not_picked":["Uppercut","Sword Boomerang"],"picked":"Berserk","floor":12},{"not_picked":["Rage","Wild Strike"],"picked":"Body Slam","floor":14}],"player_experience":1372817,"relics_obtained":[{"floor":7,"key":"Darkstone Periapt"},{"floor":9,"key":"Letter Opener"},{"floor":11,"key":"Odd Mushroom"},{"floor":12,"key":"PreservedInsect"}],"event_choices":[{"cards_removed":["Strike_R"],"damage_healed":0,"gold_gain":0,"player_choice":"Purged","damage_taken":0,"max_hp_gain":0,"max_hp_loss":0,"event_name":"Purifier","floor":2,"gold_loss":0},{"damage_healed":0,"gold_gain":0,"player_choice":"Leave","damage_taken":0,"max_hp_gain":0,"max_hp_loss":0,"event_name":"The Cleric","floor":5,"gold_loss":0},{"damage_healed":0,"gold_gain":0,"player_choice":"Take Wound","damage_taken":0,"relics_obtained":["Golden Idol"],"max_hp_gain":0,"max_hp_loss":0,"event_name":"Golden Idol","floor":10,"gold_loss":0,"cards_obtained":["Injury"]},{"damage_healed":0,"gold_gain":0,"player_choice":"Fought Mushrooms","damage_taken":0,"max_hp_gain":0,"max_hp_loss":0,"event_name":"Mushrooms","floor":11,"gold_loss":0}],"is_beta":false,"boss_relics":[],"items_purged_floors":[3],"is_endless":false,"potions_floor_spawned":[1,7,12],"killed_by":"Hexaghost","ascension_level":20}