{"gold_per_floor":[17,17,17,31,41,41,70,82,142,186,198,210,222,234,246,360,372,397,409,173,173,186,186],"floor_reached":23,"playtime":1275,"items_purged":["Strike_R"],"score":215,"play_id":"c9a5e3f7-5da3-4258-a7ca-6bc2115b7939","local_time":"20181215133444","is_ascension_mode":true,"campfire_choices":[{"floor":6,"key":"RECALL"},{"floor":8,"key":"REST"},{"floor":11,"key":"REST"},{"data":"Whirlwind","floor":13,"key":"SMITH"},{"floor":15,"key":"REST"}],"neow_cost":"NO_GOLD","seed_source_timestamp":151347325224700,"circlet_count":0,"master_deck":["Strike_R","Strike_R+1","Defend_R","Defend_R","Defend_R","Defend_R","Bash","Bash+1","Thunderclap","Whirlwind+1","Offering","Apotheosis"],"relics":["Burning Blood","MawBank","Oddly Smooth Stone","Whetstone","Kunai","Philosopher\u0027s Stone"],"potions_floor_usage":[7,16,18,23],"damage_taken":[{"damage":5,"enemies":"Small Slimes","floor":1,"turns":4},{"damage":6,"enemies":"Cultist","floor":4,"turns":4},{"damage":4,"enemies":"Jaw Worm","floor":5,"turns":4},{"damage":47,"enemies":"Lagavulin","floor":7,"turns":9},{"damage":36,"enemies":"3 Sentries","floor":10,"turns":9},{"damage":46,"enemies":"Slime Boss","floor":16,"turns":9},{"damage":22,"enemies":"Shell Parasite","floor":18,"turns":5},{"damage":27,"enemies":"2 Thieves","floor":22,"turns":3},{"damage":50,"enemies":"Book of Stabbing","floor":23,"turns":5}],"seed_played":"-5542882412685186536","potions_obtained":[{"floor":1,"key":"Block Potion"},{"floor":10,"key":"GamblersBrew"},{"floor":16,"key":"Fruit Juice"},{"floor":22,"key":"AttackPotion"}],"is_trial":false,"path_per_floor":["M","?","$","M","M","R","E","R","T","E","R","$","R","?","R","B",null,"M","?","$","?","M","E"],"character_chosen":"IRONCLAD","items_purchased":["Apotheosis"],"campfire_rested":3,"item_purchase_floors":[20],"current_hp_per_floor":[80,80,80,80,80,80,39,63,63,33,57,57,57,39,63,23,80,69,69,69,69,48,0],"gold":186,"neow_bonus":"REMOVE_TWO","is_prod":false,"is_daily":false,"chose_seed":false,"campfire_upgraded":1,"win_rate":0,"timestamp":1544898884,"path_taken":["M","?","$","M","M","R","E","R","T","E","R","?","R","?","R","BOSS","M","?","$","?","M","E"],"build_version":"2018-12-13","purchased_purges":1,"victory":false,"max_hp_per_floor":[80,80,80,80,80,80,80,80,80,80,80,80,80,80,80,80,80,85,85,85,85,85,85],"card_choices":[{"not_picked":["Burning Pact","Clash","Cleave"],"picked":"SKIP","floor":1},{"not_picked":["Headbutt","Combust"],"picked":"Thunderclap","floor":4},{"not_picked":["True Grit","Carnage"],"picked":"Whirlwind","floor":5},{"not_picked":["Immolate","Sword Boomerang","Feel No Pain"],"picked":"SKIP","floor":7},{"not_picked":["Anger","Sentinel","Burning Pact"],"picked":"SKIP","floor":10},{"not_picked":["Brutality","Impervious"],"picked":"Offering","floor":16},{"not_picked":["Second Wind","Anger","Cleave"],"picked":"SKIP","floor":18},{"not_picked":["Feel No Pain+1","Heavy Blade+1","Body Slam"],"picked":"SKIP","floor":22}],"player_experience":237197,"relics_obtained":[{"floor":7,"key":"MawBank"},{"floor":9,"key":"Oddly Smooth Stone"},{"floor":10,"key":"Whetstone"}],"event_choices":[{"damage_healed":0,"gold_gain":0,"player_choice":"1 cards matched","damage_taken":0,"max_hp_gain":0,"max_hp_loss":0,"event_name":"Match and Keep!","floor":2,"gold_loss":0,"cards_obtained":["Bash"]},{"damage_healed":0,"gold_gain":0,"player_choice":"Success","damage_taken":18,"relics_obtained":["Kunai"],"max_hp_gain":0,"max_hp_loss":0,"event_name":"Scrap Ooze","floor":14,"gold_loss":0},{"damage_healed":0,"gold_gain":0,"player_choice":"0 cards matched","damage_taken":0,"max_hp_gain":0,"max_hp_loss":0,"event_name":"Match and Keep!","floor":19,"gold_loss":0,"cards_obtained":[]},{"damage_healed":0,"gold_gain":0,"player_choice":"Ignored","damage_taken":0,"max_hp_gain":0,"max_hp_loss":0,"event_name":"Vampires","floor":21,"gold_loss":0}],"is_beta":false,"boss_relics":[{"not_picked":["White Beast Statue","Eternal Feather"],"picked":"Philosopher\u0027s Stone"}],"items_purged_floors":[20],"is_endless":false,"potions_floor_spawned":[1,10,16,22],"killed_by":"Book of Stabbing","ascension_level":2}