{"gold_per_floor":[113,126,145,145,160,160,192,192,192,207,238,238,238,256,256,331,331,350,350,34,34,48,48],"floor_reached":23,"playtime":1368,"items_purged":["Strike_R"],"score":392,"play_id":"147fd4f1-5c7d-4759-a245-1883ebbe21ca","local_time":"20190226202603","is_ascension_mode":true,"campfire_choices":[{"data":"Armaments","floor":6,"key":"SMITH"},{"data":"Uppercut","floor":8,"key":"SMITH"},{"floor":12,"key":"REST"},{"floor":15,"key":"REST"}],"neow_cost":"NONE","seed_source_timestamp":351670717685499,"circlet_count":0,"master_deck":["AscendersBane","Strike_R","Strike_R","Strike_R","Strike_R","Defend_R","Defend_R","Defend_R","Defend_R","Bash","Armaments+1","Uppercut+1","Shrug It Off","Sever Soul","Flex","Metallicize+1","Dropkick","Immolate","Juggernaut+1","Cleave+1","Metallicize+1","Metallicize+1","Body Slam","Dropkick"],"relics":["Burning Blood","Strawberry","Frozen Egg 2","Bottled Lightning","Shuriken","Juzu Bracelet","Sozu","Blood Vial"],"potions_floor_usage":[7,10,11,11,11,11,16],"damage_taken":[{"damage":1,"enemies":"Cultist","floor":1,"turns":3},{"damage":5,"enemies":"Small Slimes","floor":2,"turns":3},{"damage":5,"enemies":"Jaw Worm","floor":3,"turns":7},{"damage":10,"enemies":"Looter","floor":5,"turns":4},{"damage":9,"enemies":"Gremlin Nob","floor":7,"turns":3},{"damage":50,"enemies":"Gremlin Gang","floor":10,"turns":6},{"damage":21,"enemies":"Lagavulin","floor":11,"turns":6},{"damage":20,"enemies":"Lots of Slimes","floor":14,"turns":6},{"damage":35,"enemies":"The Guardian","floor":16,"turns":13},{"damage":21,"enemies":"Shell Parasite","floor":18,"turns":5},{"damage":13,"enemies":"Spheric Guardian","floor":22,"turns":5},{"damage":54,"enemies":"Book of Stabbing","floor":23,"turns":5}],"seed_played":"2822831620491569899","potions_obtained":[{"floor":2,"key":"AttackPotion"},{"floor":5,"key":"Dexterity Potion"},{"floor":7,"key":"PowerPotion"},{"floor":10,"key":"EntropicBrew"},{"floor":14,"key":"BloodPotion"}],"is_trial":false,"path_per_floor":["M","M","M","?","M","R","E","R","T","M","E","R","?","M","R","B",null,"M","?","$","?","M","E"],"character_chosen":"IRONCLAD","items_purchased":["Metallicize+1","Blood Vial"],"campfire_rested":2,"item_purchase_floors":[20,20],"current_hp_per_floor":[80,81,82,82,78,78,75,75,75,31,16,40,40,26,50,29,69,54,54,54,54,49,0],"gold":48,"neow_bonus":"RANDOM_COMMON_RELIC","is_prod":false,"is_daily":false,"chose_seed":false,"campfire_upgraded":2,"win_rate":0,"timestamp":1551237963,"path_taken":["M","M","M","?","M","R","E","R","T","M","E","R","?","M","R","BOSS","M","?","$","?","M","E"],"build_version":"2019-01-23","purchased_purges":1,"victory":false,"max_hp_per_floor":[82,82,82,82,82,82,82,82,82,82,82,82,82,82,82,82,82,82,82,82,82,82,82],"card_choices":[{"not_picked":["Twin Strike","Pummel"],"picked":"Armaments","floor":1},{"not_picked":["Pommel Strike","Bloodletting"],"picked":"Uppercut","floor":2},{"not_picked":["Burning Pact","Fire Breathing"],"picked":"Shrug It Off","floor":3},{"not_picked":["Twin Strike","Intimidate"],"picked":"Sever Soul","floor":5},{"not_picked":["Cleave","True Grit"],"picked":"Flex","floor":7},{"not_picked":["True Grit","Rupture+1"],"picked":"Metallicize+1","floor":10},{"not_picked":["Headbutt","Body Slam"],"picked":"Dropkick","floor":11},{"not_picked":["Heavy Blade","Flex"],"picked":"Immolate","floor":14},{"not_picked":["Exhume","Feed"],"picked":"Juggernaut+1","floor":16},{"not_picked":["Warcry","Shrug It Off"],"picked":"Cleave+1","floor":18},{"not_picked":["Spot Weakness","Sword Boomerang"],"picked":"Dropkick","floor":22}],"player_experience":1269875,"relics_obtained":[{"floor":7,"key":"Bottled Lightning"},{"floor":9,"key":"Shuriken"},{"floor":11,"key":"Juzu Bracelet"}],"event_choices":[{"damage_healed":0,"gold_gain":0,"player_choice":"Box","damage_taken":0,"relics_obtained":["Frozen Egg 2"],"max_hp_gain":0,"max_hp_loss":0,"event_name":"Big Fish","floor":4,"gold_loss":0,"cards_obtained":["Regret"]},{"cards_removed":["Regret"],"damage_healed":0,"gold_gain":0,"player_choice":"Removed Curses","damage_taken":0,"max_hp_gain":0,"max_hp_loss":0,"event_name":"Fountain of Cleansing","floor":13,"gold_loss":0},{"damage_healed":0,"gold_gain":0,"player_choice":"Copied","damage_taken":0,"max_hp_gain":0,"max_hp_loss":0,"event_name":"Duplicator","floor":19,"gold_loss":0,"cards_obtained":["Metallicize"]},{"damage_healed":0,"gold_gain":0,"player_choice":"Read","damage_taken":0,"max_hp_gain":0,"max_hp_loss":0,"event_name":"The Library","floor":21,"gold_loss":0,"cards_obtained":["Body Slam"]}],"is_beta":false,"boss_relics":[{"not_picked":["Black Blood","Philosopher\u0027s Stone"],"picked":"Sozu"}],"items_purged_floors":[20],"is_endless":false,"potions_floor_spawned":[2,5,7,10,14,18],"killed_by":"Book of Stabbing","ascension_level":19}