{"gold_per_floor":[118,130,130,55,55,80,92,116,153,165,188,200,224,246,258,347,359,384,410,422],"floor_reached":20,"playtime":964,"items_purged":["Strike_R"],"score":402,"play_id":"db47a88f-a02a-4938-8e2e-6196f8b53ec1","local_time":"20190304232343","is_ascension_mode":true,"campfire_choices":[{"data":"Body Slam","floor":7,"key":"SMITH"},{"data":"Shrug It Off","floor":10,"key":"SMITH"},{"data":"Second Wind","floor":12,"key":"SMITH"},{"data":"Clash","floor":15,"key":"SMITH"}],"neow_cost":"NONE","seed_source_timestamp":281477698372028,"circlet_count":0,"master_deck":["AscendersBane","Strike_R","Strike_R","Strike_R+1","Defend_R+1","Defend_R","Defend_R","Defend_R","Bash","Second Wind+1","Metallicize","Body Slam+1","Shrug It Off+1","Clash+1","Blood for Blood","Infernal Blade","Impervious","Flex","Corruption"],"relics":["Burning Blood","NeowsBlessing","MawBank","Juzu Bracelet","Eternal Feather"],"potions_floor_usage":[16,18,19,20],"damage_taken":[{"damage":0,"enemies":"Small Slimes","floor":1,"turns":1},{"damage":0,"enemies":"Cultist","floor":2,"turns":1},{"damage":0,"enemies":"Gremlin Nob","floor":6,"turns":1},{"damage":0,"enemies":"2 Louse","floor":8,"turns":2},{"damage":8,"enemies":"Looter","floor":11,"turns":3},{"damage":4,"enemies":"2 Fungi Beasts","floor":13,"turns":4},{"damage":5,"enemies":"Blue Slaver","floor":14,"turns":3},{"damage":34,"enemies":"Hexaghost","floor":16,"turns":10},{"damage":17,"enemies":"Shell Parasite","floor":18,"turns":7},{"damage":30,"enemies":"3 Byrds","floor":19,"turns":6},{"damage":32,"enemies":"Cultist and Chosen","floor":20,"turns":3}],"seed_played":"-8253555926561457156","potions_obtained":[{"floor":1,"key":"SpeedPotion"},{"floor":2,"key":"Poison Potion"},{"floor":6,"key":"Ancient Potion"},{"floor":11,"key":"Weak Potion"},{"floor":18,"key":"Explosive Potion"},{"floor":19,"key":"Weak Potion"}],"is_trial":false,"path_per_floor":["M","M","?","$","?","E","R","M","T","R","M","R","M","M","R","B",null,"M","M","M"],"character_chosen":"IRONCLAD","items_purchased":[],"campfire_rested":0,"item_purchase_floors":[],"current_hp_per_floor":[74,75,75,75,52,58,58,64,64,64,62,62,64,65,65,37,66,55,31,0],"gold":422,"neow_bonus":"THREE_ENEMY_KILL","is_prod":false,"is_daily":false,"chose_seed":false,"campfire_upgraded":4,"win_rate":0,"timestamp":1551767023,"path_taken":["M","M","?","?","?","E","R","M","T","R","M","R","M","M","R","BOSS","M","M","M"],"build_version":"2019-01-23","purchased_purges":1,"victory":false,"max_hp_per_floor":[75,75,75,75,75,75,75,75,75,75,75,75,75,75,75,75,75,75,75,75],"card_choices":[{"not_picked":["Pummel","Power Through"],"picked":"Second Wind","floor":1},{"not_picked":["Twin Strike","Heavy Blade"],"picked":"Metallicize","floor":2},{"not_picked":["Feed","Entrench"],"picked":"Body Slam","floor":6},{"not_picked":["True Grit","Seeing Red"],"picked":"Shrug It Off","floor":8},{"not_picked":["Whirlwind","Armaments"],"picked":"Clash","floor":11},{"not_picked":["Rupture","Havoc"],"picked":"Blood for Blood","floor":13},{"not_picked":["Pommel Strike","Armaments"],"picked":"Infernal Blade","floor":14},{"not_picked":["Exhume","Limit Break"],"picked":"Impervious","floor":16},{"not_picked":["Headbutt+1","Anger"],"picked":"Flex","floor":18},{"not_picked":["True Grit+1","Anger"],"picked":"Corruption","floor":19}],"player_experience":1331967,"relics_obtained":[{"floor":6,"key":"MawBank"},{"floor":9,"key":"Juzu Bracelet"}],"event_choices":[{"cards_removed":["Strike_R"],"damage_healed":0,"gold_gain":0,"player_choice":"Purged","damage_taken":0,"max_hp_gain":0,"max_hp_loss":0,"event_name":"Purifier","floor":3,"gold_loss":0},{"damage_healed":0,"gold_gain":0,"player_choice":"Entered Light","damage_taken":23,"max_hp_gain":0,"max_hp_loss":0,"event_name":"Shining Light","floor":5,"gold_loss":0,"cards_upgraded":["Defend_R","Strike_R"]}],"is_beta":false,"boss_relics":[{"not_picked":["Orrery","Pandora\u0027s Box"],"picked":"Eternal Feather"}],"items_purged_floors":[4],"is_endless":false,"potions_floor_spawned":[1,2,6,11,18,19],"killed_by":"Cultist and Chosen","ascension_level":20}