{"gold_per_floor":[119,119,119,119,140,208,133,133,133,152,152,171,205,205,205,205],"floor_reached":16,"playtime":518,"items_purged":["Regret"],"score":259,"play_id":"aaca0125-de65-463e-98f9-8c6ab10de784","local_time":"20190301184815","is_ascension_mode":true,"campfire_choices":[{"data":"Body Slam","floor":8,"key":"SMITH"},{"data":"Iron Wave","floor":11,"key":"SMITH"},{"floor":15,"key":"REST"}],"neow_cost":"NONE","seed_source_timestamp":6192664190904,"circlet_count":0,"master_deck":["AscendersBane","Strike_R","Strike_R","Strike_R","Strike_R","Defend_R","Defend_R","Defend_R","Defend_R","Bash","Wild Strike","Body Slam+1","Iron Wave+1","True Grit+1","Metallicize","Dual Wield+1"],"relics":["Burning Blood","NeowsBlessing","Question Card","Golden Idol","Tiny Chest","Toxic Egg 2","Happy Flower","Blue Candle"],"potions_floor_usage":[12],"damage_taken":[{"damage":0,"enemies":"Small Slimes","floor":1,"turns":1},{"damage":0,"enemies":"2 Louse","floor":5,"turns":1},{"damage":0,"enemies":"Gremlin Nob","floor":6,"turns":1},{"damage":1,"enemies":"Cultist","floor":10,"turns":3},{"damage":4,"enemies":"Exordium Thugs","floor":12,"turns":4},{"damage":60,"enemies":"Lagavulin","floor":13,"turns":8},{"damage":37,"enemies":"Hexaghost","floor":16,"turns":9}],"seed_played":"1332615393351056591","potions_obtained":[{"floor":5,"key":"Fire Potion"},{"floor":13,"key":"Explosive Potion"}],"is_trial":false,"path_per_floor":["M","?","?","?","M","E","$","R","T","M","R","M","E","T","R","B"],"character_chosen":"IRONCLAD","items_purchased":[],"campfire_rested":1,"item_purchase_floors":[],"current_hp_per_floor":[74,74,48,48,54,60,60,60,60,65,65,67,13,13,35,0],"gold":205,"neow_bonus":"THREE_ENEMY_KILL","is_prod":false,"is_daily":false,"chose_seed":false,"campfire_upgraded":2,"win_rate":0,"timestamp":1551491295,"path_taken":["M","?","?","?","M","E","$","R","T","M","R","?","E","?","R","BOSS"],"build_version":"2019-01-23","purchased_purges":1,"victory":false,"max_hp_per_floor":[75,75,75,75,75,75,75,75,75,75,75,75,75,75,75,75],"card_choices":[{"not_picked":["Twin Strike","Armaments"],"picked":"Wild Strike","floor":1},{"not_picked":["Pommel Strike","Warcry","Juggernaut"],"picked":"Body Slam","floor":5},{"not_picked":["Twin Strike","Wild Strike","Dropkick"],"picked":"Iron Wave","floor":6},{"not_picked":["Corruption","Twin Strike","Bloodletting+1"],"picked":"True Grit+1","floor":10},{"not_picked":["Sever Soul","Anger","Twin Strike"],"picked":"Metallicize","floor":12},{"not_picked":["Inflame","Warcry+1","Entrench+1"],"picked":"Dual Wield+1","floor":13}],"player_experience":1304647,"relics_obtained":[{"floor":6,"key":"Tiny Chest"},{"floor":9,"key":"Toxic Egg 2"},{"floor":13,"key":"Happy Flower"},{"floor":14,"key":"Blue Candle"}],"event_choices":[{"damage_healed":0,"gold_gain":0,"player_choice":"Box","damage_taken":0,"relics_obtained":["Question Card"],"max_hp_gain":0,"max_hp_loss":0,"event_name":"Big Fish","floor":2,"gold_loss":0,"cards_obtained":["Regret"]},{"damage_healed":0,"gold_gain":0,"player_choice":"Take Damage","damage_taken":26,"relics_obtained":["Golden Idol"],"max_hp_gain":0,"max_hp_loss":0,"event_name":"Golden Idol","floor":3,"gold_loss":0},{"cards_removed":["Strike_R"],"damage_healed":0,"gold_gain":0,"player_choice":"Offered Basic","damage_taken":0,"max_hp_gain":0,"max_hp_loss":0,"event_name":"Bonfire Elementals","floor":4,"gold_loss":0}],"is_beta":false,"boss_relics":[],"items_purged_floors":[7],"is_endless":false,"potions_floor_spawned":[5,13],"killed_by":"Hexaghost","ascension_level":19}