{"gold_per_floor":[117,129,204,51,61,90,104,104,129,144,144,209,219,232,232,329,329,348,263,35,134,144,170,170,186,186,186,219,236,127,127,127,127],"floor_reached":33,"playtime":2785,"items_purged":["Strike_R"],"score":352,"play_id":"5db33bbe-c13d-440f-8f0e-321e86ab0043","local_time":"20181225222723","is_ascension_mode":true,"campfire_choices":[{"data":"Armaments","floor":8.0,"key":"SMITH"},{"floor":15.0,"key":"RECALL"},{"floor":24,"key":"REST"},{"floor":27,"key":"REST"},{"floor":32,"key":"REST"}],"neow_cost":"NONE","seed_source_timestamp":0,"circlet_count":0,"master_deck":["Strike_R","Strike_R","Strike_R","Strike_R","Defend_R+1","Defend_R","Defend_R","Defend_R","Bash+1","Armaments+1","Battle Trance+1","Headbutt","Pommel Strike","Shockwave+1","Pommel Strike","Feed","Flame Barrier","Clothesline+1"],"special_seed":0,"relics":["Black Blood","Happy Flower","Blood Vial","War Paint","Tiny Chest","Self Forming Clay","PreservedInsect","Juzu Bracelet","Dodecahedron","Mummified Hand","MutagenicStrength"],"potions_floor_usage":[23,23,25,28,33],"damage_taken":[{"damage":1.0,"enemies":"2 Louse","floor":1.0,"turns":2.0},{"damage":7.0,"enemies":"Jaw Worm","floor":2.0,"turns":3.0},{"damage":7.0,"enemies":"Small Slimes","floor":5.0,"turns":4.0},{"damage":14.0,"enemies":"Lagavulin","floor":6.0,"turns":7.0},{"damage":4.0,"enemies":"Red Slaver","floor":7.0,"turns":3.0},{"damage":11.0,"enemies":"Exordium Wildlife","floor":10.0,"turns":4.0},{"damage":14.0,"enemies":"Gremlin Nob","floor":12.0,"turns":4.0},{"damage":3.0,"enemies":"Looter","floor":13.0,"turns":3.0},{"damage":17.0,"enemies":"Lots of Slimes","floor":14.0,"turns":4.0},{"damage":38.0,"enemies":"The Guardian","floor":16.0,"turns":11.0},{"damage":46.0,"enemies":"Spheric Guardian","floor":18.0,"turns":9.0},{"damage":11,"enemies":"3 Byrds","floor":22,"turns":9},{"damage":38,"enemies":"Book of Stabbing","floor":23,"turns":7},{"damage":13,"enemies":"Shelled Parasite and Fungi","floor":25,"turns":4},{"damage":54,"enemies":"Gremlin Leader","floor":28,"turns":6},{"damage":34,"enemies":"Cultist and Chosen","floor":29,"turns":9},{"damage":84,"enemies":"Automaton","floor":33,"turns":8}],"seed_played":"-118145461652318050","potions_obtained":[{"floor":2.0,"key":"Strength Potion"},{"floor":5.0,"key":"Dexterity Potion"},{"floor":10.0,"key":"SpeedPotion"},{"floor":12.0,"key":"SpeedPotion"},{"floor":14.0,"key":"Swift Potion"},{"floor":16.0,"key":"Regen Potion"},{"floor":22,"key":"SpeedPotion"},{"floor":23,"key":"Poison Potion"},{"floor":25,"key":"AttackPotion"},{"floor":29,"key":"Regen Potion"}],"is_trial":false,"path_per_floor":["M","M","?","$","M","E","M","R","T","M","?","E","M","M","R","B",null,"M","M","?","$","?","M","E","R","M","T","R","E","M","?","?","R","B"],"character_chosen":"IRONCLAD","items_purchased":["Happy Flower","PreservedInsect"],"campfire_rested":3,"item_purchase_floors":[4,20],"current_hp_per_floor":[80,79,68,68,67,59,63,63,63,60,60,54,59,50,50,20,80,57,57,57,57,62,36,62,64,64,91,51,33,33,33,62,0],"gold":127,"neow_bonus":"UPGRADE_CARD","is_prod":false,"is_daily":false,"chose_seed":false,"campfire_upgraded":1,"win_rate":0,"timestamp":1545794843,"path_taken":["M","M","?","$","M","E","M","R","T","M","?","E","M","M","R","BOSS","M","?","$","?","M","E","R","M","T","R","E","M","?","?","R","BOSS"],"build_version":"2018-12-20","purchased_purges":1,"victory":false,"max_hp_per_floor":[80,80,80,80,80,80,80,80,80,80,80,80,80,80,80,80,80,84,84,84,84,88,88,88,91,91,91,95,99,99,99,99,99],"card_choices":[{"not_picked":["True Grit","Fire Breathing"],"picked":"Armaments","floor":1.0},{"not_picked":["Havoc","Twin Strike","Sentinel"],"picked":"SKIP","floor":2.0},{"not_picked":["Body Slam","Uppercut"],"picked":"Battle Trance","floor":5.0},{"not_picked":["Carnage","Flex"],"picked":"Headbutt","floor":6.0},{"not_picked":["Anger","Twin Strike"],"picked":"Pommel Strike","floor":7.0},{"not_picked":["Corruption","Battle Trance"],"picked":"Shockwave","floor":10.0},{"not_picked":["Dual Wield","Cleave","Reckless Charge"],"picked":"SKIP","floor":12.0},{"not_picked":["Headbutt","Flex"],"picked":"Pommel Strike","floor":13.0},{"not_picked":["Rage","Combust","Thunderclap"],"picked":"SKIP","floor":14.0},{"not_picked":["Double Tap","Brutality"],"picked":"Feed","floor":16.0},{"not_picked":["Havoc+1","Shockwave","Flex"],"picked":"SKIP","floor":22},{"not_picked":["Perfected Strike","Headbutt+1"],"picked":"Flame Barrier","floor":23},{"not_picked":["Power Through+1","Pommel Strike","Body Slam"],"picked":"SKIP","floor":25},{"not_picked":["Body Slam","Hemokinesis","Sword Boomerang"],"picked":"SKIP","floor":28},{"not_picked":["Sword Boomerang","Feel No Pain"],"picked":"Clothesline+1","floor":29}],"player_experience":257208,"relics_obtained":[{"floor":6.0,"key":"Blood Vial"},{"floor":9.0,"key":"War Paint"},{"floor":12.0,"key":"Tiny Chest"},{"floor":23,"key":"Juzu Bracelet"},{"floor":28,"key":"Dodecahedron"}],"event_choices":[{"damage_healed":0.0,"max_hp_gain":0.0,"max_hp_loss":0.0,"gold_gain":75.0,"event_name":"World of Goop","player_choice":"Gather Gold","floor":3.0,"gold_loss":0.0,"damage_taken":11.0},{"damage_healed":0.0,"max_hp_gain":0.0,"max_hp_loss":0.0,"gold_gain":0.0,"event_name":"Living Wall","player_choice":"Grow","floor":11.0,"gold_loss":0.0,"damage_taken":0.0,"cards_upgraded":["Shockwave"]},{"damage_healed":0,"gold_gain":0,"player_choice":"Obtained Relic","damage_taken":0,"relics_obtained":["Self Forming Clay"],"max_hp_gain":0,"max_hp_loss":0,"event_name":"Addict","floor":19,"gold_loss":85},{"damage_healed":0,"gold_gain":99,"player_choice":"Stole From Cult","damage_taken":0,"max_hp_gain":0,"max_hp_loss":0,"event_name":"Nest","floor":21,"gold_loss":0},{"damage_healed":0,"gold_gain":0,"player_choice":"Paid Gold","damage_taken":0,"relics_obtained":["Mummified Hand"],"max_hp_gain":0,"max_hp_loss":0,"event_name":"WeMeetAgain","floor":30,"gold_loss":109},{"damage_healed":0,"gold_gain":0,"player_choice":"Inject Mutagens","damage_taken":0,"relics_obtained":["MutagenicStrength"],"max_hp_gain":0,"max_hp_loss":0,"event_name":"Drug Dealer","floor":31,"gold_loss":0}],"is_beta":false,"boss_relics":[{"not_picked":["Mark of Pain","Eternal Feather"],"picked":"Black Blood"}],"items_purged_floors":[20],"is_endless":false,"potions_floor_spawned":[2,5,10,12,14,16,22,23,25,29],"killed_by":"Automaton","ascension_level":2}