{"path_per_floor":["M","M","$","?","?","R","M","R","T","E","R","M","?","E","R","B",null,"M","?","$","M","$","M","R","M","T","M","M","R","?","M","R","B",null,"M","M","?","$","M","E","R","$","T","E"],"character_chosen":"DEFECT","items_purchased":["Secret Technique+1","Capacitor"],"gold_per_floor":[112,125,50,50,225,225,236,236,262,295,295,310,310,341,341,437,437,449,449,174,186,27,39,39,55,55,74,92,92,15,26,26,124,124,134,151,151,1,17,44,44,44,44,77,77],"floor_reached":45,"campfire_rested":5,"playtime":3901,"item_purchase_floors":[20,22],"current_hp_per_floor":[73,72,72,72,72,72,70,70,70,54,54,47,47,22,46,1,80,70,70,70,37,37,15,39,25,25,7,12,36,36,21,45,28,80,51,16,70,70,63,9,42,42,42,11,0],"items_purged":["Strike_B","Regret","Doubt","Defend_B"],"gold":77,"score":531,"play_id":"105e5314-df09-4463-b019-b83e17f19130","local_time":"20180601224119","is_prod":false,"is_daily":false,"chose_seed":false,"is_ascension_mode":true,"campfire_upgraded":3,"win_rate":0,"timestamp":1527914479,"campfire_choices":[{"data":"Zap","floor":6,"key":"SMITH"},{"data":"Storm","floor":8,"key":"SMITH"},{"data":"Dualcast","floor":11,"key":"SMITH"},{"floor":15,"key":"REST"},{"floor":24,"key":"REST"},{"floor":29,"key":"REST"},{"floor":32,"key":"REST"},{"floor":41,"key":"REST"}],"path_taken":["M","M","$","?","?","R","?","R","T","E","R","M","?","E","R","BOSS","M","?","$","M","$","?","R","M","T","M","M","R","?","M","R","BOSS","M","M","?","$","?","E","R","$","T","E","M"],"build_version":"2018-05-31","seed_source_timestamp":187468962663824,"purchased_purges":4,"victory":false,"master_deck":["Strike_B","Strike_B","Strike_B","Zap+1","Dualcast+1","Storm+1","Leap","Loop","Chill","Fusion+1","Scrape","Amplify+1","Force Field+1","Scrape+1","Skim+1","Redo+1","Secret Technique+1","Beam Cell","Capacitor","Steam+1","FTL","Go for the Eyes","Streamline+1","J.A.X.+1","Self Repair","Steam+1","Multi-Cast+1","Gash","Redo+1","Gash+1","Steam+1","White Noise+1"],"max_hp_per_floor":[75,75,75,75,75,75,80,80,80,80,80,80,80,80,80,80,80,80,80,80,80,80,80,80,80,80,80,80,80,80,80,80,80,80,80,80,70,70,70,70,70,70,70,70,70],"relics":["Cracked Core","Dream Catcher","Potion Belt","Shuriken","Mercury Hourglass","Toxic Egg 2","Astrolabe","Ornamental Fan","Eternal Feather","Happy Flower","Boot","Bottled Lightning"],"card_choices":[{"not_picked":["Rebound","Beam Cell"],"picked":"Storm","floor":1},{"not_picked":["Reprogram","Conserve Battery"],"picked":"Leap","floor":2},{"not_picked":["Hologram","Sweeping Beam"],"picked":"Loop","floor":7},{"not_picked":["Leap","Auto Shields","Hologram"],"picked":"SKIP","floor":10},{"not_picked":["Leap","Coolheaded"],"picked":"Chill","floor":12},{"not_picked":["Compile Driver","Chill"],"picked":"Fusion","floor":14},{"not_picked":["Hologram+1","Compile Driver"],"picked":"Scrape","floor":15},{"not_picked":["Multi-Cast+1","Meteor Strike"],"picked":"Amplify+1","floor":16},{"not_picked":["Hello World+1","Streamline+1"],"picked":"Redo+1","floor":18},{"not_picked":["Coolheaded+1","Go for the Eyes"],"picked":"Beam Cell","floor":21},{"not_picked":["Stack+1","Ball Lightning"],"picked":"Steam+1","floor":23},{"not_picked":["Rip and Tear","Hello World+1"],"picked":"FTL","floor":24},{"not_picked":["Rebound+1","Conserve Battery+1"],"picked":"Go for the Eyes","floor":25},{"not_picked":["Chaos+1","Genetic Algorithm+1","Blizzard"],"picked":"SKIP","floor":27},{"not_picked":["Sweeping Beam","Conserve Battery+1","Multi-Cast+1"],"picked":"SKIP","floor":28},{"not_picked":["Double Energy+1","Compile Driver"],"picked":"Streamline+1","floor":29},{"not_picked":["Hologram+1","Stack+1"],"picked":"Self Repair","floor":31},{"not_picked":["Hologram+1","Rebound+1"],"picked":"Steam+1","floor":32},{"not_picked":["Fission+1","Biased Cognition"],"picked":"Multi-Cast+1","floor":33},{"not_picked":["Barrage+1","Aggregate+1"],"picked":"Gash","floor":35},{"not_picked":["Go for the Eyes+1","Auto Shields+1"],"picked":"Redo+1","floor":36},{"not_picked":["Doom and Gloom","Sweeping Beam"],"picked":"Gash+1","floor":39},{"not_picked":["Multi-Cast+1","Steam+1","Stack+1"],"picked":"SKIP","floor":40},{"not_picked":["Multi-Cast+1","Stack+1"],"picked":"Steam+1","floor":40},{"not_picked":["Go for the Eyes+1","FTL+1"],"picked":"White Noise+1","floor":41},{"not_picked":["Rip and Tear+1","Sweeping Beam","Lockon+1"],"picked":"SKIP","floor":44}],"player_experience":850266,"potions_floor_usage":[7,10,10,10,10,10,14,14,14,14,16,16,16,28,28,28,28,28,28,28,28,28,28,40,44],"damage_taken":[{"damage":2,"enemies":"2 Louse","floor":1,"turns":2},{"damage":1,"enemies":"Cultist","floor":2,"turns":3},{"damage":7,"enemies":"Small Slimes","floor":7,"turns":3},{"damage":16,"enemies":"Lagavulin","floor":10,"turns":6},{"damage":7,"enemies":"2 Fungi Beasts","floor":12,"turns":3},{"damage":25,"enemies":"Gremlin Nob","floor":14,"turns":5},{"damage":45,"enemies":"Slime Boss","floor":16,"turns":8},{"damage":10,"enemies":"Spheric Guardian","floor":18,"turns":3},{"damage":33,"enemies":"Shell Parasite","floor":21,"turns":5},{"damage":22,"enemies":"Snake Plant","floor":23,"turns":4},{"damage":14,"enemies":"Sentry and Sphere","floor":25,"turns":5},{"damage":18,"enemies":"Snecko","floor":27,"turns":4},{"damage":0,"enemies":"Snake Plant","floor":28,"turns":2},{"damage":15,"enemies":"Cultist and Chosen","floor":31,"turns":5},{"damage":31,"enemies":"Champ","floor":33,"turns":9},{"damage":29,"enemies":"3 Shapes","floor":35,"turns":4},{"damage":42,"enemies":"3 Darklings","floor":36,"turns":6},{"damage":14,"enemies":"Maw","floor":39,"turns":7},{"damage":61,"enemies":"Nemesis","floor":40,"turns":7},{"damage":38,"enemies":"Giant Head","floor":44,"turns":8},{"damage":14,"enemies":"4 Shapes","floor":45,"turns":1}],"relics_obtained":[{"floor":9,"key":"Potion Belt"},{"floor":10,"key":"Shuriken"},{"floor":14,"key":"Toxic Egg 2"},{"floor":26,"key":"Ornamental Fan"},{"floor":40,"key":"Happy Flower"},{"floor":43,"key":"Boot"},{"floor":44,"key":"Bottled Lightning"}],"event_choices":[{"event_name":"The Lab","player_choice":"Got Potions","floor":4,"damage_taken":0},{"event_name":"Liars Game","player_choice":"agreed","floor":5,"damage_taken":0},{"event_name":"Big Fish","player_choice":"Box","floor":13,"damage_taken":0},{"event_name":"Vampires","player_choice":"Ignored","floor":19,"damage_taken":0},{"event_name":"Drug Dealer","player_choice":"Got JAXXED","floor":30,"damage_taken":0},{"event_name":"The Moai Head","player_choice":"Heal","floor":37,"damage_taken":0}],"boss_relics":[{"not_picked":["Runic Dome","Ectoplasm"],"picked":"Astrolabe"},{"not_picked":["Cursed Key","White Beast Statue"],"picked":"Eternal Feather"}],"items_purged_floors":[3,20,22,38],"potions_floor_spawned":[2,10,16,23,25,27,39,40],"seed_played":"-6196671536859122417","killed_by":"4 Shapes","ascension_level":2,"potions_obtained":[{"floor":2,"key":"Fruit Juice"},{"floor":4,"key":"Energy Potion"},{"floor":4,"key":"EntropicBrew"},{"floor":10,"key":"Explosive Potion"},{"floor":16,"key":"Fire Potion"},{"floor":23,"key":"FearPotion"},{"floor":25,"key":"EntropicBrew"},{"floor":27,"key":"FocusPotion"},{"floor":39,"key":"AttackPotion"},{"floor":40,"key":"Weak Potion"}],"is_trial":false}