{"gold_per_floor":[113,38,49,63,43,43,72,84,111,111,127,127,147,157,157,234,234,253,80,80,100,15,15,15,15,42,60,79,79,113,140,140,217,217,237,0,0,12,12,12,40,53,53,53,72,72,72],"floor_reached":47,"playtime":2956,"items_purged":["Strike_R"],"score":1073,"play_id":"6be0fe33-7a3f-4cd7-bf74-a74fd419cf8c","local_time":"20190224190630","is_ascension_mode":true,"campfire_choices":[{"data":"Searing Blow","floor":6,"key":"SMITH"},{"data":"Armaments","floor":10,"key":"SMITH"},{"data":"Searing Blow+1","floor":15,"key":"SMITH"},{"data":"Searing Blow+2","floor":23,"key":"SMITH"},{"data":"Searing Blow+3","floor":25,"key":"SMITH"},{"data":"Searing Blow+4","floor":29,"key":"SMITH"},{"floor":32,"key":"REST"},{"data":"Searing Blow+5","floor":40,"key":"SMITH"},{"data":"Searing Blow+6","floor":44,"key":"SMITH"}],"neow_cost":"NONE","seed_source_timestamp":172503292580382,"circlet_count":0,"master_deck":["AscendersBane","Strike_R","Strike_R","Strike_R","Defend_R","Defend_R","Defend_R","Defend_R","Searing Blow+7","Cleave","Flame Barrier","Berserk","Armaments+1","True Grit","Evolve","Flex","Demon Form","Thunderclap","Ghostly Armor","Writhe","Battle Trance+1","Impervious","Barricade","Rage","Disarm+1","Forethought"],"relics":["Black Blood","NeowsBlessing","Centennial Puzzle","Bronze Scales","Velvet Choker","Pen Nib","Nilry\u0027s Codex","Anchor","FossilizedHelix","Bag of Preparation","Art of War","Smiling Mask","Red Mask","Gremlin Horn","Meat on the Bone"],"potions_floor_usage":[3,7,14,16,21,30,33,35,41,47],"damage_taken":[{"damage":0,"enemies":"Cultist","floor":1,"turns":1},{"damage":0,"enemies":"Small Slimes","floor":3,"turns":1},{"damage":0,"enemies":"2 Louse","floor":4,"turns":1},{"damage":60,"enemies":"Lagavulin","floor":7,"turns":6},{"damage":11,"enemies":"Red Slaver","floor":8,"turns":4},{"damage":1,"enemies":"Blue Slaver","floor":11,"turns":4},{"damage":5,"enemies":"Looter","floor":13,"turns":4},{"damage":9,"enemies":"Large Slime","floor":14,"turns":4},{"damage":21,"enemies":"Slime Boss","floor":16,"turns":10},{"damage":10,"enemies":"3 Byrds","floor":18,"turns":3},{"damage":8,"enemies":"Shell Parasite","floor":21,"turns":4},{"damage":8,"enemies":"Snake Plant","floor":27,"turns":3},{"damage":1,"enemies":"Snecko","floor":28,"turns":4},{"damage":0,"enemies":"Gremlin Leader","floor":30,"turns":3},{"damage":55,"enemies":"Champ","floor":33,"turns":10},{"damage":6,"enemies":"Orb Walker","floor":35,"turns":5},{"damage":15,"enemies":"3 Shapes","floor":38,"turns":9},{"damage":0,"enemies":"Nemesis","floor":41,"turns":7},{"damage":13,"enemies":"Sphere and 2 Shapes","floor":42,"turns":4},{"damage":35,"enemies":"Jaw Worm Horde","floor":45,"turns":6},{"damage":62,"enemies":"Reptomancer","floor":47,"turns":5}],"seed_played":"552431489515061629","potions_obtained":[{"floor":1,"key":"Fruit Juice"},{"floor":5,"key":"BloodPotion"},{"floor":11,"key":"Fire Potion"},{"floor":14,"key":"Regen Potion"},{"floor":16,"key":"Strength Potion"},{"floor":18,"key":"EssenceOfSteel"},{"floor":27,"key":"EssenceOfSteel"},{"floor":33,"key":"Energy Potion"},{"floor":38,"key":"Ancient Potion"},{"floor":45,"key":"Poison Potion"}],"is_trial":false,"path_per_floor":["M","$","M","M","?","R","E","M","T","R","M","?","M","M","R","B",null,"M","$","?","M","?","R","?","R","T","M","M","R","E","T","R","B",null,"M","?","?","M","$","R","E","M","T","R","M","?","E"],"character_chosen":"IRONCLAD","items_purchased":["Pen Nib"],"campfire_rested":1,"item_purchase_floors":[19],"current_hp_per_floor":[74,74,80,80,80,80,34,29,29,29,34,34,35,32,32,32,68,64,64,43,41,41,41,41,41,41,39,44,44,50,50,74,25,66,70,70,70,65,65,65,75,72,72,72,59,59,0],"gold":72,"neow_bonus":"THREE_ENEMY_KILL","is_prod":false,"is_daily":false,"chose_seed":false,"campfire_upgraded":8,"win_rate":0,"timestamp":1551060390,"path_taken":["M","?","?","?","?","R","E","M","T","R","?","?","M","M","R","BOSS","M","?","?","M","?","R","?","R","T","M","M","R","E","?","R","BOSS","M","?","?","M","$","R","E","M","T","R","M","?","E"],"build_version":"2019-01-23","purchased_purges":1,"victory":false,"max_hp_per_floor":[75,75,80,80,80,80,80,80,80,80,80,80,80,80,80,80,80,80,80,80,80,80,80,80,80,80,80,80,80,80,80,80,80,80,80,80,80,80,80,80,80,80,80,80,80,80,80],"card_choices":[{"not_picked":["Whirlwind","Twin Strike"],"picked":"Searing Blow","floor":1},{"not_picked":["Anger","Flex"],"picked":"Cleave","floor":3},{"not_picked":["Twin Strike","Metallicize"],"picked":"Flame Barrier","floor":4},{"not_picked":["Wild Strike","Intimidate"],"picked":"Berserk","floor":7},{"not_picked":["Sever Soul","Headbutt"],"picked":"Armaments","floor":8},{"not_picked":["Heavy Blade","Carnage"],"picked":"True Grit","floor":11},{"not_picked":["Havoc","Iron Wave"],"picked":"Evolve","floor":13},{"not_picked":["Exhume","Anger"],"picked":"Flex","floor":14},{"not_picked":["Fiend Fire","Exhume"],"picked":"Demon Form","floor":16},{"not_picked":["Rage","Sword Boomerang+1"],"picked":"Thunderclap","floor":18},{"not_picked":["Seeing Red","Corruption"],"picked":"Ghostly Armor","floor":21},{"not_picked":["Spot Weakness","Evolve"],"picked":"Battle Trance+1","floor":27},{"not_picked":["Dual Wield","Flex","Havoc"],"picked":"SKIP","floor":28},{"not_picked":["Entrench","Shrug It Off"],"picked":"Impervious","floor":30},{"not_picked":["Fiend Fire","Limit Break"],"picked":"Barricade","floor":33},{"not_picked":["Sever Soul+1","Clothesline","Fire Breathing+1"],"picked":"SKIP","floor":35},{"not_picked":["Warcry+1","Bloodletting"],"picked":"Rage","floor":38},{"not_picked":["Reckless Charge","Intimidate","True Grit"],"picked":"SKIP","floor":41},{"not_picked":["Flex","Burning Pact","Wild Strike+1"],"picked":"SKIP","floor":42},{"not_picked":["Clothesline","Anger"],"picked":"Disarm+1","floor":45},{"not_picked":["Dark Shackles","Blind"],"picked":"Forethought","floor":46}],"player_experience":1248636,"relics_obtained":[{"floor":7,"key":"Centennial Puzzle"},{"floor":9,"key":"Bronze Scales"},{"floor":20,"key":"Nilry\u0027s Codex"},{"floor":26,"key":"Bag of Preparation"},{"floor":30,"key":"Art of War"},{"floor":31,"key":"Smiling Mask"},{"floor":41,"key":"Gremlin Horn"},{"floor":43,"key":"Meat on the Bone"}],"event_choices":[{"damage_healed":0,"gold_gain":0,"player_choice":"Bought 1 Potion","damage_taken":0,"max_hp_gain":0,"max_hp_loss":0,"event_name":"The Woman in Blue","floor":5,"gold_loss":0},{"cards_removed":["Strike_R"],"damage_healed":0,"gold_gain":0,"player_choice":"Offered Basic","damage_taken":0,"max_hp_gain":0,"max_hp_loss":0,"event_name":"Bonfire Elementals","floor":12,"gold_loss":0},{"damage_healed":0,"gold_gain":0,"player_choice":"Obtained Book","damage_taken":21,"max_hp_gain":0,"max_hp_loss":0,"event_name":"Cursed Tome","floor":20,"gold_loss":0},{"damage_healed":0,"gold_gain":0,"player_choice":"Obtained Relic","damage_taken":0,"relics_obtained":["Anchor"],"max_hp_gain":0,"max_hp_loss":0,"event_name":"Addict","floor":22,"gold_loss":85},{"damage_healed":0,"gold_gain":0,"player_choice":"Opened","damage_taken":0,"relics_obtained":["FossilizedHelix"],"max_hp_gain":0,"max_hp_loss":0,"event_name":"The Mausoleum","floor":24,"gold_loss":0,"cards_obtained":["Writhe"]},{"damage_healed":0,"gold_gain":0,"player_choice":"Paid","damage_taken":0,"relics_obtained":["Red Mask"],"max_hp_gain":0,"max_hp_loss":0,"event_name":"Tomb of Lord Red Mask","floor":36,"gold_loss":237},{"cards_removed":["Bash"],"damage_healed":0,"gold_gain":0,"player_choice":"Removed Attack","damage_taken":0,"max_hp_gain":0,"max_hp_loss":0,"event_name":"Falling","floor":37,"gold_loss":0},{"damage_healed":0,"gold_gain":0,"player_choice":"Memory 1","damage_taken":0,"max_hp_gain":0,"max_hp_loss":0,"event_name":"SensoryStone","floor":46,"gold_loss":0}],"is_beta":false,"boss_relics":[{"not_picked":["Tiny House","Snecko Eye"],"picked":"Velvet Choker"},{"not_picked":["Runic Pyramid","Lizard Tail"],"picked":"Black Blood"}],"items_purged_floors":[2],"is_endless":false,"potions_floor_spawned":[1,11,14,16,18,27,33,38,45],"killed_by":"Reptomancer","ascension_level":19}