{"gold_per_floor":[113,113,133,148,148,148,183,183,206,244,260,260,301,101,101,200,200,215,233,233,233,246,280,280,2,2,2,16,16,16,39,39,137,137,137,160,185,17,17],"floor_reached":39,"playtime":2872,"items_purged":["Strike_R","Strike_R"],"score":1088,"play_id":"1d32cd0b-1042-45fa-a8c8-8924511ec03a","local_time":"20190306211944","is_ascension_mode":true,"campfire_choices":[{"data":"Fiend Fire","floor":6,"key":"SMITH"},{"data":"Shrug It Off","floor":8,"key":"SMITH"},{"data":"Armaments","floor":15,"key":"SMITH"},{"data":"Discovery","floor":24,"key":"SMITH"},{"data":"Transmutation","floor":27,"key":"SMITH"},{"floor":32,"key":"REST"}],"neow_cost":"NONE","seed_source_timestamp":444935246602163,"circlet_count":0,"master_deck":["AscendersBane","Strike_R","Strike_R","Strike_R","Defend_R","Defend_R","Defend_R","Defend_R","Bash","Fiend Fire+1","Power Through","Iron Wave","Shrug It Off+1","Injury","Shockwave","Ghostly Armor","Burning Pact","Sever Soul","Discovery+1","Armaments+1","Reaper","Thunderclap+1","Feel No Pain","Wild Strike","Barricade","Evolve","Transmutation+1","Warcry","Juggernaut","Clumsy","Decay","Pain","Seeing Red+1","Blood for Blood"],"relics":["Black Blood","Anchor","Golden Idol","Unceasing Top","Art of War","Dead Branch","Pear","Boot","Shuriken","Smiling Mask","Pantograph","Ornamental Fan","Calling Bell","Orichalcum","Matryoshka","Nunchaku","Blood Vial"],"potions_floor_usage":[7,10,13,16,35,35],"damage_taken":[{"damage":4,"enemies":"Small Slimes","floor":1,"turns":5},{"damage":0,"enemies":"Jaw Worm","floor":3,"turns":2},{"damage":0,"enemies":"Cultist","floor":4,"turns":2},{"damage":0,"enemies":"Gremlin Nob","floor":7,"turns":2},{"damage":20,"enemies":"Lagavulin","floor":10,"turns":4},{"damage":0,"enemies":"Red Slaver","floor":11,"turns":2},{"damage":19,"enemies":"3 Sentries","floor":13,"turns":9},{"damage":0,"enemies":"Slime Boss","floor":16,"turns":8},{"damage":0,"enemies":"Spheric Guardian","floor":18,"turns":1},{"damage":9,"enemies":"Shell Parasite","floor":19,"turns":2},{"damage":9,"enemies":"Snake Plant","floor":22,"turns":3},{"damage":15,"enemies":"Book of Stabbing","floor":23,"turns":8},{"damage":76,"enemies":"3 Cultists","floor":28,"turns":8},{"damage":25,"enemies":"Shelled Parasite and Fungi","floor":31,"turns":9},{"damage":35,"enemies":"Champ","floor":33,"turns":15},{"damage":57,"enemies":"3 Darklings","floor":35,"turns":4},{"damage":36,"enemies":"Orb Walker","floor":36,"turns":5},{"damage":11,"enemies":"4 Shapes","floor":37,"turns":6},{"damage":38,"enemies":"Transient","floor":39,"turns":3}],"seed_played":"-1587329427703919197","potions_obtained":[{"floor":1,"key":"SteroidPotion"},{"floor":3,"key":"FearPotion"},{"floor":7,"key":"Regen Potion"},{"floor":11,"key":"Ancient Potion"},{"floor":19,"key":"FairyPotion"},{"floor":28,"key":"SmokeBomb"},{"floor":33,"key":"PowerPotion"}],"is_trial":false,"path_per_floor":["M","?","M","M","?","R","E","R","T","E","M","T","E","$","R","B",null,"M","M","T","?","M","E","R","$","T","R","M","T","$","M","R","B",null,"M","M","M","$","M"],"character_chosen":"IRONCLAD","items_purchased":["Discovery","Armaments","Evolve","Transmutation","Blood Vial"],"campfire_rested":1,"item_purchase_floors":[14,14,25,25,38],"current_hp_per_floor":[70,59,65,71,71,71,75,75,75,61,67,77,78,78,78,84,85,85,85,85,85,85,80,80,80,80,80,19,19,19,18,43,49,76,47,21,20,20,0],"gold":17,"neow_bonus":"ONE_RANDOM_RARE_CARD","is_prod":false,"is_daily":false,"chose_seed":false,"campfire_upgraded":5,"win_rate":0,"timestamp":1551932384,"path_taken":["M","?","M","M","?","R","E","R","T","E","?","?","E","$","R","BOSS","M","M","?","?","?","E","R","$","T","R","M","?","$","?","R","BOSS","M","M","M","$","M"],"build_version":"2019-01-23","purchased_purges":2,"victory":false,"max_hp_per_floor":[75,75,75,75,75,75,75,75,75,75,75,85,85,85,85,85,85,85,85,85,85,85,85,85,85,85,85,85,85,85,85,85,85,85,85,85,85,85,85],"card_choices":[{"not_picked":["Carnage","Ghostly Armor"],"picked":"Power Through","floor":1},{"not_picked":["Corruption","Heavy Blade"],"picked":"Iron Wave","floor":3},{"not_picked":["Warcry","Sword Boomerang"],"picked":"Shrug It Off","floor":4},{"not_picked":["Havoc","Heavy Blade"],"picked":"Shockwave","floor":7},{"not_picked":["Pommel Strike","Iron Wave"],"picked":"Ghostly Armor","floor":10},{"not_picked":["Bloodletting","Cleave"],"picked":"Burning Pact","floor":11},{"not_picked":["Bludgeon","Havoc"],"picked":"Sever Soul","floor":13},{"not_picked":["Bludgeon","Berserk"],"picked":"Reaper","floor":16},{"not_picked":["Burning Pact","Warcry"],"picked":"Thunderclap+1","floor":18},{"not_picked":["Blood for Blood","Clothesline"],"picked":"Feel No Pain","floor":19},{"not_picked":["Clothesline","True Grit"],"picked":"Wild Strike","floor":22},{"not_picked":["Iron Wave","Hemokinesis"],"picked":"Barricade","floor":23},{"not_picked":["Thunderclap","Pommel Strike","Twin Strike"],"picked":"SKIP","floor":28},{"not_picked":["Reaper","Thunderclap+1"],"picked":"Warcry","floor":31},{"not_picked":["Demon Form","Feed"],"picked":"Juggernaut","floor":33},{"not_picked":["Warcry","Heavy Blade"],"picked":"Seeing Red+1","floor":36},{"not_picked":["Wild Strike","Combust"],"picked":"Blood for Blood","floor":37}],"player_experience":1361430,"relics_obtained":[{"floor":7,"key":"Unceasing Top"},{"floor":9,"key":"Art of War"},{"floor":10,"key":"Dead Branch"},{"floor":12,"key":"Pear"},{"floor":13,"key":"Boot"},{"floor":20,"key":"Shuriken"},{"floor":23,"key":"Smiling Mask"},{"floor":26,"key":"Pantograph"},{"floor":29,"key":"Ornamental Fan"},{"floor":34,"key":"Orichalcum"},{"floor":34,"key":"Matryoshka"},{"floor":34,"key":"Nunchaku"}],"event_choices":[{"damage_healed":0,"gold_gain":0,"player_choice":"Success","damage_taken":11,"relics_obtained":["Anchor"],"max_hp_gain":0,"max_hp_loss":0,"event_name":"Scrap Ooze","floor":2,"gold_loss":0},{"damage_healed":0,"gold_gain":0,"player_choice":"Take Wound","damage_taken":0,"relics_obtained":["Golden Idol"],"max_hp_gain":0,"max_hp_loss":0,"event_name":"Golden Idol","floor":5,"gold_loss":0,"cards_obtained":["Injury"]},{"damage_healed":0,"gold_gain":0,"player_choice":"Ignored","damage_taken":0,"max_hp_gain":0,"max_hp_loss":0,"event_name":"N\u0027loth","floor":21,"gold_loss":0}],"is_beta":false,"boss_relics":[{"not_picked":["Runic Pyramid","Coffee Dripper"],"picked":"Black Blood"},{"not_picked":["White Beast Statue","Lizard Tail"],"picked":"Calling Bell"}],"items_purged_floors":[14,25],"is_endless":false,"potions_floor_spawned":[1,3,7,11,19,28,33,35],"killed_by":"Transient","ascension_level":20}