{"gold_per_floor":[114],"floor_reached":1,"playtime":211,"items_purged":[],"score":7,"play_id":"8d87699b-0c9c-40da-bc07-436454c86525","local_time":"20181125211246","daily_mods":["Draft","Green Cards","Night Terrors"],"is_ascension_mode":false,"campfire_choices":[],"neow_cost":"","seed_source_timestamp":0,"circlet_count":0,"master_deck":["Cleave","Seeing Red","Flex","Noxious Fumes","Shrug It Off","Thunderclap","Flame Barrier","Headbutt","Anger","Twin Strike","Flame Barrier","Quick Slash","Endless Agony","Bouncing Flask","Spot Weakness","Pommel Strike"],"special_seed":17861,"relics":["Burning Blood"],"potions_floor_usage":[],"damage_taken":[{"damage":0,"enemies":"Jaw Worm","floor":1,"turns":3}],"seed_played":"2208909226948052385","potions_obtained":[],"is_trial":false,"path_per_floor":["M"],"character_chosen":"IRONCLAD","items_purchased":[],"campfire_rested":0,"item_purchase_floors":[],"current_hp_per_floor":[80],"gold":114,"neow_bonus":"","is_prod":false,"is_daily":true,"chose_seed":false,"campfire_upgraded":0,"win_rate":0,"timestamp":1543194766,"path_taken":["M"],"build_version":"2018-11-15","purchased_purges":0,"victory":false,"max_hp_per_floor":[80],"card_choices":[{"not_picked":["True Grit","Infinite Blades"],"picked":"Cleave","floor":0},{"not_picked":["Clash","Wild Strike"],"picked":"Seeing Red","floor":0},{"not_picked":["Dodge and Roll","Outmaneuver"],"picked":"Flex","floor":0},{"not_picked":["Heel Hook","Cloak And Dagger"],"picked":"Noxious Fumes","floor":0},{"not_picked":["Backflip","Wild Strike"],"picked":"Shrug It Off","floor":0},{"not_picked":["Disarm","All Out Attack"],"picked":"Thunderclap","floor":0},{"not_picked":["Cloak And Dagger","Underhanded Strike"],"picked":"Flame Barrier","floor":0},{"not_picked":["Intimidate","Shockwave"],"picked":"Headbutt","floor":0},{"not_picked":["Bane","Accuracy"],"picked":"Anger","floor":0},{"not_picked":["Sucker Punch","Prepared"],"picked":"Twin Strike","floor":0},{"not_picked":["Expertise","Concentrate"],"picked":"Flame Barrier","floor":0},{"not_picked":["Sucker Punch","Sword Boomerang"],"picked":"Quick Slash","floor":0},{"not_picked":["Thunderclap","Dagger Spray"],"picked":"Endless Agony","floor":0},{"not_picked":["Perfected Strike","True Grit"],"picked":"Bouncing Flask","floor":0},{"not_picked":["Backflip","Clothesline"],"picked":"Spot Weakness","floor":0},{"not_picked":["Wild Strike","Entrench"],"picked":"Pommel Strike","floor":1}],"player_experience":49401,"relics_obtained":[],"event_choices":[],"is_beta":false,"boss_relics":[],"items_purged_floors":[],"is_endless":false,"potions_floor_spawned":[],"killed_by":"Jaw Worm","ascension_level":0}