{"gold_per_floor":[116,130,205,130,142,175,175,207,253,74,108,108,108,127,127,225,225,241,67,67,67,79,79,104,104,157,170,183,183,208,222,222,324,324,339,354,372,372,30,65,65,80,80,80,0,0,49,66,66,66],"floor_reached":51,"playtime":3615,"items_purged":["Strike_R","Defend_R","Defend_R"],"score":839,"play_id":"94893f01-5758-4e37-ab2b-f545e104310a","local_time":"20190316153749","is_ascension_mode":true,"campfire_choices":[{"floor":7,"key":"REST"},{"data":"Bash","floor":13,"key":"SMITH"},{"data":"Spot Weakness","floor":15,"key":"SMITH"},{"data":"Limit Break","floor":23,"key":"SMITH"},{"data":"Sword Boomerang","floor":25,"key":"SMITH"},{"data":"Carnage","floor":32,"key":"SMITH"},{"data":"Bludgeon","floor":44,"key":"SMITH"},{"data":"Warcry","floor":46,"key":"SMITH"},{"data":"Shockwave","floor":49,"key":"SMITH"}],"neow_cost":"NONE","seed_source_timestamp":329097409255427,"circlet_count":0,"master_deck":["Strike_R","Strike_R","Bash+1","Spot Weakness+1","Headbutt","Shrug It Off","Reaper","Shockwave+1","Shrug It Off","Carnage+1","Limit Break+1","Inflame","Shrug It Off","Sword Boomerang+1","Thunderclap","Rage","Shrug It Off","Headbutt+1","Warcry+1","Bludgeon+1","Limit Break+1"],"relics":["Burning Blood","Paper Frog","Omamori","Lantern","Blood Vial","Juzu Bracelet","Busted Crown","Matryoshka","Bag of Preparation","Orichalcum","Boot","Philosopher\u0027s Stone","Potion Belt","Vajra","Toxic Egg 2","Red Mask","Nunchaku"],"potions_floor_usage":[5,6,11,24,30,31,40,47,48,50,50],"damage_taken":[{"damage":15,"enemies":"Cultist","floor":1,"turns":5},{"damage":8,"enemies":"2 Louse","floor":2,"turns":4},{"damage":0,"enemies":"Small Slimes","floor":5,"turns":2},{"damage":35,"enemies":"Gremlin Nob","floor":6,"turns":4},{"damage":27,"enemies":"3 Sentries","floor":8,"turns":6},{"damage":9,"enemies":"Lagavulin","floor":11,"turns":6},{"damage":15,"enemies":"2 Fungi Beasts","floor":14,"turns":3},{"damage":30,"enemies":"Slime Boss","floor":16,"turns":12},{"damage":27,"enemies":"Spheric Guardian","floor":18,"turns":4},{"damage":0,"enemies":"2 Thieves","floor":22,"turns":3},{"damage":20,"enemies":"Book of Stabbing","floor":24,"turns":4},{"damage":12,"enemies":"Snake Plant","floor":27,"turns":3},{"damage":0,"enemies":"3 Cultists","floor":28,"turns":3},{"damage":9,"enemies":"Slavers","floor":30,"turns":2},{"damage":0,"enemies":"Chosen and Byrds","floor":31,"turns":3},{"damage":24,"enemies":"Champ","floor":33,"turns":7},{"damage":1,"enemies":"3 Shapes","floor":35,"turns":2},{"damage":1,"enemies":"Orb Walker","floor":36,"turns":2},{"damage":17,"enemies":"3 Darklings","floor":37,"turns":3},{"damage":8,"enemies":"Giant Head","floor":40,"turns":5},{"damage":6,"enemies":"Sphere and 2 Shapes","floor":42,"turns":3},{"damage":7,"enemies":"2 Orb Walkers","floor":47,"turns":3},{"damage":0,"enemies":"Spire Growth","floor":48,"turns":2},{"damage":37,"enemies":"Awakened One","floor":50,"turns":5}],"seed_played":"4084492370944579015","potions_obtained":[{"floor":1,"key":"Fire Potion"},{"floor":5,"key":"Fire Potion"},{"floor":8,"key":"SkillPotion"},{"floor":18,"key":"Energy Potion"},{"floor":22,"key":"Fire Potion"},{"floor":30,"key":"AttackPotion"},{"floor":33,"key":"AttackPotion"},{"floor":42,"key":"Strength Potion"},{"floor":47,"key":"EssenceOfSteel"},{"floor":48,"key":"SteroidPotion"}],"is_trial":false,"path_per_floor":["M","M","?","$","M","E","R","E","T","$","E","?","R","M","R","B",null,"M","$","?","?","M","R","E","R","T","M","M","?","E","M","R","B",null,"M","M","M","?","$","E","?","M","T","R","?","R","?","M","R","B",null],"character_chosen":"IRONCLAD","items_purchased":["Blood Vial","Shrug It Off","Shrug It Off","Sword Boomerang","Warcry","Bludgeon","SkillPotion"],"campfire_rested":1,"item_purchase_floors":[10,10,19,19,39,39,39],"current_hp_per_floor":[71,69,58,58,64,35,59,75,75,75,74,67,67,60,60,70,80,59,59,59,59,67,67,55,55,55,51,80,80,80,80,80,62,80,80,80,69,69,69,80,80,80,80,80,80,80,80,80,80,49],"gold":66,"neow_bonus":"REMOVE_CARD","is_prod":false,"is_daily":false,"chose_seed":false,"campfire_upgraded":8,"win_rate":0,"timestamp":1552761469,"path_taken":["M","M","?","$","M","E","R","E","T","$","E","?","R","M","R","BOSS","M","$","?","?","M","R","E","R","T","M","M","?","E","M","R","BOSS","M","M","M","?","$","E","?","M","T","R","?","R","?","M","R","BOSS"],"build_version":"2019-01-23","purchased_purges":3,"victory":true,"max_hp_per_floor":[80,80,80,80,80,80,80,80,80,80,80,80,80,80,80,80,80,80,80,80,80,80,80,80,80,80,80,80,80,80,80,80,80,80,80,80,80,80,80,80,80,80,80,80,80,80,80,80,80,80],"card_choices":[{"not_picked":["Rage","Wild Strike"],"picked":"Spot Weakness","floor":1},{"not_picked":["Pommel Strike","Searing Blow"],"picked":"Headbutt","floor":2},{"not_picked":["Seeing Red","Armaments"],"picked":"Shrug It Off","floor":5},{"not_picked":["Uppercut","Flex"],"picked":"Reaper","floor":6},{"not_picked":["Body Slam","Second Wind"],"picked":"Shockwave","floor":8},{"not_picked":["Sentinel","Twin Strike"],"picked":"Carnage","floor":11},{"not_picked":["Blood for Blood","Havoc","Burning Pact"],"picked":"SKIP","floor":14},{"not_picked":["Impervious","Barricade"],"picked":"Limit Break","floor":16},{"not_picked":[],"picked":"Inflame","floor":18},{"not_picked":["Anger+1"],"picked":"SKIP","floor":22},{"not_picked":[],"picked":"Shrug It Off","floor":24},{"not_picked":["Iron Wave"],"picked":"SKIP","floor":27},{"not_picked":["Twin Strike"],"picked":"SKIP","floor":28},{"not_picked":["Anger"],"picked":"SKIP","floor":30},{"not_picked":["Clash"],"picked":"SKIP","floor":31},{"not_picked":["Wild Strike"],"picked":"SKIP","floor":35},{"not_picked":["Flex+1"],"picked":"SKIP","floor":36},{"not_picked":[],"picked":"Headbutt+1","floor":37},{"not_picked":["Infernal Blade"],"picked":"SKIP","floor":40},{"not_picked":["Searing Blow+1"],"picked":"SKIP","floor":42},{"not_picked":["Corruption+1"],"picked":"SKIP","floor":48}],"player_experience":198635,"relics_obtained":[{"floor":6,"key":"Paper Frog"},{"floor":8,"key":"Omamori"},{"floor":9,"key":"Lantern"},{"floor":11,"key":"Juzu Bracelet"},{"floor":24,"key":"Matryoshka"},{"floor":26,"key":"Bag of Preparation"},{"floor":26,"key":"Orichalcum"},{"floor":30,"key":"Boot"},{"floor":40,"key":"Potion Belt"},{"floor":43,"key":"Vajra"},{"floor":43,"key":"Toxic Egg 2"},{"floor":47,"key":"Nunchaku"}],"event_choices":[{"damage_healed":0,"gold_gain":75,"player_choice":"Gather Gold","damage_taken":11,"max_hp_gain":0,"max_hp_loss":0,"event_name":"World of Goop","floor":3,"gold_loss":0},{"cards_removed":["Defend_R"],"damage_healed":0,"gold_gain":0,"player_choice":"Card Removal","damage_taken":7,"max_hp_gain":0,"max_hp_loss":0,"event_name":"Golden Wing","floor":12,"gold_loss":0},{"damage_healed":0,"gold_gain":0,"cards_transformed":["Strike_R","Defend_R"],"player_choice":"Became Test Subject","damage_taken":0,"max_hp_gain":0,"max_hp_loss":0,"event_name":"Drug Dealer","floor":20,"gold_loss":0,"cards_obtained":["Thunderclap","Rage"]},{"damage_healed":0,"gold_gain":0,"player_choice":"0 cards matched","damage_taken":0,"max_hp_gain":0,"max_hp_loss":0,"event_name":"Match and Keep!","floor":21,"gold_loss":0,"cards_obtained":[]},{"damage_healed":0,"gold_gain":0,"player_choice":"Ignored","damage_taken":0,"max_hp_gain":0,"max_hp_loss":0,"event_name":"Ghosts","floor":29,"gold_loss":0},{"damage_healed":0,"gold_gain":0,"player_choice":"Memory 1","damage_taken":0,"max_hp_gain":0,"max_hp_loss":0,"event_name":"SensoryStone","floor":38,"gold_loss":0},{"damage_healed":0,"gold_gain":0,"player_choice":"Copied","damage_taken":0,"max_hp_gain":0,"max_hp_loss":0,"event_name":"Duplicator","floor":41,"gold_loss":0,"cards_obtained":["Limit Break"]},{"damage_healed":0,"gold_gain":0,"player_choice":"Paid","damage_taken":0,"relics_obtained":["Red Mask"],"max_hp_gain":0,"max_hp_loss":0,"event_name":"Tomb of Lord Red Mask","floor":45,"gold_loss":80},{"damage_healed":0,"gold_gain":0,"player_choice":"Fight","damage_taken":0,"max_hp_gain":0,"max_hp_loss":0,"event_name":"Mysterious Sphere","floor":47,"gold_loss":0}],"is_beta":false,"boss_relics":[{"not_picked":["Runic Dome","Runic Pyramid"],"picked":"Busted Crown"},{"not_picked":["Black Star","Black Blood"],"picked":"Philosopher\u0027s Stone"}],"items_purged_floors":[4,19,39],"is_endless":false,"potions_floor_spawned":[1,5,8,18,22,30,33,42,47,48],"ascension_level":3}