{"gold_per_floor":[15,28,38,38,38,72,72,66,111,127,127,158,179,204,204,329,329,344,269,368,387,387,387,387],"floor_reached":24,"playtime":2454,"items_purged":[],"score":208,"play_id":"1ef8dbb7-5ad8-4a26-9e93-553671161329","local_time":"20190316180132","is_ascension_mode":false,"campfire_choices":[{"data":"Dagger Spray","floor":7,"key":"SMITH"},{"data":"Bouncing Flask","floor":15,"key":"SMITH"},{"data":"Noxious Fumes","floor":23,"key":"SMITH"}],"neow_cost":"NO_GOLD","seed_source_timestamp":258520248608294,"circlet_count":0,"master_deck":["Defend_G","Defend_G","Defend_G","Defend_G","Survivor","Neutralize","Dagger Throw","Deadly Poison","Dagger Spray+1","Poisoned Stab","PiercingWail","Blur","Decay","Predator","Bouncing Flask+1","Burst","Dagger Throw+1","Blade Dance+1","Bouncing Flask+1","Noxious Fumes+1"],"relics":["Ring of the Snake","Golden Idol","Kunai","Strawberry","Astrolabe","FaceOfCleric"],"potions_floor_usage":[6,12,16,24,24],"damage_taken":[{"damage":0,"enemies":"2 Louse","floor":1,"turns":5},{"damage":2,"enemies":"Jaw Worm","floor":2,"turns":6},{"damage":0,"enemies":"Small Slimes","floor":3,"turns":5},{"damage":7,"enemies":"Gremlin Nob","floor":6,"turns":5},{"damage":2,"enemies":"Exordium Thugs","floor":8,"turns":5},{"damage":0,"enemies":"2 Fungi Beasts","floor":10,"turns":3},{"damage":32,"enemies":"Lagavulin","floor":12,"turns":9},{"damage":2,"enemies":"Blue Slaver","floor":13,"turns":5},{"damage":1,"enemies":"Gremlin Gang","floor":14,"turns":4},{"damage":31,"enemies":"Hexaghost","floor":16,"turns":10},{"damage":29,"enemies":"2 Thieves","floor":18,"turns":4},{"damage":2,"enemies":"3 Byrds","floor":21,"turns":4},{"damage":49,"enemies":"Slavers","floor":24,"turns":4}],"seed_played":"8368754521442159257","potions_obtained":[{"floor":1,"key":"SneckoOil"},{"floor":2,"key":"EssenceOfSteel"},{"floor":8,"key":"Ancient Potion"},{"floor":13,"key":"Block Potion"},{"floor":16,"key":"LiquidBronze"},{"floor":18,"key":"Poison Potion"}],"is_trial":false,"path_per_floor":["M","M","M","?","?","E","R","M","T","M","?","E","M","M","R","B",null,"M","?","?","M","?","R","E"],"character_chosen":"THE_SILENT","items_purchased":[],"campfire_rested":0,"item_purchase_floors":[],"current_hp_per_floor":[70,68,68,65,70,63,63,61,61,61,61,36,34,33,33,2,77,48,48,48,46,46,46,0],"gold":387,"neow_bonus":"REMOVE_TWO","is_prod":false,"is_daily":false,"chose_seed":false,"campfire_upgraded":3,"win_rate":0,"timestamp":1552777292,"path_taken":["M","M","M","?","?","E","R","M","T","M","?","E","M","M","R","BOSS","M","?","?","M","?","R","E"],"build_version":"2019-01-23","purchased_purges":0,"victory":false,"max_hp_per_floor":[70,70,70,65,70,70,70,70,70,70,70,77,77,77,77,77,77,77,77,77,77,77,77,77],"card_choices":[{"not_picked":["Prepared","Flechettes"],"picked":"Dagger Throw","floor":1},{"not_picked":["Eviscerate","Prepared"],"picked":"Deadly Poison","floor":2},{"not_picked":["Choke","Calculated Gamble"],"picked":"Dagger Spray","floor":3},{"not_picked":["Deflect","All Out Attack"],"picked":"Poisoned Stab","floor":6},{"not_picked":["Heel Hook","Bane"],"picked":"PiercingWail","floor":8},{"not_picked":["Deflect","Infinite Blades"],"picked":"Blur","floor":10},{"not_picked":["Escape Plan","Die Die Die"],"picked":"Predator","floor":12},{"not_picked":["Poisoned Stab","Riddle With Holes"],"picked":"Bouncing Flask","floor":13},{"not_picked":["Riddle With Holes","Prepared","Sucker Punch"],"picked":"SKIP","floor":14},{"not_picked":["Malaise","Wraith Form v2"],"picked":"Burst","floor":16},{"not_picked":["Dagger Spray+1","Infinite Blades+1","Poisoned Stab"],"picked":"SKIP","floor":18},{"not_picked":["Prepared+1","Deadly Poison+1"],"picked":"Noxious Fumes","floor":21}],"player_experience":37067,"relics_obtained":[{"floor":6,"key":"Kunai"},{"floor":12,"key":"Strawberry"}],"event_choices":[{"damage_healed":0,"gold_gain":0,"player_choice":"Lose Max HP","damage_taken":0,"relics_obtained":["Golden Idol"],"max_hp_gain":0,"max_hp_loss":5,"event_name":"Golden Idol","floor":4,"gold_loss":0},{"damage_healed":0,"gold_gain":0,"player_choice":"Donut","damage_taken":0,"max_hp_gain":5,"max_hp_loss":0,"event_name":"Big Fish","floor":5,"gold_loss":0},{"damage_healed":0,"gold_gain":0,"player_choice":"Cursed","damage_taken":0,"max_hp_gain":0,"max_hp_loss":0,"event_name":"Wheel of Change","floor":11,"gold_loss":0,"cards_obtained":["Decay"]},{"cards_removed":["Defend_G"],"damage_healed":0,"gold_gain":0,"player_choice":"Gave Gold","damage_taken":0,"max_hp_gain":0,"max_hp_loss":0,"event_name":"Beggar","floor":19,"gold_loss":75},{"damage_healed":0,"gold_gain":99,"player_choice":"Stole From Cult","damage_taken":0,"max_hp_gain":0,"max_hp_loss":0,"event_name":"Nest","floor":20,"gold_loss":0},{"damage_healed":0,"gold_gain":0,"player_choice":"Trade","damage_taken":0,"relics_obtained":["FaceOfCleric"],"max_hp_gain":0,"max_hp_loss":0,"event_name":"FaceTrader","floor":22,"gold_loss":0}],"is_beta":false,"boss_relics":[{"not_picked":["Velvet Choker","Ring of the Serpent"],"picked":"Astrolabe"}],"items_purged_floors":[],"is_endless":false,"potions_floor_spawned":[1,2,8,13,16,18],"killed_by":"Slavers","ascension_level":0}