{"gold_per_floor":[119,44,59,76,76,104,116,116,116,116,134,150,175,175,175,251,251,269,282,282,35,50,50,85,85,108,178,190,229,141,141],"floor_reached":31,"playtime":2924,"items_purged":["Strike_G","Defend_G"],"score":555,"play_id":"0ad44e4a-40c7-479e-bb6e-ce413d85df18","local_time":"20190212222808","is_ascension_mode":true,"campfire_choices":[{"floor":8,"key":"REST"},{"floor":10,"key":"REST"},{"floor":15,"key":"REST"},{"floor":23,"key":"REST"},{"floor":25,"key":"REST"},{"floor":28,"key":"REST"}],"neow_cost":"NONE","seed_source_timestamp":2171404115032594,"circlet_count":0,"master_deck":["AscendersBane","Defend_G","Defend_G","Defend_G","Strike_G","Strike_G","Strike_G","Strike_G","Survivor","Neutralize","Dodge and Roll","Dagger Spray","Dodge and Roll","Dash","Malaise","Footwork+1","Backflip","Tactician","Tools of the Trade+1","Noxious Fumes+1","Blade Dance","Accuracy+1","Footwork+1","Well Laid Plans+1","Underhanded Strike","Distraction","Escape Plan","Mayhem+1","A Thousand Cuts+1","Blade Dance","Noxious Fumes+1","Accuracy+1"],"relics":["Ring of the Snake","NeowsBlessing","Bag of Preparation","Mango","Frozen Egg 2","Ninja Scroll","Orrery","Shuriken","MawBank","Tiny Chest","Ancient Tea Set"],"potions_floor_usage":[6,11,13,13,22,24,31],"damage_taken":[{"damage":0,"enemies":"Cultist","floor":1,"turns":1},{"damage":0,"enemies":"Jaw Worm","floor":3,"turns":1},{"damage":0,"enemies":"Small Slimes","floor":4,"turns":1},{"damage":26,"enemies":"3 Sentries","floor":6,"turns":9},{"damage":27,"enemies":"Exordium Thugs","floor":7,"turns":7},{"damage":14,"enemies":"Gremlin Gang","floor":11,"turns":3},{"damage":4,"enemies":"Exordium Wildlife","floor":12,"turns":9},{"damage":6,"enemies":"Lagavulin","floor":13,"turns":10},{"damage":46,"enemies":"The Guardian","floor":16,"turns":28},{"damage":15,"enemies":"Chosen","floor":18,"turns":7},{"damage":3,"enemies":"Shell Parasite","floor":19,"turns":7},{"damage":17,"enemies":"Snake Plant","floor":22,"turns":6},{"damage":33,"enemies":"Gremlin Leader","floor":24,"turns":8},{"damage":32,"enemies":"Book of Stabbing","floor":27,"turns":7},{"damage":25,"enemies":"Gremlin Leader","floor":29,"turns":6},{"damage":25,"enemies":"Sentry and Sphere","floor":31,"turns":3}],"seed_played":"5859312465700185452","potions_obtained":[{"floor":4,"key":"Swift Potion"},{"floor":7,"key":"PowerPotion"},{"floor":11,"key":"Ancient Potion"},{"floor":12,"key":"AttackPotion"},{"floor":18,"key":"Weak Potion"},{"floor":24,"key":"Fruit Juice"},{"floor":29,"key":"Ancient Potion"}],"is_trial":false,"path_per_floor":["M","$","M","M","?","E","M","R","T","R","M","M","E","?","R","B",null,"M","M","?","$","M","R","E","R","T","E","R","E","$","M"],"character_chosen":"THE_SILENT","items_purchased":["Mayhem+1","A Thousand Cuts+1"],"campfire_rested":6,"item_purchase_floors":[21,21],"current_hp_per_floor":[59,59,59,59,41,29,2,26,26,50,36,32,26,26,50,4,61,46,43,43,43,26,50,22,47,47,15,40,15,15,0],"gold":141,"neow_bonus":"THREE_ENEMY_KILL","is_prod":false,"is_daily":false,"chose_seed":false,"campfire_upgraded":0,"win_rate":0,"timestamp":1550035688,"path_taken":["M","$","M","?","?","E","M","R","T","R","M","M","E","?","R","BOSS","M","M","?","$","M","R","E","R","T","E","R","E","?","M"],"build_version":"2019-01-23","purchased_purges":2,"victory":false,"max_hp_per_floor":[66,66,66,66,66,80,80,80,80,80,80,80,80,80,80,80,80,80,80,80,80,80,80,85,85,85,85,85,85,85,85],"card_choices":[{"not_picked":["Slice","Deadly Poison"],"picked":"Dodge and Roll","floor":1},{"not_picked":["Dodge and Roll","Quick Slash"],"picked":"Dagger Spray","floor":3},{"not_picked":["Underhanded Strike","Bane"],"picked":"Dodge and Roll","floor":4},{"not_picked":["Sucker Punch","Underhanded Strike"],"picked":"Dash","floor":6},{"not_picked":["Heel Hook","Dagger Spray"],"picked":"Malaise","floor":7},{"not_picked":["Deadly Poison","PiercingWail"],"picked":"Footwork+1","floor":11},{"not_picked":["Blade Dance","Leg Sweep"],"picked":"Backflip","floor":12},{"not_picked":["Leg Sweep","Dagger Spray"],"picked":"Tactician","floor":13},{"not_picked":["Doppelganger","Night Terror"],"picked":"Tools of the Trade+1","floor":16},{"not_picked":["Sucker Punch","Flying Knee"],"picked":"Noxious Fumes+1","floor":17},{"not_picked":["Endless Agony","Expertise"],"picked":"Blade Dance","floor":17},{"not_picked":["Finisher","Backflip"],"picked":"Accuracy+1","floor":17},{"not_picked":["Escape Plan","Flechettes"],"picked":"Footwork+1","floor":17},{"not_picked":["Dagger Throw","Dagger Spray"],"picked":"Well Laid Plans+1","floor":17},{"not_picked":["Poisoned Stab","Outmaneuver"],"picked":"Underhanded Strike","floor":18},{"not_picked":["Choke","Acrobatics"],"picked":"Distraction","floor":19},{"not_picked":["Terror","Bane+1"],"picked":"Blade Dance","floor":22},{"not_picked":["Outmaneuver","Sucker Punch","PiercingWail"],"picked":"SKIP","floor":24},{"not_picked":["Riddle With Holes","Dagger Throw"],"picked":"Noxious Fumes+1","floor":27},{"not_picked":["Acrobatics","Sucker Punch"],"picked":"Accuracy+1","floor":29}],"player_experience":1089978,"relics_obtained":[{"floor":6,"key":"Mango"},{"floor":9,"key":"Frozen Egg 2"},{"floor":13,"key":"Ninja Scroll"},{"floor":24,"key":"Shuriken"},{"floor":26,"key":"MawBank"},{"floor":27,"key":"Tiny Chest"},{"floor":29,"key":"Ancient Tea Set"}],"event_choices":[{"damage_healed":0,"gold_gain":0,"player_choice":"Success","damage_taken":18,"relics_obtained":["Bag of Preparation"],"max_hp_gain":0,"max_hp_loss":0,"event_name":"Scrap Ooze","floor":5,"gold_loss":0},{"damage_healed":0,"gold_gain":0,"player_choice":"Ignored","damage_taken":0,"max_hp_gain":0,"max_hp_loss":0,"event_name":"Liars Game","floor":14,"gold_loss":0},{"damage_healed":0,"gold_gain":0,"cards_transformed":["Defend_G"],"player_choice":"Transformed","damage_taken":0,"max_hp_gain":0,"max_hp_loss":0,"event_name":"Transmorgrifier","floor":20,"gold_loss":0,"cards_obtained":["Escape Plan"]}],"is_beta":false,"boss_relics":[{"not_picked":["Lizard Tail","Coffee Dripper"],"picked":"Orrery"}],"items_purged_floors":[2,30],"is_endless":false,"potions_floor_spawned":[4,7,11,12,18,24,29],"killed_by":"Sentry and Sphere","ascension_level":15}