{"gold_per_floor":[117,42,61,61,136,136,152,152,152,172,185,185,185],"floor_reached":13,"playtime":520,"items_purged":["Strike_R"],"score":139,"play_id":"12447ba3-9e9a-47db-b3d1-45901161e253","local_time":"20190217095009","is_ascension_mode":true,"campfire_choices":[{"floor":6,"key":"REST"},{"data":"Feel No Pain","floor":8,"key":"SMITH"},{"data":"Barricade","floor":12,"key":"SMITH"}],"neow_cost":"NONE","seed_source_timestamp":149915731656520,"circlet_count":0,"master_deck":["AscendersBane","Strike_R","Strike_R","Strike_R","Strike_R","Defend_R","Defend_R","Defend_R","Defend_R","Bash+1","Body Slam","Reckless Charge","Feel No Pain+1","Barricade+1","Feel No Pain"],"relics":["Burning Blood","Golden Idol","Singing Bowl"],"potions_floor_usage":[13],"damage_taken":[{"damage":6,"enemies":"Jaw Worm","floor":1,"turns":4},{"damage":0,"enemies":"Small Slimes","floor":3,"turns":3},{"damage":10,"enemies":"2 Louse","floor":7,"turns":2},{"damage":18,"enemies":"2 Fungi Beasts","floor":10,"turns":5},{"damage":21,"enemies":"Large Slime","floor":11,"turns":10},{"damage":47,"enemies":"Gremlin Nob","floor":13,"turns":5}],"seed_played":"-213602624695124454","potions_obtained":[{"floor":7,"key":"EssenceOfSteel"}],"is_trial":false,"path_per_floor":["M","$","M","?","?","R","M","R","T","M","M","R","E"],"character_chosen":"IRONCLAD","items_purchased":[],"campfire_rested":1,"item_purchase_floors":[],"current_hp_per_floor":[68,68,74,48,37,59,55,55,55,43,28,28,0],"gold":185,"neow_bonus":"UPGRADE_CARD","is_prod":false,"is_daily":false,"chose_seed":false,"campfire_upgraded":2,"win_rate":0,"timestamp":1550422209,"path_taken":["M","$","M","?","?","R","M","R","T","M","M","R","E"],"build_version":"2019-01-23","purchased_purges":1,"victory":false,"max_hp_per_floor":[75,75,75,75,75,75,75,75,75,75,75,75,75],"card_choices":[{"not_picked":["Warcry","Disarm"],"picked":"Body Slam","floor":1},{"not_picked":["Havoc","Sever Soul"],"picked":"Reckless Charge","floor":3},{"not_picked":["Clothesline","Shrug It Off"],"picked":"Feel No Pain","floor":7},{"not_picked":["Iron Wave","Shrug It Off"],"picked":"Barricade","floor":10},{"not_picked":["Flame Barrier","Disarm"],"picked":"Feel No Pain","floor":11}],"player_experience":1137631,"relics_obtained":[{"floor":9,"key":"Singing Bowl"}],"event_choices":[{"damage_healed":0,"gold_gain":0,"player_choice":"Take Damage","damage_taken":26,"relics_obtained":["Golden Idol"],"max_hp_gain":0,"max_hp_loss":0,"event_name":"Golden Idol","floor":4,"gold_loss":0},{"damage_healed":0,"gold_gain":75,"player_choice":"Gather Gold","damage_taken":11,"max_hp_gain":0,"max_hp_loss":0,"event_name":"World of Goop","floor":5,"gold_loss":0}],"is_beta":false,"boss_relics":[],"items_purged_floors":[2],"is_endless":false,"potions_floor_spawned":[7],"killed_by":"Gremlin Nob","ascension_level":17}