{"gold_per_floor":[109,119,131,146,321,321,347,347,347,347],"floor_reached":10,"playtime":792,"items_purged":[],"score":68,"play_id":"82ebf998-3f52-42ba-9948-0f93fd146e82","local_time":"20190316155037","is_ascension_mode":false,"campfire_choices":[{"data":"Defragment","floor":6,"key":"SMITH"}],"neow_cost":"NONE","seed_source_timestamp":252328057011626,"circlet_count":0,"master_deck":["Strike_B","Strike_B","Strike_B","Strike_B","Defend_B","Defend_B","Defend_B","Defend_B","Zap","Dualcast","Auto Shields","Defragment+1","White Noise","Ball Lightning","Doubt","Hologram"],"relics":["Cracked Core","Ancient Tea Set","Golden Idol"],"potions_floor_usage":[7],"damage_taken":[{"damage":5,"enemies":"Small Slimes","floor":1,"turns":3},{"damage":11,"enemies":"Jaw Worm","floor":2,"turns":3},{"damage":0,"enemies":"2 Louse","floor":3,"turns":4},{"damage":21,"enemies":"Large Slime","floor":4,"turns":7},{"damage":40,"enemies":"Lagavulin","floor":7,"turns":6},{"damage":5,"enemies":"Lots of Slimes","floor":10,"turns":1}],"seed_played":"-2998128997309954468","potions_obtained":[{"floor":1,"key":"SmokeBomb"},{"floor":2,"key":"Poison Potion"}],"is_trial":false,"path_per_floor":["M","M","M","M","?","R","E","?","T","M"],"character_chosen":"DEFECT","items_purchased":[],"campfire_rested":0,"item_purchase_floors":[],"current_hp_per_floor":[77,66,66,45,45,45,5,5,5,0],"gold":347,"neow_bonus":"TEN_PERCENT_HP_BONUS","is_prod":false,"is_daily":false,"chose_seed":false,"campfire_upgraded":1,"win_rate":0,"timestamp":1552769437,"path_taken":["M","M","M","M","?","R","E","?","T","M"],"build_version":"2019-01-23","purchased_purges":0,"victory":false,"max_hp_per_floor":[82,82,82,82,82,82,82,76,76,76],"card_choices":[{"not_picked":["Skim","Barrage"],"picked":"Auto Shields","floor":1},{"not_picked":["Conserve Battery","Compile Driver"],"picked":"Defragment","floor":2},{"not_picked":["Leap","Beam Cell"],"picked":"White Noise","floor":3},{"not_picked":["Conserve Battery","Aggregate"],"picked":"Ball Lightning","floor":4},{"not_picked":["Blizzard","Reinforced Body"],"picked":"Hologram","floor":7}],"player_experience":30936,"relics_obtained":[{"floor":7,"key":"Ancient Tea Set"}],"event_choices":[{"damage_healed":0,"gold_gain":175,"player_choice":"AGREE","damage_taken":0,"max_hp_gain":0,"max_hp_loss":0,"event_name":"Liars Game","floor":5,"gold_loss":0,"cards_obtained":["Doubt"]},{"damage_healed":0,"gold_gain":0,"player_choice":"Lose Max HP","damage_taken":0,"relics_obtained":["Golden Idol"],"max_hp_gain":0,"max_hp_loss":6,"event_name":"Golden Idol","floor":8,"gold_loss":0}],"is_beta":false,"boss_relics":[],"items_purged_floors":[],"is_endless":false,"potions_floor_spawned":[1,2],"killed_by":"Lots of Slimes","ascension_level":0}