{"path_per_floor":["M","M","M","$","?","E","R","$","T","M","E","R","$","?","R","B",null,"M","M","$","M","M","R","E","R","T","E","M","M","R","?","R"],"character_chosen":"DEFECT","items_purchased":["Cold Snap"],"gold_per_floor":[113,125,140,65,65,93,93,93,93,104,129,129,29,29,29,133,133,149,161,9,27,46,46,80,80,80,107,123,137,137,62,62,62],"floor_reached":33,"campfire_rested":6,"playtime":2024,"item_purchase_floors":[20],"current_hp_per_floor":[66,66,54,54,54,19,41,41,41,45,22,44,44,44,66,20,61,38,39,39,50,23,45,22,44,44,12,14,14,36,36,36,0],"items_purged":["Strike_B","Strike_B","Strike_B"],"gold":62,"score":413,"play_id":"976567d6-ff71-40a9-bd8b-1cc7164f3c5a","local_time":"20180520191500","is_prod":false,"is_daily":false,"chose_seed":false,"is_ascension_mode":true,"campfire_upgraded":1,"timestamp":1526865300,"campfire_choices":[{"floor":7,"key":"REST"},{"floor":12,"key":"REST"},{"floor":15,"key":"REST"},{"floor":23,"key":"REST"},{"floor":25,"key":"REST"},{"floor":30,"key":"REST"},{"data":"Storm","floor":32,"key":"SMITH"}],"path_taken":["M","M","M","$","?","E","R","$","T","M","E","R","$","?","R","BOSS","M","M","$","?","M","R","E","R","T","E","M","M","R","?","R","BOSS"],"build_version":"2018-05-18","seed_source_timestamp":943474940655183,"purchased_purges":3,"victory":false,"master_deck":["Defend_B","Defend_B","Defend_B","Zap+1","Dualcast","Blizzard","Scrape","Streamline","Barrage","Self Repair","Storm+1","Storm","Electrodynamics","Glacier","Redo","Cold Snap","Reinforced Body+1","Cold Snap+1","Force Field","All For One"],"max_hp_per_floor":[75,75,75,75,75,75,75,75,75,75,75,75,75,75,75,75,75,75,75,75,75,75,75,75,75,75,75,75,75,75,75,75,75],"relics":["Cracked Core","Shuriken","Pen Nib","Cables","Nuclear Battery","Peace Pipe","Bottled Tornado","Pantograph"],"card_choices":[{"not_picked":["Cold Snap","Sweeping Beam"],"picked":"Blizzard","floor":1},{"not_picked":["Beam Cell","Streamline"],"picked":"Scrape","floor":2},{"not_picked":["Undo","Axe Kick"],"picked":"Streamline","floor":3},{"not_picked":["Storm","Stack"],"picked":"Self Repair","floor":6},{"not_picked":["Melter","Reprogram"],"picked":"Storm","floor":10},{"not_picked":["Melter","Fission"],"picked":"Storm","floor":11},{"not_picked":["Echo Form","Nova"],"picked":"Electrodynamics","floor":16},{"not_picked":["Ball Lightning+1","Lockon"],"picked":"Glacier","floor":18},{"not_picked":["Double Energy+1","Consume+1"],"picked":"Redo","floor":19},{"not_picked":["Axe Kick","Scrape"],"picked":"Reinforced Body+1","floor":21},{"not_picked":["Recycle","Coolheaded"],"picked":"Cold Snap+1","floor":22},{"not_picked":["Genetic Algorithm+1","Stack+1"],"picked":"Force Field","floor":24},{"not_picked":["Ball Lightning+1","Skim","Turbo"],"picked":"SKIP","floor":27},{"not_picked":["Ball Lightning","Cold Snap","Streamline"],"picked":"SKIP","floor":28},{"not_picked":["Ball Lightning","Lockon"],"picked":"All For One","floor":29}],"player_experience":144290,"potions_floor_usage":[11,16,21,24,27],"damage_taken":[{"damage":2,"enemies":"2 Louse","floor":1,"turns":2},{"damage":0,"enemies":"Cultist","floor":2,"turns":3},{"damage":12,"enemies":"Jaw Worm","floor":3,"turns":2},{"damage":35,"enemies":"3 Sentries","floor":6,"turns":6},{"damage":3,"enemies":"3 Louse","floor":10,"turns":2},{"damage":30,"enemies":"Lagavulin","floor":11,"turns":5},{"damage":53,"enemies":"Hexaghost","floor":16,"turns":8},{"damage":30,"enemies":"3 Byrds","floor":18,"turns":4},{"damage":6,"enemies":"Chosen","floor":19,"turns":4},{"damage":10,"enemies":"Centurion and Healer","floor":21,"turns":5},{"damage":27,"enemies":"Snake Plant","floor":22,"turns":5},{"damage":30,"enemies":"Slavers","floor":24,"turns":5},{"damage":39,"enemies":"Book of Stabbing","floor":27,"turns":6},{"damage":5,"enemies":"Snecko","floor":28,"turns":5},{"damage":7,"enemies":"Centurion and Healer","floor":29,"turns":10},{"damage":70,"enemies":"Champ","floor":33,"turns":10}],"relics_obtained":[{"floor":6,"key":"Shuriken"},{"floor":9,"key":"Pen Nib"},{"floor":11,"key":"Cables"},{"floor":24,"key":"Peace Pipe"},{"floor":26,"key":"Bottled Tornado"},{"floor":27,"key":"Pantograph"}],"event_choices":[{"event_name":"Transmorgrifier","player_choice":"Transform","floor":5,"damage_taken":0},{"event_name":"The Cleric","player_choice":"Leave","floor":14,"damage_taken":0},{"event_name":"Beggar","player_choice":"Gave Gold","floor":31,"damage_taken":0}],"boss_relics":[{"not_picked":["Philosopher\u0027s Stone","Cursed Key"],"picked":"Nuclear Battery"}],"items_purged_floors":[4,13,20],"potions_floor_spawned":[3,10,16,19,22,24],"seed_played":"-2695912043069847671","killed_by":"Champ","ascension_level":8,"potions_obtained":[{"floor":3,"key":"Strength Potion"},{"floor":10,"key":"Swift Potion"},{"floor":16,"key":"SpeedPotion"},{"floor":19,"key":"Regen Potion"},{"floor":22,"key":"EssenceOfSteel"},{"floor":24,"key":"FocusPotion"}],"is_trial":false}