{"gold_per_floor":[111,122,11,11,11,11,42,60,60,60,78,94,104,131,131,210,210,224,236,249,266,15,15,15,15,61,61],"floor_reached":27,"playtime":2107,"items_purged":["Strike_R"],"score":588,"play_id":"4bd2f25a-8cbc-444a-872e-f97f88275213","local_time":"20190223184206","is_ascension_mode":true,"campfire_choices":[{"data":"Rage","floor":6,"key":"SMITH"},{"data":"Metallicize","floor":10,"key":"SMITH"},{"data":"Metallicize","floor":15,"key":"SMITH"},{"floor":23,"key":"REST"},{"floor":25,"key":"REST"}],"neow_cost":"NONE","seed_source_timestamp":85485489197320,"circlet_count":0,"master_deck":["AscendersBane","Strike_R","Strike_R","Strike_R","Strike_R","Defend_R","Defend_R","Defend_R","Defend_R","Bash","Rage+1","Disarm","Metallicize+1","Pain","Entrench","Flame Barrier","Iron Wave","Metallicize+1","Anger","Rupture","Immolate","Parasite","Injury","Normality","Feel No Pain","Corruption","Searing Blow+1","Iron Wave+1","Jack Of All Trades+1"],"relics":["Burning Blood","NeowsBlessing","WarpedTongs","Kunai","Orichalcum","Du-Vu Doll","Calling Bell","Oddly Smooth Stone","Molten Egg 2","Champion Belt","Anchor","Potion Belt"],"potions_floor_usage":[11,12,13,14,18,21,21],"damage_taken":[{"damage":0,"enemies":"Jaw Worm","floor":1,"turns":1},{"damage":0,"enemies":"Cultist","floor":2,"turns":1},{"damage":4,"enemies":"3 Sentries","floor":7,"turns":3},{"damage":3,"enemies":"2 Louse","floor":8,"turns":3},{"damage":12,"enemies":"Gremlin Gang","floor":11,"turns":7},{"damage":4,"enemies":"Blue Slaver","floor":12,"turns":6},{"damage":0,"enemies":"3 Louse","floor":13,"turns":1},{"damage":32,"enemies":"Gremlin Nob","floor":14,"turns":8},{"damage":35,"enemies":"Slime Boss","floor":16,"turns":13},{"damage":22,"enemies":"Spheric Guardian","floor":18,"turns":4},{"damage":18,"enemies":"Chosen","floor":19,"turns":8},{"damage":25,"enemies":"Shelled Parasite and Fungi","floor":20,"turns":9},{"damage":11,"enemies":"Snake Plant","floor":21,"turns":8},{"damage":58,"enemies":"Gremlin Leader","floor":27,"turns":7}],"seed_played":"1815782261140911961","potions_obtained":[{"floor":1,"key":"Block Potion"},{"floor":8,"key":"BloodPotion"},{"floor":11,"key":"Explosive Potion"},{"floor":12,"key":"EssenceOfSteel"},{"floor":16,"key":"SkillPotion"},{"floor":19,"key":"GamblersBrew"},{"floor":20,"key":"EssenceOfSteel"}],"is_trial":false,"path_per_floor":["M","M","$","?","$","R","E","M","T","R","M","M","M","E","R","B",null,"M","M","M","M","$","R","?","R","T","E"],"character_chosen":"IRONCLAD","items_purchased":["Metallicize","Anchor","Jack Of All Trades"],"campfire_rested":2,"item_purchase_floors":[3,22,22],"current_hp_per_floor":[74,75,75,75,75,75,75,75,75,75,69,75,75,49,49,20,61,45,33,14,9,9,31,31,53,53,0],"gold":61,"neow_bonus":"THREE_ENEMY_KILL","is_prod":false,"is_daily":false,"chose_seed":false,"campfire_upgraded":3,"win_rate":0,"timestamp":1550972526,"path_taken":["M","M","$","?","?","R","E","M","T","R","?","M","M","E","R","BOSS","M","M","M","M","$","R","?","R","T","E"],"build_version":"2019-01-23","purchased_purges":1,"victory":false,"max_hp_per_floor":[75,75,75,75,75,75,75,75,75,75,75,75,75,75,75,75,75,75,75,75,75,75,75,75,75,75,75],"card_choices":[{"not_picked":["Hemokinesis","Power Through"],"picked":"Rage","floor":1},{"not_picked":["Perfected Strike","True Grit"],"picked":"Disarm","floor":2},{"not_picked":["Burning Pact","Wild Strike"],"picked":"Entrench","floor":7},{"not_picked":["Power Through","Pommel Strike"],"picked":"Flame Barrier","floor":8},{"not_picked":["Headbutt","Ghostly Armor"],"picked":"Iron Wave","floor":11},{"not_picked":["Cleave","Thunderclap"],"picked":"Metallicize","floor":12},{"not_picked":["Clash","Armaments"],"picked":"Anger","floor":13},{"not_picked":["Armaments","Iron Wave"],"picked":"Rupture","floor":14},{"not_picked":["Limit Break","Bludgeon"],"picked":"Immolate","floor":16},{"not_picked":["Bloodletting","Inflame"],"picked":"Feel No Pain","floor":18},{"not_picked":["True Grit","Heavy Blade+1"],"picked":"Corruption","floor":19},{"not_picked":["Pummel+1","Cleave+1"],"picked":"Searing Blow+1","floor":20},{"not_picked":["Perfected Strike+1","Dropkick+1"],"picked":"Iron Wave+1","floor":21}],"player_experience":1223999,"relics_obtained":[{"floor":7,"key":"Kunai"},{"floor":9,"key":"Orichalcum"},{"floor":14,"key":"Du-Vu Doll"},{"floor":17,"key":"Oddly Smooth Stone"},{"floor":17,"key":"Molten Egg 2"},{"floor":17,"key":"Champion Belt"},{"floor":26,"key":"Potion Belt"}],"event_choices":[{"damage_healed":0,"gold_gain":0,"player_choice":"Rummage","damage_taken":0,"relics_obtained":["WarpedTongs"],"max_hp_gain":0,"max_hp_loss":0,"event_name":"Accursed Blacksmith","floor":4,"gold_loss":0,"cards_obtained":["Pain"]},{"damage_healed":0,"gold_gain":0,"player_choice":"Upgraded","damage_taken":0,"max_hp_gain":0,"max_hp_loss":0,"event_name":"Upgrade Shrine","floor":24,"gold_loss":0,"cards_upgraded":["Jack Of All Trades"]}],"is_beta":false,"boss_relics":[{"not_picked":["Coffee Dripper","Pandora\u0027s Box"],"picked":"Calling Bell"}],"items_purged_floors":[3],"is_endless":false,"potions_floor_spawned":[1,8,11,12,16,19,20,21],"killed_by":"Gremlin Leader","ascension_level":19}