{"gold_per_floor":[118,118,43,43,61,87,87,114,114,131,54,54,65,76,76,153,153,166,182,57,57,57,57,57,57],"floor_reached":25,"playtime":1135,"items_purged":["Strike_R"],"score":445,"play_id":"8d85371e-7dc2-4a20-83c8-d7a4e3964998","local_time":"20190218230849","is_ascension_mode":true,"campfire_choices":[{"data":"Pommel Strike","floor":7,"key":"SMITH"},{"floor":12,"key":"REST"},{"data":"Heavy Blade","floor":15,"key":"SMITH"},{"floor":23,"key":"REST"}],"neow_cost":"NONE","seed_source_timestamp":283614112792818,"circlet_count":0,"master_deck":["AscendersBane","Defend_R","Defend_R","Defend_R","Defend_R","Bash","Flex","Regret","Pommel Strike+1","Flex","Metallicize","Iron Wave","Rupture","Heavy Blade+1","Barricade","Armaments+1","Blood for Blood+1","Impervious+1","Combust","True Grit","Body Slam","Writhe"],"relics":["Burning Blood","NeowsBlessing","Blue Candle","Gremlin Horn","Bag of Preparation","Orichalcum","Strawberry","Astrolabe","Paper Frog","Enchiridion"],"potions_floor_usage":[8,10,14,16,18],"damage_taken":[{"damage":0,"enemies":"Cultist","floor":1,"turns":1},{"damage":0,"enemies":"2 Louse","floor":5,"turns":1},{"damage":0,"enemies":"Gremlin Nob","floor":6,"turns":1},{"damage":43,"enemies":"Lagavulin","floor":8,"turns":6},{"damage":5,"enemies":"Small Slimes","floor":10,"turns":3},{"damage":4,"enemies":"Exordium Wildlife","floor":13,"turns":4},{"damage":20,"enemies":"Exordium Thugs","floor":14,"turns":5},{"damage":32,"enemies":"Slime Boss","floor":16,"turns":7},{"damage":31,"enemies":"Chosen","floor":18,"turns":5},{"damage":28,"enemies":"Spheric Guardian","floor":19,"turns":8},{"damage":27,"enemies":"Snake Plant","floor":25,"turns":2}],"seed_played":"3469121910131082899","potions_obtained":[{"floor":1,"key":"Fire Potion"},{"floor":5,"key":"Energy Potion"},{"floor":8,"key":"BloodPotion"},{"floor":13,"key":"SkillPotion"},{"floor":16,"key":"SteroidPotion"}],"is_trial":false,"path_per_floor":["M","?","?","?","M","E","R","E","T","M","$","R","M","M","R","B",null,"M","M","$","?","?","R","?","M"],"character_chosen":"IRONCLAD","items_purchased":["Rupture","Body Slam"],"campfire_rested":2,"item_purchase_floors":[11,20],"current_hp_per_floor":[74,74,74,48,54,60,60,23,30,39,39,63,65,51,51,25,68,43,21,21,21,21,45,24,0],"gold":57,"neow_bonus":"THREE_ENEMY_KILL","is_prod":false,"is_daily":false,"chose_seed":false,"campfire_upgraded":2,"win_rate":0,"timestamp":1550556529,"path_taken":["M","?","?","?","?","E","R","E","T","M","?","R","M","M","R","BOSS","M","M","$","?","?","R","?","M"],"build_version":"2019-01-23","purchased_purges":1,"victory":false,"max_hp_per_floor":[75,75,75,75,75,75,75,75,82,82,82,82,82,82,82,82,82,82,82,82,82,82,82,82,82],"card_choices":[{"not_picked":["Clothesline","Battle Trance"],"picked":"Flex","floor":1},{"not_picked":["Twin Strike","Anger"],"picked":"Pommel Strike","floor":5},{"not_picked":["Reckless Charge","Anger"],"picked":"Flex","floor":6},{"not_picked":["Sever Soul","Body Slam"],"picked":"Metallicize","floor":8},{"not_picked":["Sever Soul","Armaments"],"picked":"Iron Wave","floor":10},{"not_picked":["Perfected Strike","Pommel Strike"],"picked":"Heavy Blade","floor":13},{"not_picked":["Havoc","Double Tap","Wild Strike"],"picked":"SKIP","floor":14},{"not_picked":["Juggernaut","Demon Form"],"picked":"Barricade","floor":16},{"not_picked":["Hemokinesis","Heavy Blade"],"picked":"Combust","floor":18},{"not_picked":["Flex+1","Disarm+1"],"picked":"True Grit","floor":19}],"player_experience":1174609,"relics_obtained":[{"floor":6,"key":"Bag of Preparation"},{"floor":8,"key":"Orichalcum"},{"floor":9,"key":"Strawberry"},{"floor":24,"key":"Enchiridion"}],"event_choices":[{"damage_healed":0,"gold_gain":0,"player_choice":"Box","damage_taken":0,"relics_obtained":["Blue Candle"],"max_hp_gain":0,"max_hp_loss":0,"event_name":"Big Fish","floor":2,"gold_loss":0,"cards_obtained":["Regret"]},{"cards_removed":["Strike_R"],"damage_healed":0,"gold_gain":0,"player_choice":"Card Removal","damage_taken":0,"max_hp_gain":0,"max_hp_loss":0,"event_name":"The Cleric","floor":3,"gold_loss":75},{"damage_healed":0,"gold_gain":0,"player_choice":"Success","damage_taken":26,"relics_obtained":["Gremlin Horn"],"max_hp_gain":0,"max_hp_loss":0,"event_name":"Scrap Ooze","floor":4,"gold_loss":0},{"damage_healed":0,"gold_gain":0,"player_choice":"Ignored","damage_taken":0,"max_hp_gain":0,"max_hp_loss":0,"event_name":"Beggar","floor":21,"gold_loss":0},{"damage_healed":0,"gold_gain":0,"player_choice":"Opened","damage_taken":0,"relics_obtained":["Paper Frog"],"max_hp_gain":0,"max_hp_loss":0,"event_name":"The Mausoleum","floor":22,"gold_loss":0,"cards_obtained":["Writhe"]},{"damage_healed":0,"gold_gain":0,"player_choice":"Obtained Book","damage_taken":21,"max_hp_gain":0,"max_hp_loss":0,"event_name":"Cursed Tome","floor":24,"gold_loss":0}],"is_beta":false,"boss_relics":[{"not_picked":["White Beast Statue","Lizard Tail"],"picked":"Astrolabe"}],"items_purged_floors":[20],"is_endless":false,"potions_floor_spawned":[1,5,8,13,16],"killed_by":"Snake Plant","ascension_level":18}