{"gold_per_floor":[112,112,187,207,12,12,12,12,12,46,46,56,90,110,110,187,187,202,214,226],"floor_reached":20,"playtime":1282,"items_purged":[],"score":359,"play_id":"c83d4ab4-153a-4ea7-8f45-a7322367a638","local_time":"20190211235022","is_ascension_mode":true,"campfire_choices":[{"data":"Magnetism","floor":6,"key":"SMITH"},{"data":"Neutralize","floor":8,"key":"SMITH"},{"data":"Underhanded Strike","floor":11,"key":"SMITH"},{"floor":15,"key":"REST"}],"neow_cost":"NONE","seed_source_timestamp":2091578309426268,"circlet_count":0,"master_deck":["AscendersBane","Defend_G","Defend_G","Defend_G","Defend_G","Defend_G","Strike_G","Strike_G","Strike_G","Strike_G","Survivor","Neutralize+1","Catalyst","Outmaneuver","Magnetism+1","Underhanded Strike+1","Escape Plan","Noxious Fumes","Infinite Blades","Slice","Burst","Decay","Doubt","Decay","Prepared"],"relics":["Ring of the Snake","NeowsBlessing","Pear","Letter Opener","Shuriken","Blue Candle","Calling Bell","MawBank","Dodecahedron","FossilizedHelix"],"potions_floor_usage":[13,16],"damage_taken":[{"damage":0,"enemies":"Cultist","floor":1,"turns":1},{"damage":0,"enemies":"2 Louse","floor":4,"turns":1},{"damage":0,"enemies":"Lagavulin","floor":10,"turns":1},{"damage":8,"enemies":"Jaw Worm","floor":12,"turns":4},{"damage":29,"enemies":"3 Sentries","floor":13,"turns":8},{"damage":0,"enemies":"Looter","floor":14,"turns":3},{"damage":21,"enemies":"Hexaghost","floor":16,"turns":10},{"damage":27,"enemies":"2 Thieves","floor":18,"turns":4},{"damage":30,"enemies":"Colosseum Slavers","floor":19,"turns":5},{"damage":12,"enemies":"3 Byrds","floor":20,"turns":2}],"seed_played":"-780779996316156840","potions_obtained":[{"floor":1,"key":"Regen Potion"},{"floor":13,"key":"Dexterity Potion"},{"floor":14,"key":"SpeedPotion"}],"is_trial":false,"path_per_floor":["M","$","T","M","$","R","?","R","T","E","R","M","E","M","R","B",null,"M","?","M"],"character_chosen":"THE_SILENT","items_purchased":["Magnetism"],"campfire_rested":1,"item_purchase_floors":[5],"current_hp_per_floor":[59,59,69,69,69,69,69,69,69,69,69,61,47,47,69,48,69,42,12,0],"gold":226,"neow_bonus":"THREE_ENEMY_KILL","is_prod":false,"is_daily":false,"chose_seed":false,"campfire_upgraded":3,"win_rate":0,"timestamp":1549954222,"path_taken":["M","$","?","M","$","R","?","R","T","E","R","?","E","M","R","BOSS","M","?","M"],"build_version":"2019-01-23","purchased_purges":0,"victory":false,"max_hp_per_floor":[66,66,76,76,76,76,76,76,76,76,76,76,76,76,76,76,76,76,76,76],"card_choices":[{"not_picked":["Eviscerate","Prepared"],"picked":"Catalyst","floor":1},{"not_picked":["Blade Dance","Expertise"],"picked":"Outmaneuver","floor":4},{"not_picked":["Predator","Expertise"],"picked":"Escape Plan","floor":10},{"not_picked":["PiercingWail","Flying Knee"],"picked":"Noxious Fumes","floor":12},{"not_picked":["PiercingWail","Bane"],"picked":"Infinite Blades","floor":13},{"not_picked":["Endless Agony","Outmaneuver"],"picked":"Slice","floor":14},{"not_picked":["Adrenaline","Night Terror"],"picked":"Burst","floor":16},{"not_picked":["Blur","Underhanded Strike"],"picked":"Prepared","floor":18}],"player_experience":1082428,"relics_obtained":[{"floor":3,"key":"Pear"},{"floor":9,"key":"Letter Opener"},{"floor":10,"key":"Shuriken"},{"floor":13,"key":"Blue Candle"},{"floor":17,"key":"MawBank"},{"floor":17,"key":"Dodecahedron"},{"floor":17,"key":"FossilizedHelix"}],"event_choices":[{"damage_healed":0,"gold_gain":0,"cards_transformed":["Strike_G"],"player_choice":"Transformed","damage_taken":0,"max_hp_gain":0,"max_hp_loss":0,"event_name":"Transmorgrifier","floor":7,"gold_loss":0,"cards_obtained":["Underhanded Strike"]},{"damage_healed":0,"gold_gain":0,"player_choice":"Fight","damage_taken":0,"max_hp_gain":0,"max_hp_loss":0,"event_name":"Colosseum","floor":19,"gold_loss":0},{"damage_healed":0,"gold_gain":0,"player_choice":"Fled From Nobs","damage_taken":0,"max_hp_gain":0,"max_hp_loss":0,"event_name":"Colosseum","floor":19,"gold_loss":0}],"is_beta":false,"boss_relics":[{"not_picked":["Snecko Eye","Orrery"],"picked":"Calling Bell"}],"items_purged_floors":[],"is_endless":false,"potions_floor_spawned":[1,13,14],"killed_by":"3 Byrds","ascension_level":15}