{"gold_per_floor":[117,130,205,205,205,130,163,183,183,183,214,214,244,244,244,337,337,337,337,337,337,337,337,337,337,337,337,337,337,30,30,30,30],"floor_reached":33,"playtime":1673,"items_purged":[],"score":536,"play_id":"532a2b98-1fc9-4698-b080-c1925e9d5704","local_time":"20190209124730","is_ascension_mode":true,"campfire_choices":[{"floor":10,"key":"REST"},{"floor":12,"key":"REST"},{"data":"Go for the Eyes","floor":15,"key":"SMITH"},{"floor":23,"key":"REST"},{"floor":27,"key":"REST"},{"floor":29,"key":"REST"},{"data":"Fission","floor":32,"key":"SMITH"}],"neow_cost":"NONE","seed_source_timestamp":1878604714579744,"circlet_count":0,"master_deck":["AscendersBane","Zap","Dualcast","Reinforced Body+1","Melter","Rainbow","BootSequence","Genetic Algorithm","Go for the Eyes+1","Multi-Cast","FTL","Leap+1","Streamline+1","Ball Lightning","White Noise","Chaos","Cold Snap+1","Chaos+1","Capacitor+1","Bite","Bite","Bite+1","Bite","Bite","Fission+1"],"relics":["Cracked Core","NeowsBlessing","Gremlin Horn","Juzu Bracelet","Prayer Wheel","Odd Mushroom","Golden Idol","Ectoplasm","WarpedTongs","Kunai","Bronze Scales","Bag of Preparation","Whetstone"],"potions_floor_usage":[13,16,16,22,24,33],"damage_taken":[{"damage":0,"enemies":"Small Slimes","floor":1,"turns":1},{"damage":0,"enemies":"2 Louse","floor":2,"turns":1},{"damage":0,"enemies":"Gremlin Nob","floor":7,"turns":1},{"damage":1,"enemies":"Jaw Worm","floor":8,"turns":3},{"damage":21,"enemies":"3 Sentries","floor":11,"turns":7},{"damage":2,"enemies":"The Mushroom Lair","floor":13,"turns":4},{"damage":46,"enemies":"Hexaghost","floor":16,"turns":11},{"damage":35,"enemies":"3 Byrds","floor":18,"turns":4},{"damage":0,"enemies":"Spheric Guardian","floor":19,"turns":3},{"damage":13,"enemies":"Shelled Parasite and Fungi","floor":22,"turns":4},{"damage":14,"enemies":"Slavers","floor":24,"turns":5},{"damage":49,"enemies":"Automaton","floor":33,"turns":8}],"seed_played":"-5740984458893695796","potions_obtained":[{"floor":1,"key":"SpeedPotion"},{"floor":2,"key":"Swift Potion"},{"floor":13,"key":"LiquidBronze"},{"floor":18,"key":"Energy Potion"},{"floor":19,"key":"Strength Potion"},{"floor":22,"key":"Block Potion"}],"is_trial":false,"path_per_floor":["M","M","?","?","?","?","E","M","T","R","E","R","?","?","R","B",null,"M","M","?","?","M","R","E","?","T","R","?","R","$","T","R","B"],"character_chosen":"DEFECT","items_purchased":["Fission","Bag of Preparation"],"campfire_rested":5,"item_purchase_floors":[30,30],"current_hp_per_floor":[64,64,53,53,32,32,32,31,31,52,31,52,50,50,50,4,49,14,14,14,14,1,20,6,6,6,25,25,38,38,38,38,0],"gold":30,"neow_bonus":"THREE_ENEMY_KILL","is_prod":false,"is_daily":false,"chose_seed":false,"campfire_upgraded":2,"win_rate":0,"timestamp":1549741650,"path_taken":["M","M","?","?","?","?","E","M","T","R","E","R","?","?","R","BOSS","M","M","?","?","M","R","E","?","T","R","?","R","$","?","R","BOSS"],"build_version":"2019-01-23","purchased_purges":0,"victory":false,"max_hp_per_floor":[71,71,71,71,71,71,71,71,71,71,71,71,71,64,64,64,64,64,64,64,64,64,64,64,64,64,64,44,44,44,44,44,44],"card_choices":[{"not_picked":["Force Field","Hologram"],"picked":"Reinforced Body","floor":1},{"not_picked":["Rebound","Steam"],"picked":"Melter","floor":2},{"not_picked":["Heatsinks","Stack"],"picked":"Rainbow","floor":7},{"not_picked":["Lockon","Steam"],"picked":"BootSequence","floor":8},{"not_picked":["Cold Snap","Hello World"],"picked":"Genetic Algorithm","floor":11},{"not_picked":["Coolheaded","Turbo"],"picked":"Go for the Eyes","floor":13},{"not_picked":["Thunder Strike","Seek"],"picked":"Multi-Cast","floor":16},{"not_picked":["Force Field","Lockon"],"picked":"FTL","floor":18},{"not_picked":["Rebound+1","Stack"],"picked":"Leap+1","floor":18},{"not_picked":["Rebound","Turbo"],"picked":"Streamline+1","floor":19},{"not_picked":["Sweeping Beam","Compile Driver"],"picked":"Ball Lightning","floor":19},{"not_picked":["Compile Driver+1","Barrage"],"picked":"Cold Snap","floor":22},{"not_picked":["Cold Snap","Steam"],"picked":"Chaos+1","floor":22},{"not_picked":["Defragment","Coolheaded"],"picked":"Capacitor+1","floor":24}],"player_experience":1030239,"relics_obtained":[{"floor":7,"key":"Gremlin Horn"},{"floor":9,"key":"Juzu Bracelet"},{"floor":11,"key":"Prayer Wheel"},{"floor":13,"key":"Odd Mushroom"},{"floor":24,"key":"Kunai"},{"floor":26,"key":"Bronze Scales"},{"floor":31,"key":"Whetstone"}],"event_choices":[{"damage_healed":0,"gold_gain":75,"player_choice":"Gather Gold","damage_taken":11,"max_hp_gain":0,"max_hp_loss":0,"event_name":"World of Goop","floor":3,"gold_loss":0},{"cards_removed":["Defend_B"],"damage_healed":0,"gold_gain":0,"player_choice":"Forget","damage_taken":0,"max_hp_gain":0,"max_hp_loss":0,"event_name":"Living Wall","floor":4,"gold_loss":0},{"damage_healed":0,"gold_gain":0,"player_choice":"Entered Light","damage_taken":21,"max_hp_gain":0,"max_hp_loss":0,"event_name":"Shining Light","floor":5,"gold_loss":0,"cards_upgraded":["Reinforced Body","Strike_B"]},{"cards_removed":["Defend_B"],"damage_healed":0,"gold_gain":0,"player_choice":"Card Removal","damage_taken":0,"max_hp_gain":0,"max_hp_loss":0,"event_name":"The Cleric","floor":6,"gold_loss":75},{"damage_healed":0,"gold_gain":0,"player_choice":"Fought Mushrooms","damage_taken":0,"max_hp_gain":0,"max_hp_loss":0,"event_name":"Mushrooms","floor":13,"gold_loss":0},{"damage_healed":0,"gold_gain":0,"player_choice":"Lose Max HP","damage_taken":0,"relics_obtained":["Golden Idol"],"max_hp_gain":0,"max_hp_loss":7,"event_name":"Golden Idol","floor":14,"gold_loss":0},{"damage_healed":0,"gold_gain":0,"player_choice":"Rummage","damage_taken":0,"relics_obtained":["WarpedTongs"],"max_hp_gain":0,"max_hp_loss":0,"event_name":"Accursed Blacksmith","floor":20,"gold_loss":0,"cards_obtained":["Pain"]},{"damage_healed":0,"gold_gain":0,"cards_transformed":["Defend_B","Defend_B"],"player_choice":"Became Test Subject","damage_taken":0,"max_hp_gain":0,"max_hp_loss":0,"event_name":"Drug Dealer","floor":21,"gold_loss":0,"cards_obtained":["White Noise","Chaos"]},{"cards_removed":["Pain"],"damage_healed":0,"gold_gain":0,"player_choice":"Elegance","damage_taken":0,"max_hp_gain":0,"max_hp_loss":0,"event_name":"Back to Basics","floor":25,"gold_loss":0},{"damage_healed":0,"gold_gain":0,"player_choice":"Became a vampire","damage_taken":0,"max_hp_gain":0,"max_hp_loss":20,"event_name":"Vampires","floor":28,"gold_loss":0,"cards_obtained":["Bite","Bite","Bite","Bite","Bite"]}],"is_beta":false,"boss_relics":[{"not_picked":["FrozenCore","Coffee Dripper"],"picked":"Ectoplasm"}],"items_purged_floors":[],"is_endless":false,"potions_floor_spawned":[1,2,13,18,19,22],"killed_by":"Automaton","ascension_level":15}