{"gold_per_floor":[366,26,46,66,80,80,107,119,131,143,166,178,7,35,35,113,163,179,179,190,65,77,77,77],"floor_reached":24,"playtime":1661,"items_purged":["Decay","Strike_R","Strike_R"],"score":391,"play_id":"dc57acd4-aafb-4a68-b6e3-05e3c0d7ca5d","local_time":"20190218111211","is_ascension_mode":true,"campfire_choices":[{"data":"Apotheosis","floor":6,"key":"SMITH"},{"data":"Entrench","floor":8,"key":"SMITH"},{"floor":10,"key":"REST"},{"floor":15,"key":"REST"},{"floor":23,"key":"REST"}],"neow_cost":"CURSE","seed_source_timestamp":240087319544582,"circlet_count":0,"master_deck":["AscendersBane","Strike_R","Strike_R","Defend_R","Defend_R","Defend_R","Defend_R","Bash","Clash","Apotheosis+1","Flame Barrier","Entrench+1","Sword Boomerang","Headbutt","Hemokinesis","Pommel Strike","Rage","Infernal Blade","Limit Break+1","Iron Wave","Shrug It Off","Flame Barrier","Thunderclap"],"relics":["Burning Blood","MawBank","Vajra","Ornamental Fan","Tiny House"],"potions_floor_usage":[3,4,5,16,18,22,24],"damage_taken":[{"damage":14,"enemies":"Cultist","floor":1,"turns":4},{"damage":12,"enemies":"Small Slimes","floor":3,"turns":2},{"damage":2,"enemies":"Jaw Worm","floor":4,"turns":3},{"damage":1,"enemies":"Lots of Slimes","floor":5,"turns":2},{"damage":30,"enemies":"Lagavulin","floor":7,"turns":7},{"damage":14,"enemies":"Looter","floor":11,"turns":2},{"damage":20,"enemies":"3 Sentries","floor":14,"turns":10},{"damage":10,"enemies":"Slime Boss","floor":16,"turns":7},{"damage":22,"enemies":"Spheric Guardian","floor":18,"turns":4},{"damage":15,"enemies":"Shell Parasite","floor":20,"turns":6},{"damage":8,"enemies":"Centurion and Healer","floor":22,"turns":7},{"damage":79,"enemies":"Slavers","floor":24,"turns":4}],"seed_played":"-664303726421581417","potions_obtained":[{"floor":1,"key":"Explosive Potion"},{"floor":3,"key":"Poison Potion"},{"floor":4,"key":"Explosive Potion"},{"floor":14,"key":"SkillPotion"},{"floor":16,"key":"EssenceOfSteel"},{"floor":17,"key":"Strength Potion"},{"floor":18,"key":"SkillPotion"}],"is_trial":false,"path_per_floor":["M","$","M","M","M","R","E","R","T","R","M","?","$","E","R","B",null,"M","?","M","$","M","R","E"],"character_chosen":"IRONCLAD","items_purchased":["Apotheosis","Flame Barrier","Rage"],"campfire_rested":3,"item_purchase_floors":[2,2,13],"current_hp_per_floor":[60,60,54,58,63,63,39,39,39,61,53,46,46,32,54,50,74,58,54,45,45,43,67,0],"gold":77,"neow_bonus":"TWO_FIFTY_GOLD","is_prod":false,"is_daily":false,"chose_seed":false,"campfire_upgraded":2,"win_rate":0,"timestamp":1550513531,"path_taken":["M","$","M","M","?","R","E","R","T","R","M","?","$","E","R","BOSS","M","?","M","$","M","R","E"],"build_version":"2019-01-23","purchased_purges":3,"victory":false,"max_hp_per_floor":[75,75,75,75,75,75,75,75,75,75,75,75,75,75,75,75,80,80,80,80,80,80,80,80],"card_choices":[{"not_picked":["Pummel","Seeing Red"],"picked":"Clash","floor":1},{"not_picked":["Havoc","Dual Wield"],"picked":"Entrench","floor":3},{"not_picked":["Anger","Perfected Strike"],"picked":"Sword Boomerang","floor":4},{"not_picked":["Wild Strike","Shockwave"],"picked":"Headbutt","floor":5},{"not_picked":["Havoc","Disarm"],"picked":"Hemokinesis","floor":7},{"not_picked":["Warcry","Bludgeon"],"picked":"Pommel Strike","floor":11},{"not_picked":["Pummel","Shrug It Off"],"picked":"Infernal Blade","floor":14},{"not_picked":["Reaper","Feed"],"picked":"Limit Break","floor":16},{"not_picked":["Hemokinesis","Clash"],"picked":"Iron Wave","floor":17},{"not_picked":["Cleave","Corruption"],"picked":"Shrug It Off","floor":18},{"not_picked":["Perfected Strike","Iron Wave"],"picked":"Flame Barrier","floor":20},{"not_picked":["Heavy Blade","Blood for Blood"],"picked":"Thunderclap","floor":22}],"player_experience":1159865,"relics_obtained":[{"floor":7,"key":"MawBank"},{"floor":9,"key":"Vajra"},{"floor":14,"key":"Ornamental Fan"}],"event_choices":[{"cards_removed":["Strike_R"],"damage_healed":0,"gold_gain":0,"player_choice":"Card Removal","damage_taken":7,"max_hp_gain":0,"max_hp_loss":0,"event_name":"Golden Wing","floor":12,"gold_loss":0},{"damage_healed":0,"gold_gain":0,"player_choice":"Bought 0 Potions","damage_taken":0,"max_hp_gain":0,"max_hp_loss":0,"event_name":"The Woman in Blue","floor":19,"gold_loss":0}],"is_beta":false,"boss_relics":[{"not_picked":["Runic Dome","White Beast Statue"],"picked":"Tiny House"}],"items_purged_floors":[2,13,21],"is_endless":false,"potions_floor_spawned":[1,3,4,14,16,18],"killed_by":"Slavers","ascension_level":18}