{"gold_per_floor":[115,126,51,51,66,66,81,81,151,151,186,186,186,29,29,29],"floor_reached":16,"playtime":605,"items_purged":["Strike_R"],"score":191,"play_id":"4f7b1e01-d53e-4fbe-8293-c2fee328300e","local_time":"20190223185223","is_ascension_mode":true,"campfire_choices":[{"data":"Flex","floor":6,"key":"SMITH"},{"data":"Armaments","floor":8,"key":"SMITH"},{"floor":10,"key":"REST"},{"floor":12,"key":"REST"},{"floor":15,"key":"REST"}],"neow_cost":"NONE","seed_source_timestamp":87604490803700,"circlet_count":0,"master_deck":["AscendersBane","Strike_R","Strike_R","Strike_R","Defend_R","Defend_R","Defend_R","Defend_R","Bash","Barricade","Flex+1","Cleave","Armaments+1","Feed","Body Slam","Clash"],"relics":["Burning Blood","Golden Idol","Gremlin Horn","Dream Catcher","Vajra"],"potions_floor_usage":[16,16],"damage_taken":[{"damage":14,"enemies":"Jaw Worm","floor":1,"turns":5},{"damage":12,"enemies":"Cultist","floor":2,"turns":4},{"damage":14,"enemies":"Small Slimes","floor":5,"turns":4},{"damage":14,"enemies":"Blue Slaver","floor":7,"turns":4},{"damage":39,"enemies":"Gremlin Nob","floor":11,"turns":4},{"damage":60,"enemies":"Hexaghost","floor":16,"turns":11}],"seed_played":"5688009457853705372","potions_obtained":[{"floor":7,"key":"GamblersBrew"},{"floor":11,"key":"GamblersBrew"}],"is_trial":false,"path_per_floor":["M","M","$","?","M","R","M","R","T","R","E","R","?","$","R","B"],"character_chosen":"IRONCLAD","items_purchased":["Vajra"],"campfire_rested":3,"item_purchase_floors":[14],"current_hp_per_floor":[60,54,54,54,46,46,38,38,38,58,25,45,38,38,58,0],"gold":29,"neow_bonus":"ONE_RANDOM_RARE_CARD","is_prod":false,"is_daily":false,"chose_seed":false,"campfire_upgraded":2,"win_rate":0,"timestamp":1550973143,"path_taken":["M","M","$","?","M","R","M","R","T","R","E","R","?","$","R","BOSS"],"build_version":"2019-01-23","purchased_purges":1,"victory":false,"max_hp_per_floor":[75,75,75,68,68,68,68,68,68,68,68,68,68,68,68,68],"card_choices":[{"not_picked":["Havoc","Armaments"],"picked":"Flex","floor":1},{"not_picked":["Heavy Blade","Sword Boomerang"],"picked":"Cleave","floor":2},{"not_picked":["Twin Strike","Havoc","Heavy Blade"],"picked":"SKIP","floor":5},{"not_picked":["Pommel Strike","Sword Boomerang"],"picked":"Armaments","floor":7},{"not_picked":["Hemokinesis","Intimidate"],"picked":"Feed","floor":11},{"not_picked":["Thunderclap","Headbutt"],"picked":"Body Slam","floor":12},{"not_picked":["Perfected Strike","Twin Strike"],"picked":"Clash","floor":15}],"player_experience":1226106,"relics_obtained":[{"floor":9,"key":"Gremlin Horn"},{"floor":11,"key":"Dream Catcher"}],"event_choices":[{"damage_healed":0,"gold_gain":0,"player_choice":"Lose Max HP","damage_taken":0,"relics_obtained":["Golden Idol"],"max_hp_gain":0,"max_hp_loss":7,"event_name":"Golden Idol","floor":4,"gold_loss":0},{"cards_removed":["Strike_R"],"damage_healed":0,"gold_gain":0,"player_choice":"Card Removal","damage_taken":7,"max_hp_gain":0,"max_hp_loss":0,"event_name":"Golden Wing","floor":13,"gold_loss":0}],"is_beta":false,"boss_relics":[],"items_purged_floors":[3],"is_endless":false,"potions_floor_spawned":[7,11],"killed_by":"Hexaghost","ascension_level":19}