{"gold_per_floor":[109,119,119,47,47,72,72,106,106,121,135,161,161,161,161,233,233,245,245,259,276,376,376,291,291,314,314,314,344,389,414,426,438],"floor_reached":33,"playtime":2412,"items_purged":[],"score":539,"play_id":"6b861f94-473c-45bf-babb-3f5166290eb5","local_time":"20190210235542","is_ascension_mode":true,"campfire_choices":[{"data":"Reflex","floor":13,"key":"SMITH"},{"floor":15,"key":"REST"},{"floor":23,"key":"REST"},{"floor":25,"key":"DIG"},{"floor":28,"key":"DIG"},{"floor":32,"key":"REST"}],"neow_cost":"NONE","seed_source_timestamp":2004364865687910,"circlet_count":0,"master_deck":["AscendersBane","Defend_G","Defend_G","Defend_G","Defend_G","Defend_G","Strike_G","Strike_G","Strike_G","Survivor","Neutralize","Footwork","Well Laid Plans","Reflex+1","Caltrops","Terror+1","Skewer","Flying Knee","Underhanded Strike","Concentrate","Corpse Explosion","Dagger Spray","Writhe","Outmaneuver","Acrobatics+1","Backstab","Reflex","Dash","Footwork"],"relics":["Ring of the Snake","NeowsBlessing","Blue Candle","Pen Nib","Strawberry","Question Card","Ice Cream","Fusion Hammer","Ginger","Shovel","Meat on the Bone","Pocketwatch","Du-Vu Doll","MawBank","Sundial"],"potions_floor_usage":[8,8,12,12,22,30],"damage_taken":[{"damage":0,"enemies":"Cultist","floor":1,"turns":1},{"damage":0,"enemies":"2 Louse","floor":2,"turns":1},{"damage":0,"enemies":"3 Sentries","floor":6,"turns":1},{"damage":8,"enemies":"Gremlin Nob","floor":8,"turns":6},{"damage":12,"enemies":"Small Slimes","floor":10,"turns":5},{"damage":1,"enemies":"Exordium Wildlife","floor":11,"turns":3},{"damage":22,"enemies":"3 Sentries","floor":12,"turns":10},{"damage":38,"enemies":"The Guardian","floor":16,"turns":8},{"damage":0,"enemies":"Chosen","floor":18,"turns":3},{"damage":1,"enemies":"3 Byrds","floor":20,"turns":3},{"damage":11,"enemies":"Snecko","floor":21,"turns":5},{"damage":11,"enemies":"Colosseum Slavers","floor":22,"turns":4},{"damage":2,"enemies":"Colosseum Nobs","floor":22,"turns":2},{"damage":11,"enemies":"Centurion and Healer","floor":29,"turns":4},{"damage":27,"enemies":"Book of Stabbing","floor":30,"turns":4},{"damage":5,"enemies":"Shelled Parasite and Fungi","floor":31,"turns":2},{"damage":93,"enemies":"Automaton","floor":33,"turns":8}],"seed_played":"-3946669521166872724","potions_obtained":[{"floor":2,"key":"GhostInAJar"},{"floor":6,"key":"Weak Potion"},{"floor":8,"key":"GhostInAJar"},{"floor":11,"key":"Regen Potion"},{"floor":18,"key":"Energy Potion"},{"floor":29,"key":"PowerPotion"},{"floor":30,"key":"FairyPotion"}],"is_trial":false,"path_per_floor":["M","M","?","$","$","E","?","E","T","M","M","E","R","T","R","B",null,"M","?","M","M","?","R","?","R","T","?","R","M","E","M","R","B"],"character_chosen":"THE_SILENT","items_purchased":["Caltrops"],"campfire_rested":3,"item_purchase_floors":[4],"current_hp_per_floor":[59,59,59,59,59,59,59,51,58,46,45,38,38,38,59,21,60,60,60,59,48,35,56,56,56,56,56,56,45,30,37,58,0],"gold":438,"neow_bonus":"THREE_ENEMY_KILL","is_prod":false,"is_daily":false,"chose_seed":false,"campfire_upgraded":1,"win_rate":0,"timestamp":1549868142,"path_taken":["M","?","?","?","$","E","?","E","T","M","?","E","R","?","R","BOSS","M","?","M","M","?","R","?","R","T","?","R","M","E","M","R","BOSS"],"build_version":"2019-01-23","purchased_purges":0,"victory":false,"max_hp_per_floor":[66,66,66,66,66,66,66,66,73,73,73,73,73,73,73,73,73,73,73,73,73,73,73,73,73,73,73,73,73,73,73,73,73],"card_choices":[{"not_picked":["Dodge and Roll","Acrobatics"],"picked":"Footwork","floor":1},{"not_picked":["Underhanded Strike","Expertise"],"picked":"Well Laid Plans","floor":2},{"not_picked":["Concentrate","Poisoned Stab"],"picked":"Terror","floor":6},{"not_picked":["Bane","Sucker Punch"],"picked":"Skewer","floor":8},{"not_picked":["Riddle With Holes","Terror"],"picked":"Flying Knee","floor":10},{"not_picked":["Setup","Skewer"],"picked":"Underhanded Strike","floor":11},{"not_picked":["Riddle With Holes","Grand Finale"],"picked":"Concentrate","floor":12},{"not_picked":["Storm of Steel","Unload","After Image"],"picked":"Corpse Explosion","floor":16},{"not_picked":["Backflip","Blade Dance","PiercingWail"],"picked":"Dagger Spray","floor":18},{"not_picked":["Crippling Poison","Poisoned Stab","Sucker Punch"],"picked":"Outmaneuver","floor":20},{"not_picked":["Night Terror","Dagger Throw","Cloak And Dagger+1"],"picked":"Acrobatics+1","floor":21},{"not_picked":["Dodge and Roll","Deadly Poison+1","Cloak And Dagger"],"picked":"Reflex","floor":29},{"not_picked":["Deadly Poison","Tools of the Trade","Poisoned Stab"],"picked":"Dash","floor":30},{"not_picked":["Eviscerate+1","Endless Agony","Deflect"],"picked":"Footwork","floor":31}],"player_experience":1060497,"relics_obtained":[{"floor":6,"key":"Blue Candle"},{"floor":8,"key":"Pen Nib"},{"floor":9,"key":"Strawberry"},{"floor":12,"key":"Question Card"},{"floor":14,"key":"Ice Cream"},{"floor":22,"key":"Shovel"},{"floor":22,"key":"Meat on the Bone"},{"floor":25,"key":"Du-Vu Doll"},{"floor":28,"key":"MawBank"},{"floor":30,"key":"Sundial"}],"event_choices":[{"damage_healed":0,"gold_gain":0,"cards_transformed":["Strike_G"],"player_choice":"Transformed","damage_taken":0,"max_hp_gain":0,"max_hp_loss":0,"event_name":"Transmorgrifier","floor":3,"gold_loss":0,"cards_obtained":["Reflex"]},{"damage_healed":0,"gold_gain":0,"player_choice":"Grow","damage_taken":0,"max_hp_gain":0,"max_hp_loss":0,"event_name":"Living Wall","floor":7,"gold_loss":0,"cards_upgraded":["Terror"]},{"damage_healed":0,"gold_gain":0,"player_choice":"Opened","damage_taken":0,"relics_obtained":["Ginger"],"max_hp_gain":0,"max_hp_loss":0,"event_name":"The Mausoleum","floor":19,"gold_loss":0,"cards_obtained":["Writhe"]},{"damage_healed":0,"gold_gain":0,"player_choice":"Fight","damage_taken":0,"max_hp_gain":0,"max_hp_loss":0,"event_name":"Colosseum","floor":22,"gold_loss":0},{"damage_healed":0,"gold_gain":0,"player_choice":"Fought Nobs","damage_taken":0,"max_hp_gain":0,"max_hp_loss":0,"event_name":"Colosseum","floor":22,"gold_loss":0},{"damage_healed":0,"gold_gain":0,"player_choice":"Obtained Relic","damage_taken":0,"relics_obtained":["Pocketwatch"],"max_hp_gain":0,"max_hp_loss":0,"event_name":"Addict","floor":24,"gold_loss":85},{"damage_healed":0,"gold_gain":0,"cards_transformed":["Strike_G"],"player_choice":"Transformed","damage_taken":0,"max_hp_gain":0,"max_hp_loss":0,"event_name":"Transmorgrifier","floor":27,"gold_loss":0,"cards_obtained":["Backstab"]}],"is_beta":false,"boss_relics":[{"not_picked":["White Beast Statue","Velvet Choker"],"picked":"Fusion Hammer"}],"items_purged_floors":[],"is_endless":false,"potions_floor_spawned":[2,6,8,11,18,29,30],"killed_by":"Automaton","ascension_level":15}