{"gold_per_floor":[119,139,27,42,42,42,376,376,376,390,440,440],"floor_reached":12,"playtime":712,"items_purged":["Strike_R"],"score":144,"play_id":"3b885035-74b7-4d4f-8859-a9a9f9cb518d","local_time":"20190217081358","is_ascension_mode":true,"campfire_choices":[{"data":"Hemokinesis","floor":6,"key":"SMITH"},{"data":"Limit Break","floor":8,"key":"SMITH"}],"neow_cost":"NONE","seed_source_timestamp":143953090806717,"circlet_count":0,"master_deck":["AscendersBane","Strike_R","Strike_R","Strike_R","Defend_R","Defend_R","Defend_R","Defend_R","Bash","Iron Wave","Hemokinesis+1","Feel No Pain","Warcry","Limit Break+1","Metallicize"],"relics":["Burning Blood","Old Coin","Girya"],"potions_floor_usage":[7,10,12],"damage_taken":[{"damage":13,"enemies":"Cultist","floor":1,"turns":5},{"damage":8,"enemies":"Jaw Worm","floor":2,"turns":6},{"damage":5,"enemies":"2 Louse","floor":4,"turns":3},{"damage":12,"enemies":"3 Sentries","floor":7,"turns":9},{"damage":23,"enemies":"Lots of Slimes","floor":10,"turns":4},{"damage":42,"enemies":"Lagavulin","floor":12,"turns":10}],"seed_played":"-5161183852514331327","potions_obtained":[{"floor":2,"key":"LiquidBronze"},{"floor":4,"key":"Dexterity Potion"},{"floor":7,"key":"PowerPotion"}],"is_trial":false,"path_per_floor":["M","M","$","M","?","R","E","R","T","M","?","E"],"character_chosen":"IRONCLAD","items_purchased":["Feel No Pain"],"campfire_rested":0,"item_purchase_floors":[3],"current_hp_per_floor":[61,59,59,60,60,60,54,54,54,37,37,0],"gold":440,"neow_bonus":"REMOVE_CARD","is_prod":false,"is_daily":false,"chose_seed":false,"campfire_upgraded":2,"win_rate":0,"timestamp":1550416438,"path_taken":["M","M","$","?","?","R","E","R","T","?","?","E"],"build_version":"2019-01-23","purchased_purges":1,"victory":false,"max_hp_per_floor":[75,75,75,75,75,75,75,75,75,75,75,75],"card_choices":[{"not_picked":["Clash","Shrug It Off"],"picked":"Iron Wave","floor":1},{"not_picked":["Clash","Shockwave"],"picked":"Hemokinesis","floor":2},{"not_picked":["Dropkick","Clothesline"],"picked":"Warcry","floor":4},{"not_picked":["Sword Boomerang","Headbutt"],"picked":"Limit Break","floor":7},{"not_picked":["Fire Breathing","Hemokinesis"],"picked":"Metallicize","floor":10}],"player_experience":1131730,"relics_obtained":[{"floor":7,"key":"Old Coin"},{"floor":9,"key":"Girya"}],"event_choices":[{"damage_healed":0,"gold_gain":0,"player_choice":"Got Potions","damage_taken":0,"max_hp_gain":0,"max_hp_loss":0,"event_name":"Lab","floor":5,"gold_loss":0},{"damage_healed":0,"gold_gain":50,"player_choice":"Pray","damage_taken":0,"max_hp_gain":0,"max_hp_loss":0,"event_name":"Golden Shrine","floor":11,"gold_loss":0}],"is_beta":false,"boss_relics":[],"items_purged_floors":[3],"is_endless":false,"potions_floor_spawned":[2,4,7],"killed_by":"Lagavulin","ascension_level":17}