{"gold_per_floor":[115,130,149,159,170,170,200,200,200,200],"floor_reached":10,"playtime":565,"items_purged":[],"score":140,"play_id":"2b4a034d-e423-4215-85bb-0e0c79744608","local_time":"20190305184451","is_ascension_mode":true,"campfire_choices":[{"data":"Armaments","floor":6,"key":"SMITH"},{"floor":8,"key":"REST"}],"neow_cost":"NONE","seed_source_timestamp":351547015818037,"circlet_count":0,"master_deck":["AscendersBane","Strike_R","Strike_R","Strike_R","Strike_R","Strike_R","Defend_R","Defend_R","Defend_R","Defend_R","Bash","Cleave","Flame Barrier","Armaments+1","Battle Trance","Headbutt","Flame Barrier"],"relics":["Burning Blood","Lantern","Blue Candle","Self Forming Clay"],"potions_floor_usage":[5],"damage_taken":[{"damage":1,"enemies":"Cultist","floor":1,"turns":3},{"damage":10,"enemies":"Small Slimes","floor":2,"turns":3},{"damage":7,"enemies":"2 Louse","floor":3,"turns":2},{"damage":18,"enemies":"Exordium Wildlife","floor":4,"turns":7},{"damage":10,"enemies":"Lots of Slimes","floor":5,"turns":4},{"damage":43,"enemies":"Lagavulin","floor":7,"turns":7},{"damage":54,"enemies":"Gremlin Nob","floor":10,"turns":4}],"seed_played":"-2051042505963813866","potions_obtained":[{"floor":4,"key":"SkillPotion"}],"is_trial":false,"path_per_floor":["M","M","M","M","M","R","E","R","T","E"],"character_chosen":"IRONCLAD","items_purchased":[],"campfire_rested":1,"item_purchase_floors":[],"current_hp_per_floor":[73,69,68,56,52,52,15,37,37,0],"gold":200,"neow_bonus":"RANDOM_COMMON_RELIC","is_prod":false,"is_daily":false,"chose_seed":false,"campfire_upgraded":1,"win_rate":0,"timestamp":1551836691,"path_taken":["M","M","M","M","M","R","E","R","T","E"],"build_version":"2019-01-23","purchased_purges":0,"victory":false,"max_hp_per_floor":[75,75,75,75,75,75,75,75,75,75],"card_choices":[{"not_picked":["True Grit","Corruption"],"picked":"Cleave","floor":1},{"not_picked":["Pummel","Armaments"],"picked":"Flame Barrier","floor":2},{"not_picked":["True Grit","Pommel Strike"],"picked":"Armaments","floor":3},{"not_picked":["Pommel Strike","Anger"],"picked":"Battle Trance","floor":4},{"not_picked":["Burning Pact","Combust"],"picked":"Headbutt","floor":5},{"not_picked":["Pommel Strike","Armaments"],"picked":"Flame Barrier","floor":7}],"player_experience":1338833,"relics_obtained":[{"floor":7,"key":"Blue Candle"},{"floor":9,"key":"Self Forming Clay"}],"event_choices":[],"is_beta":false,"boss_relics":[],"items_purged_floors":[],"is_endless":false,"potions_floor_spawned":[4],"killed_by":"Gremlin Nob","ascension_level":20}