{"gold_per_floor":[114,64,79,95,115,115,128,138,189,201,225,226,238,266,278,290],"floor_reached":16,"playtime":3405,"items_purged":[],"score":98,"play_id":"709bebcf-4a60-4ca7-a736-aaeff48eee95","local_time":"20190316133617","is_ascension_mode":false,"campfire_choices":[{"data":"Coolheaded","floor":10,"key":"SMITH"},{"data":"Electrodynamics","floor":13,"key":"SMITH"},{"data":"Reinforced Body","floor":15,"key":"SMITH"}],"neow_cost":"NONE","seed_source_timestamp":241655393570962,"circlet_count":0,"master_deck":["Strike_B","Strike_B","Strike_B","Defend_B","Defend_B","Defend_B","Defend_B","Zap","Dualcast","Coolheaded+1","Hologram","Cold Snap","Conserve Battery","Multi-Cast","Conserve Battery","Coolheaded","Hologram","Electrodynamics+1","Reinforced Body+1"],"relics":["Cracked Core","MawBank"],"potions_floor_usage":[16,16,16,16],"damage_taken":[{"damage":0,"enemies":"Jaw Worm","floor":1,"turns":3},{"damage":1,"enemies":"2 Louse","floor":3,"turns":3},{"damage":0,"enemies":"Cultist","floor":4,"turns":4},{"damage":4,"enemies":"3 Louse","floor":5,"turns":4},{"damage":7,"enemies":"Exordium Thugs","floor":7,"turns":6},{"damage":0,"enemies":"Large Slime","floor":8,"turns":7},{"damage":3,"enemies":"Red Slaver","floor":11,"turns":6},{"damage":8,"enemies":"Exordium Thugs","floor":12,"turns":6},{"damage":0,"enemies":"Looter","floor":14,"turns":3},{"damage":78,"enemies":"Hexaghost","floor":16,"turns":21}],"seed_played":"-2975164371979351447","potions_obtained":[{"floor":5,"key":"Energy Potion"},{"floor":8,"key":"SteroidPotion"},{"floor":12,"key":"PowerPotion"},{"floor":14,"key":"EntropicBrew"}],"is_trial":false,"path_per_floor":["M","?","M","M","M","?","M","M","T","R","M","M","R","M","R","B"],"character_chosen":"DEFECT","items_purchased":[],"campfire_rested":0,"item_purchase_floors":[],"current_hp_per_floor":[82,82,81,81,77,77,70,70,70,70,67,59,59,59,59,0],"gold":290,"neow_bonus":"TEN_PERCENT_HP_BONUS","is_prod":false,"is_daily":false,"chose_seed":false,"campfire_upgraded":3,"win_rate":0.0,"timestamp":1552761377,"path_taken":["M","?","M","M","M","?","M","M","T","R","?","M","R","M","R","BOSS"],"build_version":"2019-01-23","purchased_purges":0,"victory":false,"max_hp_per_floor":[82,82,82,82,82,82,82,82,82,82,82,82,82,82,82,82],"card_choices":[{"not_picked":["Leap","Sweeping Beam"],"picked":"Coolheaded","floor":1},{"not_picked":["Compile Driver","Storm"],"picked":"Hologram","floor":3},{"not_picked":["Leap","Reprogram"],"picked":"Cold Snap","floor":4},{"not_picked":["Go for the Eyes","Darkness"],"picked":"Conserve Battery","floor":5},{"not_picked":["Coolheaded","Tempest"],"picked":"Conserve Battery","floor":7},{"not_picked":["Rip and Tear","Barrage"],"picked":"Coolheaded","floor":8},{"not_picked":["Steam","Chaos"],"picked":"Hologram","floor":11},{"not_picked":["Streamline","Ball Lightning"],"picked":"Electrodynamics","floor":12},{"not_picked":["Gash","Barrage"],"picked":"Reinforced Body","floor":14}],"player_experience":20891,"relics_obtained":[{"floor":9,"key":"MawBank"}],"event_choices":[{"cards_removed":["Strike_B"],"damage_healed":0,"gold_gain":0,"player_choice":"Card Removal","damage_taken":0,"max_hp_gain":0,"max_hp_loss":0,"event_name":"The Cleric","floor":2,"gold_loss":50},{"damage_healed":0,"gold_gain":0,"player_choice":"1 cards matched","damage_taken":0,"max_hp_gain":0,"max_hp_loss":0,"event_name":"Match and Keep!","floor":6,"gold_loss":0,"cards_obtained":["Multi-Cast"]}],"is_beta":false,"boss_relics":[],"items_purged_floors":[],"is_endless":false,"potions_floor_spawned":[5,8,12,14],"killed_by":"Hexaghost","ascension_level":0}