{"gold_per_floor":[115,40,40,51,70,70,33,51,120,120,135,135,135,161,173,258,270,297,309],"floor_reached":19,"playtime":919,"items_purged":["Strike_R"],"score":301,"play_id":"120065e4-370d-4d6b-b146-698c44172d40","local_time":"20190211012414","is_ascension_mode":true,"campfire_choices":[{"data":"Infernal Blade","floor":6,"key":"SMITH"},{"data":"Pommel Strike","floor":12,"key":"SMITH"},{"floor":15,"key":"REST"}],"neow_cost":"NONE","seed_source_timestamp":2011170340964952,"circlet_count":0,"master_deck":["AscendersBane","Strike_R","Strike_R","Strike_R","Defend_R","Defend_R","Defend_R","Defend_R","Bash","Pommel Strike+1","Infernal Blade+1","Inflame","Flex","Offering","Berserk"],"relics":["Black Blood","NeowsBlessing","Question Card","MawBank"],"potions_floor_usage":[8,16,16,18,18,19],"damage_taken":[{"damage":0,"enemies":"2 Louse","floor":1,"turns":2},{"damage":0,"enemies":"Cultist","floor":4,"turns":1},{"damage":0,"enemies":"Jaw Worm","floor":5,"turns":1},{"damage":4,"enemies":"3 Louse","floor":8,"turns":3},{"damage":4,"enemies":"Large Slime","floor":11,"turns":4},{"damage":40,"enemies":"Lagavulin","floor":14,"turns":6},{"damage":50,"enemies":"Hexaghost","floor":16,"turns":7},{"damage":44,"enemies":"2 Thieves","floor":18,"turns":4},{"damage":41,"enemies":"3 Byrds","floor":19,"turns":2}],"seed_played":"703993821664314831","potions_obtained":[{"floor":1,"key":"SkillPotion"},{"floor":3,"key":"SkillPotion"},{"floor":14,"key":"EntropicBrew"},{"floor":16,"key":"BloodPotion"},{"floor":18,"key":"SteroidPotion"}],"is_trial":false,"path_per_floor":["M","$","?","M","M","R","$","M","T","?","M","R","?","E","R","B",null,"M","M"],"character_chosen":"IRONCLAD","items_purchased":["Inflame"],"campfire_rested":1,"item_purchase_floors":[7],"current_hp_per_floor":[74,74,74,75,75,75,75,75,75,68,70,70,75,41,65,21,65,39,0],"gold":309,"neow_bonus":"THREE_ENEMY_KILL","is_prod":false,"is_daily":false,"chose_seed":false,"campfire_upgraded":2,"win_rate":0,"timestamp":1549873454,"path_taken":["M","$","?","M","?","R","$","M","T","?","M","R","?","E","R","BOSS","M","M"],"build_version":"2019-01-23","purchased_purges":1,"victory":false,"max_hp_per_floor":[75,75,75,75,75,75,75,75,75,75,75,75,80,80,80,80,80,80,80],"card_choices":[{"not_picked":["Sentinel","Warcry"],"picked":"Pommel Strike","floor":1},{"not_picked":["Pommel Strike","Havoc"],"picked":"Infernal Blade","floor":4},{"not_picked":["Evolve","Anger","Sword Boomerang"],"picked":"SKIP","floor":5},{"not_picked":["Battle Trance","Shockwave"],"picked":"Flex","floor":8},{"not_picked":["Twin Strike","Reckless Charge","Disarm","Flex"],"picked":"SKIP","floor":11},{"not_picked":["Flex","Sword Boomerang","Exhume"],"picked":"Offering","floor":14},{"not_picked":["Fiend Fire","Dark Embrace","Brutality"],"picked":"Berserk","floor":16},{"not_picked":["Rupture","Burning Pact","Carnage","Combust"],"picked":"SKIP","floor":18}],"player_experience":1067248,"relics_obtained":[{"floor":9,"key":"Question Card"},{"floor":14,"key":"MawBank"}],"event_choices":[{"damage_healed":0,"gold_gain":0,"player_choice":"Got Potions","damage_taken":0,"max_hp_gain":0,"max_hp_loss":0,"event_name":"Lab","floor":3,"gold_loss":0},{"cards_removed":["Strike_R"],"damage_healed":0,"gold_gain":0,"player_choice":"Card Removal","damage_taken":7,"max_hp_gain":0,"max_hp_loss":0,"event_name":"Golden Wing","floor":10,"gold_loss":0},{"damage_healed":0,"gold_gain":0,"player_choice":"Donut","damage_taken":0,"max_hp_gain":5,"max_hp_loss":0,"event_name":"Big Fish","floor":13,"gold_loss":0}],"is_beta":false,"boss_relics":[{"not_picked":["Ectoplasm","White Beast Statue"],"picked":"Black Blood"}],"items_purged_floors":[2],"is_endless":false,"potions_floor_spawned":[1,14,16,18],"killed_by":"3 Byrds","ascension_level":16}