{"gold_per_floor":[115,115,40,56,56,91,91,106,106,165,196,196,196,210,210,283,283,299,316,327,41,78,78,88,88,113,113,263,318,368,385,385,385],"floor_reached":33,"playtime":2708,"items_purged":["Pain"],"score":550,"play_id":"241b47ee-9910-40fe-9a7d-7046b766a641","local_time":"20190212231331","is_ascension_mode":true,"campfire_choices":[{"floor":7,"key":"REST"},{"floor":12,"key":"REST"},{"floor":15,"key":"REST"},{"floor":23,"key":"REST"},{"floor":25,"key":"REST"},{"floor":27,"key":"REST"},{"floor":32,"key":"REST"}],"neow_cost":"NONE","seed_source_timestamp":2174341744576958,"circlet_count":0,"master_deck":["AscendersBane","Defend_G","Defend_G","Defend_G","Defend_G","Defend_G","Strike_G","Strike_G","Strike_G","Strike_G","Survivor","Neutralize","Terror","Outmaneuver","Noxious Fumes","Backstab","Reflex","Phantasmal Killer","Flying Knee","Cloak And Dagger","Dagger Spray","Night Terror","Quick Slash","Slice","HandOfGreed","Slice","Choke","Well Laid Plans","Backflip","Cloak And Dagger","Finisher","Dagger Spray+1","Dodge and Roll","Blade Dance","Leg Sweep"],"relics":["Ring of the Snake","NeowsBlessing","WarpedTongs","The Courier","Mango","Ninja Scroll","Oddly Smooth Stone","Dream Catcher","Lizard Tail","Bag of Marbles","Blood Vial","Nunchaku","Paper Crane","Snake Skull"],"potions_floor_usage":[10,16,18,19,22,28,31,33],"damage_taken":[{"damage":0,"enemies":"2 Louse","floor":1,"turns":1},{"damage":0,"enemies":"Cultist","floor":4,"turns":1},{"damage":0,"enemies":"Lagavulin","floor":6,"turns":1},{"damage":12,"enemies":"Small Slimes","floor":8,"turns":5},{"damage":15,"enemies":"Lagavulin Event","floor":10,"turns":5},{"damage":15,"enemies":"3 Sentries","floor":11,"turns":8},{"damage":0,"enemies":"Looter","floor":14,"turns":1},{"damage":15,"enemies":"The Guardian","floor":16,"turns":11},{"damage":22,"enemies":"Spheric Guardian","floor":18,"turns":7},{"damage":12,"enemies":"Chosen","floor":19,"turns":4},{"damage":27,"enemies":"Shelled Parasite and Fungi","floor":20,"turns":5},{"damage":6,"enemies":"Cultist and Chosen","floor":22,"turns":4},{"damage":0,"enemies":"Centurion and Healer","floor":24,"turns":4},{"damage":11,"enemies":"Colosseum Slavers","floor":28,"turns":5},{"damage":14,"enemies":"Colosseum Nobs","floor":28,"turns":6},{"damage":28,"enemies":"Book of Stabbing","floor":29,"turns":4},{"damage":14,"enemies":"Snake Plant","floor":31,"turns":5},{"damage":137,"enemies":"Collector","floor":33,"turns":12}],"seed_played":"-7412746748397829837","potions_obtained":[{"floor":4,"key":"Strength Potion"},{"floor":8,"key":"Weak Potion"},{"floor":10,"key":"Ancient Potion"},{"floor":14,"key":"Explosive Potion"},{"floor":18,"key":"Swift Potion"},{"floor":20,"key":"PowerPotion"},{"floor":22,"key":"SteroidPotion"},{"floor":28,"key":"SpeedPotion"},{"floor":31,"key":"GamblersBrew"}],"is_trial":false,"path_per_floor":["M","?","$","M","?","E","R","M","T","?","E","R","?","M","R","B",null,"M","M","M","$","M","R","M","R","T","R","?","E","?","M","R","B"],"character_chosen":"THE_SILENT","items_purchased":["Bag of Marbles","HandOfGreed","Slice"],"campfire_rested":7,"item_purchase_floors":[21,21,21],"current_hp_per_floor":[59,59,59,59,24,38,62,50,50,35,20,44,37,37,61,46,72,50,38,11,11,5,29,29,53,53,77,56,30,30,18,42,0],"gold":385,"neow_bonus":"THREE_ENEMY_KILL","is_prod":false,"is_daily":false,"chose_seed":false,"campfire_upgraded":0,"win_rate":0,"timestamp":1550038411,"path_taken":["M","?","$","?","?","E","R","M","T","?","E","R","?","M","R","BOSS","M","M","M","$","M","R","M","R","T","R","?","E","?","M","R","BOSS"],"build_version":"2019-01-23","purchased_purges":1,"victory":false,"max_hp_per_floor":[66,66,66,66,66,80,80,80,80,80,80,80,80,80,80,80,80,80,80,80,80,80,80,80,80,80,80,80,80,80,80,80,80],"card_choices":[{"not_picked":["Prepared","Poisoned Stab"],"picked":"Terror","floor":1},{"not_picked":["Backflip","Setup"],"picked":"Outmaneuver","floor":4},{"not_picked":["Deadly Poison","Expertise"],"picked":"Noxious Fumes","floor":6},{"not_picked":["Predator","Quick Slash"],"picked":"Backstab","floor":8},{"not_picked":["Dagger Throw","Acrobatics"],"picked":"Reflex","floor":10},{"not_picked":["Deadly Poison","Crippling Poison"],"picked":"Phantasmal Killer","floor":11},{"not_picked":["Quick Slash","Outmaneuver"],"picked":"Flying Knee","floor":12},{"not_picked":["Acrobatics","Dodge and Roll"],"picked":"Cloak And Dagger","floor":14},{"not_picked":["Blade Dance","Heel Hook"],"picked":"Dagger Spray","floor":15},{"not_picked":["Wraith Form v2","Die Die Die"],"picked":"Night Terror","floor":16},{"not_picked":["Endless Agony","Poisoned Stab","Sucker Punch"],"picked":"SKIP","floor":18},{"not_picked":["PiercingWail","Sucker Punch"],"picked":"Quick Slash","floor":19},{"not_picked":["Dagger Spray","Deadly Poison"],"picked":"Slice","floor":20},{"not_picked":["Heel Hook","Outmaneuver"],"picked":"Choke","floor":22},{"not_picked":["Setup","Grand Finale"],"picked":"Well Laid Plans","floor":23},{"not_picked":["Eviscerate","Masterful Stab"],"picked":"Backflip","floor":24},{"not_picked":["Quick Slash","Infinite Blades"],"picked":"Cloak And Dagger","floor":25},{"not_picked":["Terror","Backflip"],"picked":"Finisher","floor":27},{"not_picked":["PiercingWail","Cloak And Dagger+1"],"picked":"Dagger Spray+1","floor":28},{"not_picked":["Riddle With Holes","Slice"],"picked":"Dodge and Roll","floor":29},{"not_picked":["Deadly Poison","Glass Knife"],"picked":"Blade Dance","floor":31},{"not_picked":["Flying Knee","Finisher"],"picked":"Leg Sweep","floor":32}],"player_experience":1092902,"relics_obtained":[{"floor":6,"key":"Mango"},{"floor":9,"key":"Ninja Scroll"},{"floor":10,"key":"Oddly Smooth Stone"},{"floor":11,"key":"Dream Catcher"},{"floor":26,"key":"Blood Vial"},{"floor":28,"key":"Nunchaku"},{"floor":28,"key":"Paper Crane"},{"floor":29,"key":"Snake Skull"}],"event_choices":[{"damage_healed":0,"gold_gain":0,"player_choice":"Rummage","damage_taken":0,"relics_obtained":["WarpedTongs"],"max_hp_gain":0,"max_hp_loss":0,"event_name":"Accursed Blacksmith","floor":2,"gold_loss":0,"cards_obtained":["Pain"]},{"damage_healed":0,"gold_gain":0,"player_choice":"Success","damage_taken":35,"relics_obtained":["The Courier"],"max_hp_gain":0,"max_hp_loss":0,"event_name":"Scrap Ooze","floor":5,"gold_loss":0},{"damage_healed":0,"gold_gain":0,"player_choice":"Searched \u00271\u0027 times","damage_taken":0,"max_hp_gain":0,"max_hp_loss":0,"event_name":"Dead Adventurer","floor":10,"gold_loss":0},{"cards_removed":["Strike_G"],"damage_healed":0,"gold_gain":0,"player_choice":"Card Removal","damage_taken":7,"max_hp_gain":0,"max_hp_loss":0,"event_name":"Golden Wing","floor":13,"gold_loss":0},{"damage_healed":0,"gold_gain":0,"player_choice":"Fight","damage_taken":0,"max_hp_gain":0,"max_hp_loss":0,"event_name":"Colosseum","floor":28,"gold_loss":0},{"damage_healed":0,"gold_gain":0,"player_choice":"Fought Nobs","damage_taken":0,"max_hp_gain":0,"max_hp_loss":0,"event_name":"Colosseum","floor":28,"gold_loss":0},{"damage_healed":0,"gold_gain":50,"player_choice":"Stole From Cult","damage_taken":0,"max_hp_gain":0,"max_hp_loss":0,"event_name":"Nest","floor":30,"gold_loss":0}],"is_beta":false,"boss_relics":[{"not_picked":["White Beast Statue","Coffee Dripper"],"picked":"Lizard Tail"}],"items_purged_floors":[3],"is_endless":false,"potions_floor_spawned":[4,8,10,14,18,20,22,28,28,31],"killed_by":"Collector","ascension_level":15}