{"path_per_floor":["M","M","?","?","M","R","E","R","T","R","E","R","T","$","R","B",null,"M","M","M","M","?","R","E","R","T","R","$","E","M","M","R","B",null,"M","M","?","$","M","R"],"character_chosen":"DEFECT","items_purchased":["Flash of Steel","Lantern","Nova","Bronze Scales"],"gold_per_floor":[119,130,130,130,140,140,171,171,171,171,200,200,223,46,46,147,147,158,172,192,212,212,212,243,243,243,243,91,117,131,142,142,245,245,263,279,279,60,70,70,70],"floor_reached":41,"campfire_rested":2,"playtime":3248,"item_purchase_floors":[14,28,38,38],"current_hp_per_floor":[68,68,43,36,43,43,34,34,34,56,38,38,38,38,38,34,65,74,63,65,58,75,75,44,44,44,66,66,56,72,75,75,39,66,75,65,65,65,46,46,0],"items_purged":["Strike_B"],"gold":70,"score":615,"play_id":"78e578fb-eda0-4d5b-9536-869624640f6f","local_time":"20180522012620","is_prod":false,"is_daily":false,"chose_seed":false,"is_ascension_mode":true,"campfire_upgraded":2,"timestamp":1526973980,"campfire_choices":[{"data":"Defend_B","floor":6,"key":"PURGE"},{"data":"Strike_B","floor":8,"key":"PURGE"},{"floor":10,"key":"REST"},{"data":"Sweeping Beam","floor":12,"key":"SMITH"},{"data":"Strike_B","floor":15,"key":"PURGE"},{"data":"Creative AI","floor":23,"key":"SMITH"},{"data":"Defend_B","floor":25,"key":"PURGE"},{"floor":27,"key":"REST"},{"data":"Defend_B","floor":32,"key":"PURGE"},{"data":"Defend_B","floor":40,"key":"PURGE"}],"path_taken":["M","M","?","?","M","R","E","R","T","R","E","R","?","?","R","BOSS","M","M","M","M","?","R","E","R","T","R","?","E","M","M","R","BOSS","M","M","?","$","?","R","E"],"build_version":"2018-05-18","seed_source_timestamp":1050934079556369,"purchased_purges":1,"victory":false,"master_deck":["Zap","Dualcast","Go for the Eyes","Self Repair","Leap","FTL+1","Sweeping Beam+1","Flash of Steel","Creative AI+1","Cold Snap+1","Amplify","Glacier","Electrodynamics","White Noise+1","Nova"],"max_hp_per_floor":[75,75,75,75,75,75,75,75,75,75,75,75,75,75,75,75,75,75,75,75,75,75,75,75,75,75,75,75,75,75,75,75,75,75,75,75,75,75,75,75,75],"relics":["Cracked Core","NeowsBlessing","Peace Pipe","Gremlin Horn","Thread and Needle","Blood Vial","Anchor","Sozu","Whetstone","Ginger","Lantern","Bag of Preparation","Inserter","Bronze Scales"],"card_choices":[{"not_picked":["FTL","Beam Cell"],"picked":"Go for the Eyes","floor":1},{"not_picked":["Hello World","Turbo"],"picked":"Self Repair","floor":2},{"not_picked":["Hello World","Coolheaded"],"picked":"Leap","floor":5},{"not_picked":["Turbo","Hologram"],"picked":"FTL","floor":7},{"not_picked":["Steam","Stack"],"picked":"Sweeping Beam","floor":11},{"not_picked":["Buffer","Biased Cognition"],"picked":"Creative AI","floor":16},{"not_picked":["Rebound+1","Skim+1","Stack"],"picked":"SKIP","floor":18},{"not_picked":["Turbo","Blizzard"],"picked":"Cold Snap","floor":19},{"not_picked":["Stack","Genetic Algorithm","Fusion"],"picked":"SKIP","floor":20},{"not_picked":["Capacitor","Streamline"],"picked":"Amplify","floor":21},{"not_picked":["Ball Lightning","Capacitor"],"picked":"Glacier","floor":24},{"not_picked":["Stack","Barrage+1","Axe Kick"],"picked":"SKIP","floor":29},{"not_picked":["Cold Snap","Double Energy+1","Rebound"],"picked":"SKIP","floor":30},{"not_picked":["Fission","Skim+1"],"picked":"Doom and Gloom+1","floor":31},{"not_picked":["Rainbow","Seek"],"picked":"Electrodynamics","floor":33},{"not_picked":["Barrage","Go for the Eyes"],"picked":"White Noise+1","floor":35},{"not_picked":["Static Discharge","Axe Kick+1","Loop+1"],"picked":"SKIP","floor":36},{"not_picked":["Capacitor","Ball Lightning+1","Beam Cell"],"picked":"SKIP","floor":39}],"player_experience":154001,"potions_floor_usage":[7,41],"damage_taken":[{"damage":0,"enemies":"Jaw Worm","floor":1,"turns":1},{"damage":0,"enemies":"Small Slimes","floor":2,"turns":1},{"damage":0,"enemies":"2 Louse","floor":5,"turns":1},{"damage":16,"enemies":"Lagavulin","floor":7,"turns":7},{"damage":25,"enemies":"3 Sentries","floor":11,"turns":8},{"damage":13,"enemies":"The Guardian","floor":16,"turns":12},{"damage":0,"enemies":"3 Byrds","floor":18,"turns":4},{"damage":26,"enemies":"Spheric Guardian","floor":19,"turns":6},{"damage":7,"enemies":"Snake Plant","floor":20,"turns":5},{"damage":16,"enemies":"Snecko","floor":21,"turns":8},{"damage":38,"enemies":"Book of Stabbing","floor":24,"turns":6},{"damage":19,"enemies":"Gremlin Leader","floor":29,"turns":8},{"damage":0,"enemies":"Centurion and Healer","floor":30,"turns":8},{"damage":2,"enemies":"Sentry and Sphere","floor":31,"turns":4},{"damage":50,"enemies":"Automaton","floor":33,"turns":9},{"damage":3,"enemies":"Orb Walker","floor":35,"turns":4},{"damage":17,"enemies":"Flame Bruiser 1 Orb","floor":36,"turns":6},{"damage":35,"enemies":"Sphere and 2 Shapes","floor":39,"turns":5},{"damage":65,"enemies":"2 Orb Walkers","floor":41,"turns":4}],"relics_obtained":[{"floor":7,"key":"Gremlin Horn"},{"floor":9,"key":"Thread and Needle"},{"floor":11,"key":"Blood Vial"},{"floor":13,"key":"Anchor"},{"floor":24,"key":"Whetstone"},{"floor":26,"key":"Ginger"},{"floor":29,"key":"Bag of Preparation"}],"event_choices":[{"event_name":"Scrap Ooze","player_choice":"success","floor":3,"damage_taken":25},{"event_name":"Golden Wing","player_choice":"Card Removal","floor":4,"damage_taken":0},{"event_name":"Wheel of Change","player_choice":"Full Heal","floor":22,"damage_taken":0}],"boss_relics":[{"not_picked":["Velvet Choker","Tiny House"],"picked":"Sozu"},{"not_picked":["Philosopher\u0027s Stone","Orrery"],"picked":"Inserter"}],"items_purged_floors":[14],"potions_floor_spawned":[1,11,21,24,33,39],"seed_played":"5285116025596751107","killed_by":"2 Orb Walkers","ascension_level":8,"potions_obtained":[{"floor":1,"key":"Block Potion"},{"floor":11,"key":"SpeedPotion"}],"is_trial":false}