{"gold_per_floor":[114,125,50,50,63,63,75,75,105,105,118,135,154,173,173,173],"floor_reached":16,"playtime":1201,"items_purged":["Strike_R"],"score":192,"play_id":"12c2ff50-2d7b-46e5-a4f7-f05e06567d37","local_time":"20190309011252","is_ascension_mode":true,"campfire_choices":[{"data":"Flash of Steel","floor":6,"key":"SMITH"},{"data":"Uppercut","floor":8,"key":"SMITH"},{"data":"Body Slam","floor":10,"key":"SMITH"},{"floor":15,"key":"REST"}],"neow_cost":"CURSE","seed_source_timestamp":178688173127191,"circlet_count":0,"master_deck":["AscendersBane","Strike_R","Strike_R","Strike_R","Strike_R","Defend_R","Defend_R","Defend_R","Defend_R","Bash","Panacea","Flash of Steel+1","Injury","Inflame","Body Slam+1","Blood for Blood","Uppercut+1","Shrug It Off","Power Through","Thunderclap","Ghostly Armor"],"relics":["Burning Blood","Tiny Chest"],"potions_floor_usage":[],"damage_taken":[{"damage":13,"enemies":"Jaw Worm","floor":1,"turns":6},{"damage":6,"enemies":"Cultist","floor":2,"turns":3},{"damage":19,"enemies":"Small Slimes","floor":5,"turns":4},{"damage":14,"enemies":"Red Slaver","floor":7,"turns":3},{"damage":10,"enemies":"3 Louse","floor":11,"turns":3},{"damage":13,"enemies":"Blue Slaver","floor":12,"turns":3},{"damage":10,"enemies":"Exordium Thugs","floor":13,"turns":4},{"damage":6,"enemies":"Red Slaver","floor":14,"turns":3},{"damage":50,"enemies":"The Guardian","floor":16,"turns":5}],"seed_played":"-8132618495639781661","potions_obtained":[{"floor":4,"key":"SpeedPotion"},{"floor":4,"key":"Dexterity Potion"},{"floor":12,"key":"LiquidBronze"}],"is_trial":false,"path_per_floor":["M","M","$","?","M","R","M","R","T","R","M","M","M","M","R","B"],"character_chosen":"IRONCLAD","items_purchased":[],"campfire_rested":1,"item_purchase_floors":[],"current_hp_per_floor":[61,61,61,61,48,48,40,40,40,40,36,29,25,25,47,0],"gold":173,"neow_bonus":"RANDOM_COLORLESS_2","is_prod":false,"is_daily":false,"chose_seed":false,"campfire_upgraded":3,"win_rate":0,"timestamp":1552119172,"path_taken":["M","M","$","?","M","R","?","R","T","R","M","M","M","M","R","BOSS"],"build_version":"2019-01-23","purchased_purges":1,"victory":false,"max_hp_per_floor":[75,75,75,75,75,75,75,75,75,75,75,75,75,75,75,75],"card_choices":[{"not_picked":["Perfected Strike","Havoc"],"picked":"Inflame","floor":1},{"not_picked":["Warcry","Clothesline"],"picked":"Body Slam","floor":2},{"not_picked":["Heavy Blade","Flex"],"picked":"Blood for Blood","floor":5},{"not_picked":["Reckless Charge","Cleave"],"picked":"Uppercut","floor":7},{"not_picked":["Heavy Blade","Sentinel"],"picked":"Shrug It Off","floor":11},{"not_picked":["Body Slam","Shockwave"],"picked":"Power Through","floor":12},{"not_picked":["Sentinel","Wild Strike"],"picked":"Thunderclap","floor":13},{"not_picked":["Berserk","Flex"],"picked":"Ghostly Armor","floor":14}],"player_experience":1378266,"relics_obtained":[{"floor":9,"key":"Tiny Chest"}],"event_choices":[{"damage_healed":0,"gold_gain":0,"player_choice":"Got Potions","damage_taken":0,"max_hp_gain":0,"max_hp_loss":0,"event_name":"Lab","floor":4,"gold_loss":0}],"is_beta":false,"boss_relics":[],"items_purged_floors":[3],"is_endless":false,"potions_floor_spawned":[5,12,14],"killed_by":"The Guardian","ascension_level":20}