{"gold_per_floor":[360,360,34,46,121,121,121,140,140,140,154,60,76,90,90,193,193,207,207,62,62,38,38,57,57,57,74,85,95,112,130,130,130],"floor_reached":33,"playtime":1692,"items_purged":[],"score":290,"play_id":"f9f4c722-ab40-4887-8914-0d9d63dc7c15","local_time":"20190316000232","is_ascension_mode":true,"campfire_choices":[{"data":"Searing Blow","floor":6,"key":"SMITH"},{"data":"Searing Blow+1","floor":10,"key":"SMITH"},{"data":"Armaments","floor":15,"key":"SMITH"},{"data":"Searing Blow+2","floor":23,"key":"SMITH"},{"data":"Armaments","floor":25,"key":"SMITH"},{"floor":32,"key":"REST"}],"neow_cost":"CURSE","seed_source_timestamp":238828449029046,"circlet_count":0,"master_deck":["Strike_R","Strike_R","Strike_R","Strike_R","Defend_R","Defend_R","Defend_R","Defend_R","Bash","Writhe","Perfected Strike","Searing Blow+3","True Grit","Armaments+1","Dual Wield","Armaments+1","Armaments","Flame Barrier","Necronomicurse","Shrug It Off","Shrug It Off","Metallicize","Shrug It Off"],"relics":["Burning Blood","Mango","Blood Vial","Gremlin Horn","White Beast Statue","Necronomicon","Strawberry","Dodecahedron"],"potions_floor_usage":[16,31,33,33],"damage_taken":[{"damage":7,"enemies":"Jaw Worm","floor":1,"turns":3},{"damage":6,"enemies":"Cultist","floor":4,"turns":3},{"damage":0,"enemies":"2 Louse","floor":8,"turns":2},{"damage":0,"enemies":"Large Slime","floor":11,"turns":4},{"damage":23,"enemies":"Exordium Thugs","floor":13,"turns":6},{"damage":6,"enemies":"2 Fungi Beasts","floor":14,"turns":3},{"damage":85,"enemies":"Slime Boss","floor":16,"turns":17},{"damage":19,"enemies":"3 Byrds","floor":18,"turns":6},{"damage":10,"enemies":"Spheric Guardian","floor":24,"turns":4},{"damage":21,"enemies":"Snake Plant","floor":27,"turns":4},{"damage":20,"enemies":"Snecko","floor":28,"turns":4},{"damage":22,"enemies":"Shelled Parasite and Fungi","floor":29,"turns":5},{"damage":19,"enemies":"Centurion and Healer","floor":30,"turns":9},{"damage":18,"enemies":"Cultist and Chosen","floor":31,"turns":8},{"damage":50,"enemies":"Collector","floor":33,"turns":5}],"seed_played":"-7040349104494437509","potions_obtained":[{"floor":1,"key":"LiquidBronze"},{"floor":8,"key":"Regen Potion"},{"floor":13,"key":"GamblersBrew"},{"floor":18,"key":"Explosive Potion"},{"floor":24,"key":"Swift Potion"},{"floor":28,"key":"Energy Potion"},{"floor":29,"key":"PowerPotion"},{"floor":30,"key":"PowerPotion"},{"floor":31,"key":"Weak Potion"}],"is_trial":false,"path_per_floor":["M","?","$","M","?","R","?","M","T","R","M","$","M","M","R","B",null,"M","?","$","?","$","R","M","R","T","M","M","M","M","M","R","B"],"character_chosen":"IRONCLAD","items_purchased":["Searing Blow","Mango","Dual Wield","Armaments","Strawberry","Shrug It Off"],"campfire_rested":1,"item_purchase_floors":[3,3,12,12,20,22],"current_hp_per_floor":[79,79,93,93,82,82,82,90,90,90,94,94,77,79,79,17,94,81,65,72,72,72,72,70,70,70,57,45,31,20,10,40,0],"gold":130,"neow_bonus":"TWO_FIFTY_GOLD","is_prod":false,"is_daily":false,"chose_seed":false,"campfire_upgraded":5,"win_rate":0,"timestamp":1552708952,"path_taken":["M","?","?","M","?","R","?","M","T","R","?","$","M","M","R","BOSS","M","?","$","?","$","R","M","R","T","M","M","?","M","M","R","BOSS"],"build_version":"2019-01-23","purchased_purges":0,"victory":false,"max_hp_per_floor":[80,80,94,94,94,94,94,94,94,94,94,94,94,94,94,94,94,94,94,101,101,101,101,101,101,101,101,101,101,101,101,101,101],"card_choices":[{"not_picked":["Thunderclap","Seeing Red"],"picked":"Perfected Strike","floor":1},{"not_picked":["Headbutt","Pommel Strike","Havoc"],"picked":"SKIP","floor":4},{"not_picked":["Intimidate","Thunderclap"],"picked":"True Grit","floor":8},{"not_picked":["Blood for Blood","Iron Wave"],"picked":"Armaments","floor":11},{"not_picked":["Sword Boomerang","Shockwave"],"picked":"Armaments","floor":13},{"not_picked":["Sword Boomerang","Searing Blow"],"picked":"Flame Barrier","floor":14},{"not_picked":["Cleave","Body Slam","Corruption"],"picked":"SKIP","floor":18},{"not_picked":["True Grit","Sever Soul","Ghostly Armor+1"],"picked":"SKIP","floor":24},{"not_picked":["Sentinel","Armaments"],"picked":"Shrug It Off","floor":27},{"not_picked":["Iron Wave+1","Feel No Pain","Searing Blow"],"picked":"SKIP","floor":28},{"not_picked":["Pummel+1","Anger","True Grit"],"picked":"SKIP","floor":29},{"not_picked":["Power Through+1","Body Slam+1"],"picked":"Metallicize","floor":30},{"not_picked":["Second Wind","Warcry"],"picked":"Shrug It Off","floor":31}],"player_experience":1245150,"relics_obtained":[{"floor":9,"key":"Gremlin Horn"},{"floor":19,"key":"Necronomicon"},{"floor":26,"key":"Dodecahedron"}],"event_choices":[{"damage_healed":0,"gold_gain":0,"cards_transformed":["Strike_R"],"player_choice":"Transformed","damage_taken":0,"max_hp_gain":0,"max_hp_loss":0,"event_name":"Transmorgrifier","floor":2,"gold_loss":0,"cards_obtained":["Thunderclap"]},{"damage_healed":0,"gold_gain":75,"player_choice":"Gather Gold","damage_taken":11,"max_hp_gain":0,"max_hp_loss":0,"event_name":"World of Goop","floor":5,"gold_loss":0},{"cards_removed":["Thunderclap"],"damage_healed":0,"gold_gain":0,"player_choice":"Gave Card","damage_taken":0,"relics_obtained":["Blood Vial"],"max_hp_gain":0,"max_hp_loss":0,"event_name":"WeMeetAgain","floor":7,"gold_loss":0},{"damage_healed":0,"gold_gain":0,"player_choice":"Obtained Book","damage_taken":16,"max_hp_gain":0,"max_hp_loss":0,"event_name":"Cursed Tome","floor":19,"gold_loss":0},{"damage_healed":0,"gold_gain":0,"player_choice":"Got Potions","damage_taken":0,"max_hp_gain":0,"max_hp_loss":0,"event_name":"Lab","floor":21,"gold_loss":0}],"is_beta":false,"boss_relics":[{"not_picked":["Runic Dome","Orrery"],"picked":"White Beast Statue"}],"items_purged_floors":[],"is_endless":false,"potions_floor_spawned":[1,8,13,18,24,27,28,29,30,31],"killed_by":"Collector","ascension_level":2}