{"gold_per_floor":[114,64,64,39,53,80,97,97,143,177,177,177,177,190,190,266,266,280,9,36,46,146,146,173,173],"floor_reached":25,"playtime":1461,"items_purged":["Regret"],"score":416,"play_id":"ca2e59d0-f263-449a-8b9c-4ee916d151f6","local_time":"20190203213512","is_ascension_mode":true,"campfire_choices":[{"data":"Zap","floor":8,"key":"SMITH"},{"floor":11,"key":"REST"},{"data":"Static Discharge","floor":13,"key":"SMITH"},{"data":"Genetic Algorithm","floor":15,"key":"SMITH"},{"floor":23,"key":"REST"}],"neow_cost":"NONE","seed_source_timestamp":1392062796753541,"circlet_count":0,"master_deck":["AscendersBane","Strike_B","Strike_B","Defend_B","Defend_B","Defend_B","Defend_B","Zap+1","Dualcast","Ball Lightning","Barrage","Static Discharge+1","Redo","Sweeping Beam","BootSequence","Genetic Algorithm+1","Electrodynamics","Rebound","Fission","Beam Cell","Scrape+1","Beam Cell","Chill","Reboot"],"relics":["Cracked Core","NeowsBlessing","Pen Nib","Bronze Scales","Happy Flower","The Courier","Sozu","PreservedInsect","Red Mask","Prayer Wheel","Dodecahedron","Singing Bowl"],"potions_floor_usage":[22,22],"damage_taken":[{"damage":0,"enemies":"2 Louse","floor":1,"turns":1},{"damage":0,"enemies":"Small Slimes","floor":5,"turns":1},{"damage":0,"enemies":"Gremlin Nob","floor":6,"turns":1},{"damage":1,"enemies":"Cultist","floor":7,"turns":3},{"damage":25,"enemies":"3 Sentries","floor":10,"turns":4},{"damage":0,"enemies":"2 Fungi Beasts","floor":14,"turns":3},{"damage":40,"enemies":"Hexaghost","floor":16,"turns":4},{"damage":1,"enemies":"3 Byrds","floor":18,"turns":2},{"damage":28,"enemies":"Masked Bandits","floor":20,"turns":4},{"damage":6,"enemies":"Spheric Guardian","floor":21,"turns":3},{"damage":4,"enemies":"Colosseum Slavers","floor":22,"turns":2},{"damage":13,"enemies":"Colosseum Nobs","floor":22,"turns":3},{"damage":18,"enemies":"Gremlin Leader","floor":24,"turns":4},{"damage":14,"enemies":"Centurion and Healer","floor":25,"turns":2}],"seed_played":"-1220587569310136434","potions_obtained":[{"floor":1,"key":"SteroidPotion"},{"floor":5,"key":"Fire Potion"}],"is_trial":false,"path_per_floor":["M","?","?","$","M","E","M","R","T","E","R","?","R","M","R","B",null,"M","$","?","M","?","R","E","M"],"character_chosen":"DEFECT","items_purchased":["Barrage","Fission","Beam Cell","PreservedInsect"],"campfire_rested":2,"item_purchase_floors":[4,19,19,19],"current_hp_per_floor":[68,68,61,61,61,61,60,60,60,35,57,57,57,57,57,17,61,60,60,32,26,9,31,13,0],"gold":173,"neow_bonus":"THREE_ENEMY_KILL","is_prod":false,"is_daily":false,"chose_seed":false,"campfire_upgraded":3,"win_rate":0,"timestamp":1549254912,"path_taken":["M","?","?","$","M","E","M","R","T","E","R","?","R","M","R","BOSS","M","$","?","M","?","R","E","M"],"build_version":"2019-01-23","purchased_purges":1,"victory":false,"max_hp_per_floor":[75,75,75,75,75,75,75,75,75,75,75,75,75,75,75,75,75,75,75,75,75,75,75,75,75],"card_choices":[{"not_picked":["Stack","Beam Cell"],"picked":"Ball Lightning","floor":1},{"not_picked":["Steam","Undo"],"picked":"Static Discharge","floor":5},{"not_picked":["Coolheaded","Leap"],"picked":"Redo","floor":6},{"not_picked":["Melter","Rebound"],"picked":"Sweeping Beam","floor":7},{"not_picked":["Sweeping Beam","Lockon"],"picked":"BootSequence","floor":10},{"not_picked":["Redo","Melter"],"picked":"Genetic Algorithm","floor":14},{"not_picked":["Biased Cognition","Fission"],"picked":"Electrodynamics","floor":16},{"not_picked":["Coolheaded","Hologram"],"picked":"Rebound","floor":18},{"not_picked":["Capacitor","Turbo"],"picked":"Scrape+1","floor":20},{"not_picked":["Loop","White Noise"],"picked":"Beam Cell","floor":21},{"not_picked":["Redo","Coolheaded"],"picked":"Chill","floor":22},{"not_picked":["Sweeping Beam","Stack"],"picked":"Reboot","floor":24}],"player_experience":953281,"relics_obtained":[{"floor":6,"key":"Pen Nib"},{"floor":9,"key":"Bronze Scales"},{"floor":10,"key":"Happy Flower"},{"floor":20,"key":"Red Mask"},{"floor":22,"key":"Prayer Wheel"},{"floor":22,"key":"Dodecahedron"},{"floor":24,"key":"Singing Bowl"}],"event_choices":[{"cards_removed":["Strike_B"],"damage_healed":0,"gold_gain":0,"player_choice":"Card Removal","damage_taken":0,"max_hp_gain":0,"max_hp_loss":0,"event_name":"The Cleric","floor":2,"gold_loss":50},{"cards_removed":["Strike_B"],"damage_healed":0,"gold_gain":0,"player_choice":"Card Removal","damage_taken":7,"max_hp_gain":0,"max_hp_loss":0,"event_name":"Golden Wing","floor":3,"gold_loss":0},{"damage_healed":0,"gold_gain":0,"player_choice":"Box","damage_taken":0,"relics_obtained":["The Courier"],"max_hp_gain":0,"max_hp_loss":0,"event_name":"Big Fish","floor":12,"gold_loss":0,"cards_obtained":["Regret"]},{"damage_healed":0,"gold_gain":0,"player_choice":"Fought Bandits","damage_taken":0,"max_hp_gain":0,"max_hp_loss":0,"event_name":"Masked Bandits","floor":20,"gold_loss":0},{"damage_healed":0,"gold_gain":0,"player_choice":"Fight","damage_taken":0,"max_hp_gain":0,"max_hp_loss":0,"event_name":"Colosseum","floor":22,"gold_loss":0},{"damage_healed":0,"gold_gain":0,"player_choice":"Fought Nobs","damage_taken":0,"max_hp_gain":0,"max_hp_loss":0,"event_name":"Colosseum","floor":22,"gold_loss":0}],"is_beta":false,"boss_relics":[{"not_picked":["Calling Bell","Nuclear Battery"],"picked":"Sozu"}],"items_purged_floors":[19],"is_endless":false,"potions_floor_spawned":[1,5,10,16,20,24],"killed_by":"Centurion and Healer","ascension_level":13}