{"gold_per_floor":[14,14,33,33,33,76,76,92,92,105,105,126,142,473,473,473],"floor_reached":16,"playtime":889,"items_purged":[],"score":224,"play_id":"c00093d6-b8d7-431b-a0d3-335a31841a24","local_time":"20190311214147","is_ascension_mode":true,"campfire_choices":[{"floor":7,"key":"REST"},{"data":"Flex","floor":11,"key":"SMITH"},{"data":"Wild Strike","floor":15,"key":"SMITH"}],"neow_cost":"NO_GOLD","seed_source_timestamp":421950677345350,"circlet_count":0,"master_deck":["AscendersBane","Strike_R","Strike_R","Strike_R","Defend_R","Defend_R","Defend_R","Defend_R","Bash","Blood for Blood","Sever Soul","Clash","Cleave","Injury","Regret","Wild Strike+1","Clash","Flex+1","Headbutt","Rage","Dark Embrace"],"relics":["Burning Blood","Golden Idol","Thread and Needle","Torii","Self Forming Clay","Old Coin"],"potions_floor_usage":[14,16,16],"damage_taken":[{"damage":14,"enemies":"Jaw Worm","floor":1,"turns":4},{"damage":7,"enemies":"Cultist","floor":3,"turns":4},{"damage":38,"enemies":"3 Sentries","floor":6,"turns":11},{"damage":5,"enemies":"2 Louse","floor":8,"turns":3},{"damage":12,"enemies":"Blue Slaver","floor":10,"turns":5},{"damage":1,"enemies":"Exordium Wildlife","floor":12,"turns":3},{"damage":0,"enemies":"Exordium Thugs","floor":13,"turns":3},{"damage":3,"enemies":"Gremlin Nob","floor":14,"turns":3},{"damage":63,"enemies":"Slime Boss","floor":16,"turns":8}],"seed_played":"-4969968949672683813","potions_obtained":[{"floor":6,"key":"PowerPotion"},{"floor":10,"key":"Block Potion"},{"floor":12,"key":"Fire Potion"},{"floor":14,"key":"Explosive Potion"}],"is_trial":false,"path_per_floor":["M","$","M","?","?","E","R","M","T","M","R","M","M","E","R","B"],"character_chosen":"IRONCLAD","items_purchased":[],"campfire_rested":1,"item_purchase_floors":[],"current_hp_per_floor":[60,60,59,59,59,27,49,50,50,44,44,49,55,58,58,0],"gold":473,"neow_bonus":"TRANSFORM_TWO_CARDS","is_prod":false,"is_daily":false,"chose_seed":false,"campfire_upgraded":2,"win_rate":0,"timestamp":1552362107,"path_taken":["M","$","M","?","?","E","R","?","T","M","R","M","?","E","R","BOSS"],"build_version":"2019-01-23","purchased_purges":0,"victory":false,"max_hp_per_floor":[75,75,75,75,75,75,75,75,75,75,75,75,75,75,75,75],"card_choices":[{"not_picked":["Wild Strike","Burning Pact"],"picked":"Clash","floor":1},{"not_picked":["Shrug It Off","Second Wind"],"picked":"Cleave","floor":3},{"not_picked":["Sword Boomerang","Body Slam"],"picked":"Wild Strike","floor":6},{"not_picked":["Armaments","Clothesline"],"picked":"Clash","floor":8},{"not_picked":["Havoc","Fire Breathing"],"picked":"Flex","floor":10},{"not_picked":["Body Slam","Wild Strike"],"picked":"Headbutt","floor":12},{"not_picked":["Brutality","Fire Breathing"],"picked":"Rage","floor":13},{"not_picked":["Clothesline","Body Slam"],"picked":"Dark Embrace","floor":14}],"player_experience":1391899,"relics_obtained":[{"floor":6,"key":"Torii"},{"floor":9,"key":"Self Forming Clay"},{"floor":14,"key":"Old Coin"}],"event_choices":[{"damage_healed":0,"gold_gain":0,"player_choice":"Take Wound","damage_taken":0,"relics_obtained":["Golden Idol"],"max_hp_gain":0,"max_hp_loss":0,"event_name":"Golden Idol","floor":4,"gold_loss":0,"cards_obtained":["Injury"]},{"damage_healed":0,"gold_gain":0,"player_choice":"Box","damage_taken":0,"relics_obtained":["Thread and Needle"],"max_hp_gain":0,"max_hp_loss":0,"event_name":"Big Fish","floor":5,"gold_loss":0,"cards_obtained":["Regret"]}],"is_beta":false,"boss_relics":[],"items_purged_floors":[],"is_endless":false,"potions_floor_spawned":[6,10,12,14],"killed_by":"Slime Boss","ascension_level":20}