{"gold_per_floor":[116,132,57,207,207,207,218,218,218,245,261,261,261,293,293,365,365,345,345,345,371,371],"floor_reached":22,"playtime":964,"items_purged":["Strike_R"],"score":380,"play_id":"817e4f45-b4ec-4ccc-9205-ffa71d6b1b68","local_time":"20190305182208","is_ascension_mode":true,"campfire_choices":[{"data":"True Grit","floor":6,"key":"SMITH"},{"data":"Carnage","floor":8,"key":"SMITH"},{"floor":12,"key":"REST"},{"data":"Double Tap","floor":13,"key":"SMITH"},{"data":"Body Slam","floor":15,"key":"SMITH"}],"neow_cost":"NONE","seed_source_timestamp":349784117671813,"circlet_count":0,"master_deck":["AscendersBane","Defend_R","Defend_R","Defend_R","Bash","True Grit+1","Double Tap+1","Doubt","Dark Embrace","Carnage+1","Rage","Wild Strike","Body Slam+1","Limit Break","Rampage+1","Twin Strike+1","Pummel+1","Headbutt+1","Spot Weakness"],"relics":["Burning Blood","Blood Vial","WingedGreaves","Mummified Hand","Ornamental Fan","Astrolabe","Red Mask"],"potions_floor_usage":[16],"damage_taken":[{"damage":3,"enemies":"2 Louse","floor":1,"turns":3},{"damage":7,"enemies":"Jaw Worm","floor":2,"turns":5},{"damage":2,"enemies":"Cultist","floor":7,"turns":4},{"damage":39,"enemies":"Lagavulin","floor":10,"turns":6},{"damage":5,"enemies":"Blue Slaver","floor":11,"turns":3},{"damage":2,"enemies":"Gremlin Nob","floor":14,"turns":3},{"damage":17,"enemies":"Slime Boss","floor":16,"turns":8},{"damage":22,"enemies":"2 Thieves","floor":18,"turns":4},{"damage":45,"enemies":"Masked Bandits","floor":21,"turns":5},{"damage":25,"enemies":"Shell Parasite","floor":22,"turns":3}],"seed_played":"-5772354420761187761","potions_obtained":[{"floor":11,"key":"SteroidPotion"}],"is_trial":false,"path_per_floor":["M","M","$","?","?","R","M","R","T","E","M","R","R","E","R","B",null,"M","?","?","?","M"],"character_chosen":"IRONCLAD","items_purchased":[],"campfire_rested":1,"item_purchase_floors":[],"current_hp_per_floor":[73,74,74,74,74,74,75,75,75,42,45,67,67,73,73,64,72,58,58,58,21,0],"gold":371,"neow_bonus":"RANDOM_COMMON_RELIC","is_prod":false,"is_daily":false,"chose_seed":false,"campfire_upgraded":4,"win_rate":0,"timestamp":1551835328,"path_taken":["M","M","$","?","?","R","M","R","T","E","?","R","R","E","R","BOSS","M","?","?","?","?"],"build_version":"2019-01-23","purchased_purges":1,"victory":false,"max_hp_per_floor":[75,75,75,75,75,75,75,75,75,75,75,75,75,75,75,75,75,75,75,75,75,75],"card_choices":[{"not_picked":["Wild Strike","Havoc"],"picked":"True Grit","floor":1},{"not_picked":["Wild Strike","Pommel Strike"],"picked":"Double Tap","floor":2},{"not_picked":["Sword Boomerang","Armaments"],"picked":"Carnage","floor":7},{"not_picked":["Havoc","True Grit"],"picked":"Rage","floor":10},{"not_picked":["Intimidate","Anger"],"picked":"Wild Strike","floor":11},{"not_picked":["Heavy Blade","Combust"],"picked":"Body Slam","floor":14},{"not_picked":["Fiend Fire","Double Tap"],"picked":"Limit Break","floor":16},{"not_picked":["Entrench+1","Perfected Strike"],"picked":"Headbutt+1","floor":18},{"not_picked":["Sword Boomerang","Shrug It Off"],"picked":"Spot Weakness","floor":21}],"player_experience":1337093,"relics_obtained":[{"floor":9,"key":"WingedGreaves"},{"floor":10,"key":"Mummified Hand"},{"floor":14,"key":"Ornamental Fan"},{"floor":21,"key":"Red Mask"}],"event_choices":[{"damage_healed":0,"gold_gain":150,"player_choice":"AGREE","damage_taken":0,"max_hp_gain":0,"max_hp_loss":0,"event_name":"Liars Game","floor":4,"gold_loss":0,"cards_obtained":["Doubt"]},{"damage_healed":0,"gold_gain":0,"cards_transformed":["Strike_R"],"player_choice":"Transformed","damage_taken":0,"max_hp_gain":0,"max_hp_loss":0,"event_name":"Transmorgrifier","floor":5,"gold_loss":0,"cards_obtained":["Dark Embrace"]},{"cards_removed":["Defend_R"],"damage_healed":0,"gold_gain":0,"player_choice":"Elegance","damage_taken":0,"max_hp_gain":0,"max_hp_loss":0,"event_name":"Back to Basics","floor":19,"gold_loss":0},{"damage_healed":0,"gold_gain":0,"player_choice":"Ignored","damage_taken":0,"max_hp_gain":0,"max_hp_loss":0,"event_name":"Vampires","floor":20,"gold_loss":0},{"damage_healed":0,"gold_gain":0,"player_choice":"Fought Bandits","damage_taken":0,"max_hp_gain":0,"max_hp_loss":0,"event_name":"Masked Bandits","floor":21,"gold_loss":0}],"is_beta":false,"boss_relics":[{"not_picked":["Black Star","Runic Pyramid"],"picked":"Astrolabe"}],"items_purged_floors":[3],"is_endless":false,"potions_floor_spawned":[11],"killed_by":"Shell Parasite","ascension_level":20}