{"gold_per_floor":[116,41,41,41,41,97,109,109,109,136,148,172,196,219,231,243],"floor_reached":16,"playtime":560,"items_purged":["Strike_R"],"score":270,"play_id":"010fccf3-1d96-4d8d-9b2d-2fa763bc80d7","local_time":"20190306203141","is_ascension_mode":true,"campfire_choices":[{"data":"True Grit","floor":8,"key":"SMITH"},{"data":"Armaments","floor":15,"key":"SMITH"}],"neow_cost":"NONE","seed_source_timestamp":444365156332210,"circlet_count":0,"master_deck":["AscendersBane","Strike_R","Strike_R","Strike_R","Strike_R+1","Defend_R","Defend_R","Defend_R","Defend_R","Bash+1","Thunderclap","Feel No Pain","True Grit+1","Disarm","Dual Wield","Armaments+1","Intimidate"],"relics":["Burning Blood","NeowsBlessing","Turnip","Tiny Chest","Calipers","MawBank"],"potions_floor_usage":[10,10,16],"damage_taken":[{"damage":0,"enemies":"2 Louse","floor":1,"turns":1},{"damage":0,"enemies":"3 Sentries","floor":6,"turns":1},{"damage":2,"enemies":"Small Slimes","floor":7,"turns":2},{"damage":34,"enemies":"Lagavulin","floor":10,"turns":6},{"damage":0,"enemies":"Cultist","floor":12,"turns":3},{"damage":11,"enemies":"Looter","floor":13,"turns":3},{"damage":1,"enemies":"2 Fungi Beasts","floor":14,"turns":5},{"damage":55,"enemies":"The Guardian","floor":16,"turns":9}],"seed_played":"8462190862748301464","potions_obtained":[{"floor":6,"key":"Energy Potion"},{"floor":7,"key":"Strength Potion"},{"floor":13,"key":"Weak Potion"}],"is_trial":false,"path_per_floor":["M","$","?","?","$","E","M","R","T","E","?","M","M","M","R","B"],"character_chosen":"IRONCLAD","items_purchased":[],"campfire_rested":0,"item_purchase_floors":[],"current_hp_per_floor":[74,74,51,51,51,57,61,61,61,33,33,39,34,39,39,0],"gold":243,"neow_bonus":"THREE_ENEMY_KILL","is_prod":false,"is_daily":false,"chose_seed":false,"campfire_upgraded":2,"win_rate":0,"timestamp":1551929501,"path_taken":["M","$","?","?","$","E","M","R","T","E","?","M","?","M","R","BOSS"],"build_version":"2019-01-23","purchased_purges":1,"victory":false,"max_hp_per_floor":[75,75,75,75,75,75,75,75,75,75,75,75,75,75,75,75],"card_choices":[{"not_picked":["Clash","Flex"],"picked":"Thunderclap","floor":1},{"not_picked":["Clothesline","Pommel Strike"],"picked":"Feel No Pain","floor":6},{"not_picked":["Burning Pact","Heavy Blade"],"picked":"True Grit","floor":7},{"not_picked":["Clothesline","Flex"],"picked":"Disarm","floor":10},{"not_picked":["Havoc","Intimidate"],"picked":"Dual Wield","floor":12},{"not_picked":["Body Slam","Rage"],"picked":"Armaments","floor":13},{"not_picked":["Anger","Warcry"],"picked":"Intimidate","floor":14}],"player_experience":1360870,"relics_obtained":[{"floor":6,"key":"Tiny Chest"},{"floor":9,"key":"Calipers"},{"floor":10,"key":"MawBank"}],"event_choices":[{"damage_healed":0,"gold_gain":0,"player_choice":"Entered Light","damage_taken":23,"max_hp_gain":0,"max_hp_loss":0,"event_name":"Shining Light","floor":3,"gold_loss":0,"cards_upgraded":["Strike_R","Bash"]},{"damage_healed":0,"gold_gain":0,"player_choice":"Box","damage_taken":0,"relics_obtained":["Turnip"],"max_hp_gain":0,"max_hp_loss":0,"event_name":"Big Fish","floor":4,"gold_loss":0,"cards_obtained":["Regret"]},{"cards_removed":["Regret"],"damage_healed":0,"gold_gain":0,"player_choice":"Removed Curses","damage_taken":0,"max_hp_gain":0,"max_hp_loss":0,"event_name":"Fountain of Cleansing","floor":11,"gold_loss":0}],"is_beta":false,"boss_relics":[],"items_purged_floors":[2],"is_endless":false,"potions_floor_spawned":[6,7,13],"killed_by":"The Guardian","ascension_level":20}