{"path_per_floor":["M","M","M","$","M","R","E","M","T","R","M","?","R","M","R","B",null,"M","?","?","M","$","E","R","$","T","R","E","M","R","M","R","B",null,"M","?","$","T","M","R","M"],"character_chosen":"DEFECT","items_purchased":["Go for the Eyes","Axe Kick"],"gold_per_floor":[117,137,157,82,98,98,124,134,134,134,153,153,153,169,169,265,265,281,196,119,139,14,45,45,45,45,45,73,85,85,99,99,202,202,216,216,65,65,79,79,89,89],"floor_reached":42,"campfire_rested":7,"playtime":3048,"item_purchase_floors":[22,37],"current_hp_per_floor":[66,66,64,64,60,60,42,42,42,42,32,17,39,39,61,39,66,66,66,66,54,54,19,41,41,41,63,31,16,38,35,57,27,63,35,35,35,35,20,42,16,0],"items_purged":["Strike_B","Strike_B","Strike_B"],"gold":89,"score":635,"play_id":"8e1e6262-204e-4a9c-af4a-f4fd48e65288","local_time":"20180523003237","is_prod":false,"is_daily":false,"chose_seed":false,"is_ascension_mode":true,"campfire_upgraded":2,"timestamp":1527057157,"campfire_choices":[{"data":"Conserve Battery","floor":6,"key":"SMITH"},{"data":"Static Discharge","floor":10,"key":"SMITH"},{"floor":13,"key":"REST"},{"floor":15,"key":"REST"},{"floor":24,"key":"REST"},{"floor":27,"key":"REST"},{"floor":30,"key":"REST"},{"floor":32,"key":"REST"},{"floor":40,"key":"REST"}],"path_taken":["M","M","M","$","M","R","E","M","T","R","M","?","R","M","R","BOSS","M","?","?","M","$","E","R","$","T","R","E","M","R","M","R","BOSS","M","?","$","?","M","R","?","?"],"build_version":"2018-05-21v2","seed_source_timestamp":1134313730852011,"purchased_purges":3,"victory":false,"master_deck":["Defend_B","Defend_B","Defend_B","Defend_B+1","Zap","Dualcast+1","Chill","Conserve Battery+1","White Noise","Sweeping Beam","Cold Snap","Static Discharge+1","Loop","Core Surge","Scrape","Echo Form","Capacitor+1","J.A.X.+1","Fusion+1","Go for the Eyes","Consume+1","Leap+1","Creative AI","Lockon+1","Axe Kick","Heatsinks+1","Leap+1"],"max_hp_per_floor":[75,75,75,75,75,75,75,75,75,75,75,75,75,75,75,75,75,75,75,75,75,75,75,75,75,75,75,75,75,75,75,75,75,75,75,75,75,75,75,75,75,75],"relics":["Cracked Core","Anchor","Toolbox","Nuclear Battery","Toxic Egg 2","Darkstone Periapt","DataDisk","Boot","Black Star","Bottled Tornado"],"card_choices":[{"not_picked":["Go for the Eyes","Hologram"],"picked":"Conserve Battery","floor":1},{"not_picked":["Steam","Leap"],"picked":"White Noise","floor":2},{"not_picked":["Rebound","FTL"],"picked":"Sweeping Beam","floor":3},{"not_picked":["Gash","Sweeping Beam"],"picked":"Cold Snap","floor":5},{"not_picked":["Stack","Beam Cell"],"picked":"Static Discharge","floor":7},{"not_picked":["Capacitor","Rip and Tear"],"picked":"Loop","floor":8},{"not_picked":["Go for the Eyes","Sweeping Beam"],"picked":"Core Surge","floor":11},{"not_picked":["Leap","Steam"],"picked":"Scrape","floor":14},{"not_picked":["Machine Learning","Reboot"],"picked":"Echo Form","floor":16},{"not_picked":["Streamline","Barrage"],"picked":"Capacitor+1","floor":18},{"not_picked":["Beam Cell","Conserve Battery+1"],"picked":"Fusion+1","floor":21},{"not_picked":["Leap+1","Fusion+1","Rip and Tear"],"picked":"SKIP","floor":23},{"not_picked":["Ball Lightning","Cold Snap"],"picked":"Consume+1","floor":28},{"not_picked":["Go for the Eyes","Sweeping Beam"],"picked":"Leap+1","floor":29},{"not_picked":["Echo Form","Go for the Eyes"],"picked":"Conserve Battery+1","floor":31},{"not_picked":["Amplify+1","Buffer"],"picked":"Creative AI","floor":33},{"not_picked":["Go for the Eyes+1","Turbo+1"],"picked":"Lockon+1","floor":35},{"not_picked":["Axe Kick","Skim+1"],"picked":"Heatsinks+1","floor":39},{"not_picked":["Redo+1","Axe Kick+1"],"picked":"Leap+1","floor":41}],"player_experience":161218,"potions_floor_usage":[5,16,23,28,33,33,42],"damage_taken":[{"damage":2,"enemies":"Jaw Worm","floor":1,"turns":4},{"damage":0,"enemies":"Small Slimes","floor":2,"turns":3},{"damage":2,"enemies":"2 Louse","floor":3,"turns":3},{"damage":4,"enemies":"Looter","floor":5,"turns":2},{"damage":25,"enemies":"Gremlin Nob","floor":7,"turns":5},{"damage":0,"enemies":"2 Fungi Beasts","floor":8,"turns":3},{"damage":10,"enemies":"Large Slime","floor":11,"turns":3},{"damage":0,"enemies":"Blue Slaver","floor":14,"turns":3},{"damage":22,"enemies":"Hexaghost","floor":16,"turns":7},{"damage":0,"enemies":"3 Byrds","floor":18,"turns":5},{"damage":12,"enemies":"Spheric Guardian","floor":21,"turns":3},{"damage":35,"enemies":"Book of Stabbing","floor":23,"turns":5},{"damage":32,"enemies":"Slavers","floor":28,"turns":5},{"damage":15,"enemies":"Snake Plant","floor":29,"turns":4},{"damage":3,"enemies":"Snecko","floor":31,"turns":5},{"damage":37,"enemies":"Automaton","floor":33,"turns":13},{"damage":28,"enemies":"Flame Bruiser 1 Orb","floor":35,"turns":5},{"damage":15,"enemies":"3 Darklings","floor":39,"turns":6},{"damage":26,"enemies":"Flame Bruiser 2 Orb","floor":41,"turns":4},{"damage":39,"enemies":"4 Shapes","floor":42,"turns":3}],"relics_obtained":[{"floor":7,"key":"Anchor"},{"floor":9,"key":"Toolbox"},{"floor":23,"key":"Darkstone Periapt"},{"floor":26,"key":"DataDisk"},{"floor":28,"key":"Boot"},{"floor":38,"key":"Bottled Tornado"}],"event_choices":[{"event_name":"Shining Light","player_choice":"Entered Light","floor":12,"damage_taken":0},{"event_name":"Addict","player_choice":"Obtained Relic","floor":19,"damage_taken":0},{"event_name":"Drug Dealer","player_choice":"Got JAXXED","floor":20,"damage_taken":0}],"boss_relics":[{"not_picked":["Runic Dome","Orrery"],"picked":"Nuclear Battery"},{"not_picked":["Runic Pyramid","Snecko Eye"],"picked":"Black Star"}],"items_purged_floors":[4,22,37],"potions_floor_spawned":[1,2,7,14,16,18,23,29,35],"seed_played":"-1651186018335217456","killed_by":"4 Shapes","ascension_level":9,"potions_obtained":[{"floor":1,"key":"Dexterity Potion"},{"floor":2,"key":"AttackPotion"},{"floor":7,"key":"SpeedPotion"},{"floor":14,"key":"AttackPotion"},{"floor":16,"key":"SkillPotion"},{"floor":18,"key":"Strength Potion"},{"floor":23,"key":"Swift Potion"},{"floor":29,"key":"Poison Potion"},{"floor":35,"key":"SneckoOil"}],"is_trial":false}