{"gold_per_floor":[110,35,310,322,333,333,365,108,132,132,132,162,162,176,176,253,253,267,277,277,277,152,152,152],"floor_reached":24,"playtime":1042,"items_purged":["Strike_R","Regret","Strike_R"],"score":394,"play_id":"b631eabe-22ff-4163-ac18-d8e3a8ff2cc1","local_time":"20190301000150","is_ascension_mode":true,"campfire_choices":[{"data":"Inflame","floor":6,"key":"SMITH"},{"data":"Bash","floor":10,"key":"SMITH"},{"floor":13,"key":"REST"},{"data":"Dual Wield","floor":15,"key":"SMITH"},{"floor":23,"key":"REST"}],"neow_cost":"NONE","seed_source_timestamp":537747560529722,"circlet_count":0,"master_deck":["AscendersBane","Strike_R","Strike_R","Defend_R","Defend_R","Defend_R","Defend_R","Bash+1","Infernal Blade+1","Inflame+1","Ghostly Armor+1","Dual Wield+1","Limit Break","Body Slam"],"relics":["Burning Blood","NeowsBlessing","Pen Nib","Oddly Smooth Stone","War Paint","Anchor","Busted Crown","Enchiridion"],"potions_floor_usage":[7,7,16,24,24],"damage_taken":[{"damage":0,"enemies":"Jaw Worm","floor":1,"turns":1},{"damage":0,"enemies":"Cultist","floor":4,"turns":1},{"damage":0,"enemies":"Small Slimes","floor":5,"turns":1},{"damage":25,"enemies":"Lagavulin","floor":7,"turns":8},{"damage":30,"enemies":"Gremlin Nob","floor":12,"turns":4},{"damage":0,"enemies":"Red Slaver","floor":14,"turns":3},{"damage":36,"enemies":"The Guardian","floor":16,"turns":11},{"damage":27,"enemies":"Chosen","floor":18,"turns":5},{"damage":22,"enemies":"2 Thieves","floor":19,"turns":4},{"damage":47,"enemies":"Gremlin Leader","floor":24,"turns":5}],"seed_played":"3390748768334116312","potions_obtained":[{"floor":4,"key":"Energy Potion"},{"floor":5,"key":"Weak Potion"},{"floor":12,"key":"PowerPotion"},{"floor":14,"key":"Dexterity Potion"},{"floor":18,"key":"Strength Potion"}],"is_trial":false,"path_per_floor":["M","$","?","M","M","R","E","$","T","R","?","E","R","M","R","B",null,"M","M","?","?","$","R","E"],"character_chosen":"IRONCLAD","items_purchased":["Oddly Smooth Stone"],"campfire_rested":2,"item_purchase_floors":[8],"current_hp_per_floor":[74,74,74,75,75,75,56,56,56,56,56,32,54,60,60,30,64,43,27,6,21,21,43,0],"gold":152,"neow_bonus":"THREE_ENEMY_KILL","is_prod":false,"is_daily":false,"chose_seed":false,"campfire_upgraded":3,"win_rate":0,"timestamp":1551423710,"path_taken":["M","$","?","?","M","R","E","$","T","R","?","E","R","M","R","BOSS","M","M","?","?","$","R","E"],"build_version":"2019-01-23","purchased_purges":3,"victory":false,"max_hp_per_floor":[75,75,75,75,75,75,75,75,75,75,75,75,75,75,75,75,75,75,75,75,75,75,75,75],"card_choices":[{"not_picked":["Perfected Strike","Bloodletting"],"picked":"Infernal Blade","floor":1},{"not_picked":["Anger","Perfected Strike"],"picked":"Inflame","floor":4},{"not_picked":["Seeing Red","Pommel Strike"],"picked":"Ghostly Armor","floor":5},{"not_picked":["Searing Blow","Sentinel","Bloodletting"],"picked":"SKIP","floor":7},{"not_picked":["Evolve","Twin Strike"],"picked":"Dual Wield","floor":12},{"not_picked":["Wild Strike","Fire Breathing","Twin Strike"],"picked":"SKIP","floor":14},{"not_picked":["Feed","Offering"],"picked":"Limit Break","floor":16},{"not_picked":["Perfected Strike"],"picked":"SKIP","floor":18},{"not_picked":[],"picked":"Body Slam","floor":19}],"player_experience":1294685,"relics_obtained":[{"floor":7,"key":"Pen Nib"},{"floor":9,"key":"War Paint"},{"floor":12,"key":"Anchor"},{"floor":20,"key":"Enchiridion"}],"event_choices":[{"damage_healed":0,"gold_gain":275,"player_choice":"Desecrate","damage_taken":0,"max_hp_gain":0,"max_hp_loss":0,"event_name":"Golden Shrine","floor":3,"gold_loss":0,"cards_obtained":["Regret"]},{"cards_removed":["Strike_R"],"damage_healed":0,"gold_gain":0,"player_choice":"Purged","damage_taken":0,"max_hp_gain":0,"max_hp_loss":0,"event_name":"Purifier","floor":11,"gold_loss":0},{"damage_healed":0,"gold_gain":0,"player_choice":"Obtained Book","damage_taken":21,"max_hp_gain":0,"max_hp_loss":0,"event_name":"Cursed Tome","floor":20,"gold_loss":0},{"damage_healed":15,"gold_gain":0,"player_choice":"Heal","damage_taken":0,"max_hp_gain":0,"max_hp_loss":0,"event_name":"The Library","floor":21,"gold_loss":0}],"is_beta":false,"boss_relics":[{"not_picked":["Snecko Eye","Black Star"],"picked":"Busted Crown"}],"items_purged_floors":[2,8,22],"is_endless":false,"potions_floor_spawned":[4,5,12,14,18],"killed_by":"Gremlin Leader","ascension_level":19}