{"gold_per_floor":[10,10,28,28,47,47,74,74,74,74,74,89,99,159,159,233,233,252,265,265,265,284,284,284],"floor_reached":24,"playtime":1755,"items_purged":[],"score":392,"play_id":"5784d85e-c61e-47d5-8b65-de52d8d120ee","local_time":"20190309200342","is_ascension_mode":true,"campfire_choices":[{"data":"Second Wind","floor":6,"key":"SMITH"},{"floor":8,"key":"REST"},{"data":"Iron Wave","floor":11,"key":"SMITH"},{"floor":15,"key":"REST"},{"data":"Blood for Blood","floor":23,"key":"SMITH"}],"neow_cost":"NO_GOLD","seed_source_timestamp":245986611652648,"circlet_count":0,"master_deck":["AscendersBane","Strike_R","Strike_R","Strike_R","Strike_R","Defend_R","Defend_R","Defend_R","Defend_R","Bash","Second Wind+1","Spot Weakness","Iron Wave+1","Blood for Blood+1","Battle Trance","Heavy Blade","Clash","Impervious","Disarm","Blood for Blood","Decay"],"relics":["Burning Blood","Turnip","FossilizedHelix","Ornamental Fan","Potion Belt","Busted Crown","Charon\u0027s Ashes"],"potions_floor_usage":[7,14,14,16,22,24],"damage_taken":[{"damage":12,"enemies":"Cultist","floor":1,"turns":4},{"damage":7,"enemies":"Small Slimes","floor":3,"turns":4},{"damage":12,"enemies":"Jaw Worm","floor":5,"turns":4},{"damage":34,"enemies":"Gremlin Nob","floor":7,"turns":4},{"damage":31,"enemies":"Exordium Thugs","floor":12,"turns":6},{"damage":9,"enemies":"3 Louse","floor":13,"turns":4},{"damage":0,"enemies":"Gremlin Nob","floor":14,"turns":3},{"damage":11,"enemies":"Slime Boss","floor":16,"turns":10},{"damage":1,"enemies":"Spheric Guardian","floor":18,"turns":5},{"damage":0,"enemies":"Chosen","floor":19,"turns":6},{"damage":32,"enemies":"Snake Plant","floor":22,"turns":5},{"damage":27,"enemies":"Colosseum Slavers","floor":24,"turns":4},{"damage":34,"enemies":"Colosseum Nobs","floor":24,"turns":4}],"seed_played":"3078531276873139839","potions_obtained":[{"floor":1,"key":"Poison Potion"},{"floor":7,"key":"Swift Potion"},{"floor":12,"key":"SkillPotion"},{"floor":14,"key":"Energy Potion"},{"floor":16,"key":"Ancient Potion"},{"floor":19,"key":"SpeedPotion"}],"is_trial":false,"path_per_floor":["M","?","M","?","M","R","E","R","T","$","R","M","M","?","R","B",null,"M","M","?","T","M","R","?"],"character_chosen":"IRONCLAD","items_purchased":[],"campfire_rested":2,"item_purchase_floors":[],"current_hp_per_floor":[62,62,61,61,55,55,27,49,49,49,49,24,21,27,49,44,67,72,75,75,75,49,49,0],"gold":284,"neow_bonus":"ONE_RARE_RELIC","is_prod":false,"is_daily":false,"chose_seed":false,"campfire_upgraded":3,"win_rate":0,"timestamp":1552187022,"path_taken":["M","?","M","?","?","R","E","R","T","$","R","M","M","?","R","BOSS","M","M","?","?","?","R","?"],"build_version":"2019-01-23","purchased_purges":0,"victory":false,"max_hp_per_floor":[75,75,75,75,75,75,75,75,75,75,75,75,75,75,75,75,75,75,75,75,75,75,75,75],"card_choices":[{"not_picked":["Combust","Flex"],"picked":"Second Wind","floor":1},{"not_picked":["Armaments","Shrug It Off"],"picked":"Spot Weakness","floor":3},{"not_picked":["Warcry","Disarm"],"picked":"Blood for Blood","floor":5},{"not_picked":["Twin Strike","Iron Wave"],"picked":"Battle Trance","floor":7},{"not_picked":["Pummel","Perfected Strike"],"picked":"Heavy Blade","floor":12},{"not_picked":["Searing Blow","Shockwave"],"picked":"Clash","floor":13},{"not_picked":["Juggernaut","Limit Break"],"picked":"Impervious","floor":16},{"not_picked":[],"picked":"Disarm","floor":18},{"not_picked":[],"picked":"Blood for Blood","floor":19},{"not_picked":["Twin Strike"],"picked":"SKIP","floor":22}],"player_experience":1379467,"relics_obtained":[{"floor":7,"key":"FossilizedHelix"},{"floor":9,"key":"Ornamental Fan"},{"floor":21,"key":"Charon\u0027s Ashes"}],"event_choices":[{"damage_healed":0,"gold_gain":0,"player_choice":"Leave","damage_taken":0,"max_hp_gain":0,"max_hp_loss":0,"event_name":"The Cleric","floor":2,"gold_loss":0},{"damage_healed":0,"gold_gain":0,"cards_transformed":["Strike_R"],"player_choice":"Transformed","damage_taken":0,"max_hp_gain":0,"max_hp_loss":0,"event_name":"Transmorgrifier","floor":4,"gold_loss":0,"cards_obtained":["Iron Wave"]},{"damage_healed":0,"gold_gain":30,"player_choice":"Searched \u00273\u0027 times","damage_taken":0,"relics_obtained":["Potion Belt"],"max_hp_gain":0,"max_hp_loss":0,"event_name":"Dead Adventurer","floor":14,"gold_loss":0},{"damage_healed":0,"gold_gain":0,"player_choice":"Smashed Altar","damage_taken":0,"max_hp_gain":0,"max_hp_loss":0,"event_name":"Forgotten Altar","floor":20,"gold_loss":0,"cards_obtained":["Decay"]},{"damage_healed":0,"gold_gain":0,"player_choice":"Fight","damage_taken":0,"max_hp_gain":0,"max_hp_loss":0,"event_name":"Colosseum","floor":24,"gold_loss":0},{"damage_healed":0,"gold_gain":0,"player_choice":"Fought Nobs","damage_taken":0,"max_hp_gain":0,"max_hp_loss":0,"event_name":"Colosseum","floor":24,"gold_loss":0}],"is_beta":false,"boss_relics":[{"not_picked":["Tiny House","Runic Pyramid"],"picked":"Busted Crown"}],"items_purged_floors":[],"is_endless":false,"potions_floor_spawned":[1,7,12,13,14,16,19],"killed_by":"Colosseum Nobs","ascension_level":20}