{"gold_per_floor":[109,109,121,121,121,156,156,184,184,66,216,216,76,88,88,165,165,140,140,140],"floor_reached":20,"playtime":910,"items_purged":["Regret","Doubt"],"score":526,"play_id":"190fa997-bae3-4317-9fc4-34e6ff6d6d06","local_time":"20190210002927","is_ascension_mode":true,"campfire_choices":[{"data":"Zap","floor":7,"key":"SMITH"},{"floor":12,"key":"REST"},{"floor":15,"key":"REST"}],"neow_cost":"NONE","seed_source_timestamp":1921487645406150,"circlet_count":0,"master_deck":["AscendersBane","Strike_B","Strike_B","Defend_B","Defend_B","Defend_B","Defend_B","Zap+1","Dualcast","Capacitor","Blizzard","Conserve Battery","Hyperbeam","Melter","Defragment","Defragment","Creative AI","Regret","Writhe","Injury","Amplify","Shame"],"relics":["Cracked Core","NeowsBlessing","Darkstone Periapt","Juzu Bracelet","Centennial Puzzle","Dodecahedron","Calling Bell","Dream Catcher","Kunai","Incense Burner","Omamori"],"potions_floor_usage":[8],"damage_taken":[{"damage":0,"enemies":"2 Louse","floor":1,"turns":1},{"damage":0,"enemies":"Cultist","floor":3,"turns":1},{"damage":0,"enemies":"Lagavulin","floor":6,"turns":1},{"damage":63,"enemies":"3 Sentries","floor":8,"turns":11},{"damage":5,"enemies":"Small Slimes","floor":14,"turns":2},{"damage":31,"enemies":"Slime Boss","floor":16,"turns":6},{"damage":36,"enemies":"2 Thieves","floor":18,"turns":4},{"damage":70,"enemies":"Colosseum Slavers","floor":20,"turns":4}],"seed_played":"-7872809890339773623","potions_obtained":[{"floor":1,"key":"GamblersBrew"}],"is_trial":false,"path_per_floor":["M","?","M","?","?","E","R","E","T","$","?","R","$","M","R","B",null,"M","?","?"],"character_chosen":"DEFECT","items_purchased":["Melter","Defragment"],"campfire_rested":2,"item_purchase_floors":[10,13],"current_hp_per_floor":[64,70,70,70,70,70,70,7,7,7,13,37,37,32,56,25,87,51,57,0],"gold":140,"neow_bonus":"THREE_ENEMY_KILL","is_prod":false,"is_daily":false,"chose_seed":false,"campfire_upgraded":1,"win_rate":0,"timestamp":1549783767,"path_taken":["M","?","M","?","?","E","R","E","T","$","?","R","$","M","R","BOSS","M","?","?"],"build_version":"2019-01-23","purchased_purges":2,"victory":false,"max_hp_per_floor":[71,77,77,77,77,77,77,77,77,77,83,83,83,83,83,83,101,101,107,107],"card_choices":[{"not_picked":["Heatsinks","Beam Cell"],"picked":"Capacitor","floor":1},{"not_picked":["Darkness","Rip and Tear"],"picked":"Blizzard","floor":3},{"not_picked":["Streamline","Gash"],"picked":"Conserve Battery","floor":6},{"not_picked":["Stack","Skim"],"picked":"Hyperbeam","floor":8},{"not_picked":["Gash","Undo"],"picked":"Defragment","floor":14},{"not_picked":["All For One","Biased Cognition"],"picked":"Creative AI","floor":16},{"not_picked":["Barrage+1","Rebound"],"picked":"Amplify","floor":18}],"player_experience":1042821,"relics_obtained":[{"floor":6,"key":"Juzu Bracelet"},{"floor":8,"key":"Centennial Puzzle"},{"floor":9,"key":"Dodecahedron"},{"floor":17,"key":"Dream Catcher"},{"floor":17,"key":"Kunai"},{"floor":17,"key":"Incense Burner"}],"event_choices":[{"damage_healed":0,"gold_gain":0,"player_choice":"Box","damage_taken":0,"relics_obtained":["Darkstone Periapt"],"max_hp_gain":0,"max_hp_loss":0,"event_name":"Big Fish","floor":2,"gold_loss":0,"cards_obtained":["Regret"]},{"cards_removed":["Strike_B"],"damage_healed":0,"gold_gain":0,"player_choice":"Forget","damage_taken":0,"max_hp_gain":0,"max_hp_loss":0,"event_name":"Living Wall","floor":4,"gold_loss":0},{"cards_removed":["Strike_B"],"damage_healed":0,"gold_gain":0,"player_choice":"Offered Basic","damage_taken":0,"max_hp_gain":0,"max_hp_loss":0,"event_name":"Bonfire Elementals","floor":5,"gold_loss":0},{"damage_healed":0,"gold_gain":150,"player_choice":"AGREE","damage_taken":0,"max_hp_gain":0,"max_hp_loss":0,"event_name":"Liars Game","floor":11,"gold_loss":0,"cards_obtained":["Doubt"]},{"damage_healed":0,"gold_gain":0,"player_choice":"Stole Relic","damage_taken":0,"relics_obtained":["Omamori"],"max_hp_gain":0,"max_hp_loss":0,"event_name":"Addict","floor":19,"gold_loss":0,"cards_obtained":["Shame"]},{"damage_healed":0,"gold_gain":0,"player_choice":"Fight","damage_taken":0,"max_hp_gain":0,"max_hp_loss":0,"event_name":"Colosseum","floor":20,"gold_loss":0}],"is_beta":false,"boss_relics":[{"not_picked":["Coffee Dripper","White Beast Statue"],"picked":"Calling Bell"}],"items_purged_floors":[10,13],"is_endless":false,"potions_floor_spawned":[1],"killed_by":"Colosseum Slavers","ascension_level":17}