{"gold_per_floor":[117,117,117,117,42,42,77,77,103,115,15,44,64,64,64,64],"floor_reached":16,"playtime":631,"items_purged":["Strike_R","Strike_R"],"score":242,"play_id":"7e202f59-8f67-48ce-b5c5-60a426a9b75f","local_time":"20190217082443","is_ascension_mode":true,"campfire_choices":[{"data":"Bash","floor":6,"key":"SMITH"},{"data":"Dark Embrace","floor":8,"key":"SMITH"},{"data":"Cleave","floor":15,"key":"SMITH"}],"neow_cost":"NONE","seed_source_timestamp":144678536939676,"circlet_count":0,"master_deck":["AscendersBane","Strike_R","Strike_R","Strike_R","Defend_R","Defend_R","Defend_R","Defend_R","Bash+1","Dark Embrace+1","Infernal Blade","Feel No Pain","Cleave+1"],"relics":["Burning Blood","NeowsBlessing","Blood Vial","Regal Pillow","Lantern","Ancient Tea Set","Red Skull"],"potions_floor_usage":[12,16,16],"damage_taken":[{"damage":0,"enemies":"Small Slimes","floor":1,"turns":1},{"damage":0,"enemies":"Gremlin Nob","floor":7,"turns":1},{"damage":0,"enemies":"Jaw Worm","floor":10,"turns":1},{"damage":30,"enemies":"3 Sentries","floor":12,"turns":7},{"damage":0,"enemies":"2 Louse","floor":13,"turns":3},{"damage":64,"enemies":"The Guardian","floor":16,"turns":10}],"seed_played":"-8603378747832236533","potions_obtained":[{"floor":7,"key":"SkillPotion"},{"floor":10,"key":"AttackPotion"},{"floor":12,"key":"PowerPotion"}],"is_trial":false,"path_per_floor":["M","?","?","?","$","R","E","R","T","M","$","E","M","$","R","B"],"character_chosen":"IRONCLAD","items_purchased":[],"campfire_rested":0,"item_purchase_floors":[],"current_hp_per_floor":[74,74,67,56,56,56,64,64,64,72,72,50,58,58,58,0],"gold":64,"neow_bonus":"THREE_ENEMY_KILL","is_prod":false,"is_daily":false,"chose_seed":false,"campfire_upgraded":3,"win_rate":0,"timestamp":1550417083,"path_taken":["M","?","?","?","$","R","E","R","T","M","$","E","M","?","R","BOSS"],"build_version":"2019-01-23","purchased_purges":2,"victory":false,"max_hp_per_floor":[75,75,75,75,75,75,75,75,75,75,75,75,75,75,75,75],"card_choices":[{"not_picked":["Anger","Warcry","Sword Boomerang"],"picked":"SKIP","floor":1},{"not_picked":["Anger","Perfected Strike"],"picked":"Dark Embrace","floor":7},{"not_picked":["Armaments","Rage"],"picked":"Infernal Blade","floor":10},{"not_picked":["Flex","Twin Strike"],"picked":"Feel No Pain","floor":12},{"not_picked":["Clothesline","Entrench"],"picked":"Cleave","floor":13}],"player_experience":1132442,"relics_obtained":[{"floor":7,"key":"Lantern"},{"floor":9,"key":"Ancient Tea Set"},{"floor":12,"key":"Red Skull"}],"event_choices":[{"damage_healed":0,"gold_gain":0,"player_choice":"Box","damage_taken":0,"relics_obtained":["Blood Vial"],"max_hp_gain":0,"max_hp_loss":0,"event_name":"Big Fish","floor":2,"gold_loss":0,"cards_obtained":["Regret"]},{"cards_removed":["Regret"],"damage_healed":0,"gold_gain":0,"player_choice":"Card Removal","damage_taken":7,"max_hp_gain":0,"max_hp_loss":0,"event_name":"Golden Wing","floor":3,"gold_loss":0},{"damage_healed":0,"gold_gain":0,"player_choice":"Success","damage_taken":11,"relics_obtained":["Regal Pillow"],"max_hp_gain":0,"max_hp_loss":0,"event_name":"Scrap Ooze","floor":4,"gold_loss":0}],"is_beta":false,"boss_relics":[],"items_purged_floors":[5,11],"is_endless":false,"potions_floor_spawned":[7,10,12],"killed_by":"The Guardian","ascension_level":17}