{"gold_per_floor":[19,19,36,46,61,61,96,109,109,109,172,172,203,213,213,290,290,308,308],"floor_reached":19,"playtime":1230,"items_purged":[],"score":331,"play_id":"c911b0d6-b93b-42db-ba45-d0b59928e7c1","local_time":"20190209091931","is_ascension_mode":true,"campfire_choices":[{"data":"Zap","floor":6.0,"key":"SMITH"},{"floor":10.0,"key":"REST"},{"floor":12.0,"key":"REST"},{"floor":15.0,"key":"REST"}],"neow_cost":"NO_GOLD","seed_source_timestamp":0,"circlet_count":0,"master_deck":["AscendersBane","Strike_B","Strike_B","Strike_B","Defend_B","Defend_B","Defend_B","Defend_B","Zap+1","Dualcast","Hologram","Tempest","Sweeping Beam","Redo","Glacier","Genetic Algorithm","Static Discharge","Beam Cell","Core Surge","Thunder Strike","Ball Lightning"],"special_seed":0,"relics":["Cracked Core","Calipers","Bag of Preparation","Meat on the Bone","Tiny Chest","Matryoshka","Black Star"],"potions_floor_usage":[19],"damage_taken":[{"damage":1.0,"enemies":"Small Slimes","floor":1.0,"turns":3.0},{"damage":3.0,"enemies":"2 Louse","floor":3.0,"turns":2.0},{"damage":2.0,"enemies":"Jaw Worm","floor":4.0,"turns":3.0},{"damage":3.0,"enemies":"Lots of Slimes","floor":5.0,"turns":2.0},{"damage":23.0,"enemies":"Gremlin Nob","floor":7.0,"turns":4.0},{"damage":22.0,"enemies":"Looter","floor":8.0,"turns":3.0},{"damage":17.0,"enemies":"Lagavulin","floor":11.0,"turns":5.0},{"damage":4.0,"enemies":"Gremlin Nob","floor":13.0,"turns":4.0},{"damage":0.0,"enemies":"Exordium Thugs","floor":14.0,"turns":5.0},{"damage":22.0,"enemies":"The Guardian","floor":16.0,"turns":13.0},{"damage":28,"enemies":"3 Byrds","floor":18,"turns":5},{"damage":49,"enemies":"Masked Bandits","floor":19,"turns":3}],"seed_played":"7190387743014491752","potions_obtained":[{"floor":1.0,"key":"Weak Potion"},{"floor":7.0,"key":"SkillPotion"},{"floor":8.0,"key":"AttackPotion"},{"floor":11.0,"key":"Block Potion"},{"floor":13.0,"key":"Block Potion"},{"floor":18,"key":"LiquidBronze"}],"is_trial":false,"path_per_floor":["M","?","M","M","M","R","E","M","T","R","E","R","E","M","R","B",null,"M","?"],"character_chosen":"DEFECT","items_purchased":[],"campfire_rested":3,"item_purchase_floors":[],"current_hp_per_floor":[63,63,60,58,55,55,32,10,10,31,26,47,43,43,64,42,64,36,0],"gold":308,"neow_bonus":"ONE_RARE_RELIC","is_prod":false,"is_daily":false,"chose_seed":false,"campfire_upgraded":1,"win_rate":0,"timestamp":1549729171,"path_taken":["M","?","M","M","M","R","E","M","T","R","E","R","E","M","R","BOSS","M","?"],"build_version":"2019-01-23","purchased_purges":0,"victory":false,"max_hp_per_floor":[71,71,71,71,71,71,71,71,71,71,71,71,71,71,71,71,71,71,71],"card_choices":[{"not_picked":["Chaos","Coolheaded"],"picked":"Hologram","floor":1.0},{"not_picked":["Conserve Battery","Leap"],"picked":"Tempest","floor":3.0},{"not_picked":["Barrage","Lockon"],"picked":"Sweeping Beam","floor":4.0},{"not_picked":["Steam","Tempest"],"picked":"Redo","floor":5.0},{"not_picked":["Steam","Aggregate"],"picked":"Glacier","floor":7.0},{"not_picked":["Chaos","Static Discharge"],"picked":"Genetic Algorithm","floor":8.0},{"not_picked":["Heatsinks","Hologram"],"picked":"Static Discharge","floor":11.0},{"not_picked":["Redo","Barrage"],"picked":"Beam Cell","floor":13.0},{"not_picked":["Conserve Battery","Cold Snap"],"picked":"Core Surge","floor":14.0},{"not_picked":["Multi-Cast","Reboot"],"picked":"Thunder Strike","floor":16.0},{"not_picked":["Cold Snap","Coolheaded"],"picked":"Ball Lightning","floor":18}],"player_experience":1018328,"relics_obtained":[{"floor":7.0,"key":"Bag of Preparation"},{"floor":9.0,"key":"Meat on the Bone"},{"floor":11.0,"key":"Tiny Chest"},{"floor":13.0,"key":"Matryoshka"}],"event_choices":[{"cards_removed":["Strike_B"],"damage_healed":0.0,"max_hp_gain":0.0,"max_hp_loss":0.0,"gold_gain":0.0,"event_name":"Living Wall","player_choice":"Forget","floor":2.0,"gold_loss":0.0,"damage_taken":0.0},{"damage_healed":0,"gold_gain":0,"player_choice":"Fought Bandits","damage_taken":0,"max_hp_gain":0,"max_hp_loss":0,"event_name":"Masked Bandits","floor":19,"gold_loss":0}],"is_beta":false,"boss_relics":[{"not_picked":["Inserter","Busted Crown"],"picked":"Black Star"}],"items_purged_floors":[],"is_endless":false,"potions_floor_spawned":[1,7,8,11,13,18],"killed_by":"Masked Bandits","ascension_level":15}