{"gold_per_floor":[118,118,138,138,207,207,232,243,243,258,258,277,277,277],"floor_reached":14,"playtime":634,"items_purged":[],"score":180,"play_id":"69dca496-78aa-4e59-a963-101817285f11","local_time":"20190307015311","is_ascension_mode":true,"campfire_choices":[{"data":"Armaments","floor":6,"key":"SMITH"},{"floor":13,"key":"REST"}],"neow_cost":"NONE","seed_source_timestamp":8864969854408,"circlet_count":0,"master_deck":["AscendersBane","Strike_R","Strike_R","Strike_R","Strike_R","Defend_R","Defend_R","Defend_R","Defend_R","Bash","Armaments+1","Disarm+1","Entrench","Headbutt","Ghostly Armor","Second Wind"],"relics":["Burning Blood","Potion Belt","Paper Frog","Oddly Smooth Stone","Nunchaku"],"potions_floor_usage":[10,12,14],"damage_taken":[{"damage":12,"enemies":"Jaw Worm","floor":1,"turns":3},{"damage":5,"enemies":"2 Louse","floor":3,"turns":4},{"damage":44,"enemies":"Lagavulin","floor":7,"turns":7},{"damage":9,"enemies":"Small Slimes","floor":8,"turns":5},{"damage":3,"enemies":"3 Louse","floor":10,"turns":5},{"damage":2,"enemies":"Large Slime","floor":12,"turns":9},{"damage":107,"enemies":"Gremlin Nob","floor":14,"turns":6}],"seed_played":"-4629688509055815404","potions_obtained":[{"floor":1,"key":"GamblersBrew"},{"floor":8,"key":"BloodPotion"},{"floor":10,"key":"Block Potion"}],"is_trial":false,"path_per_floor":["M","?","M","?","T","R","E","M","T","M","?","M","R","E"],"character_chosen":"IRONCLAD","items_purchased":[],"campfire_rested":1,"item_purchase_floors":[],"current_hp_per_floor":[62,67,68,68,68,68,30,27,27,38,38,42,66,0],"gold":277,"neow_bonus":"RANDOM_COMMON_RELIC","is_prod":false,"is_daily":false,"chose_seed":false,"campfire_upgraded":1,"win_rate":0,"timestamp":1551948791,"path_taken":["M","?","M","?","?","R","E","M","T","M","?","M","R","E"],"build_version":"2019-01-23","purchased_purges":0,"victory":false,"max_hp_per_floor":[75,80,80,80,80,80,80,80,80,80,80,80,80,80],"card_choices":[{"not_picked":["Shockwave","Iron Wave"],"picked":"Armaments","floor":1},{"not_picked":["Cleave","Pummel"],"picked":"Disarm","floor":3},{"not_picked":["Pummel","Armaments"],"picked":"Entrench","floor":7},{"not_picked":["Twin Strike","Perfected Strike"],"picked":"Headbutt","floor":8},{"not_picked":["Blood for Blood","Heavy Blade"],"picked":"Ghostly Armor","floor":10},{"not_picked":["Sword Boomerang","Sentinel"],"picked":"Second Wind","floor":12}],"player_experience":1372183,"relics_obtained":[{"floor":5,"key":"Paper Frog"},{"floor":7,"key":"Oddly Smooth Stone"},{"floor":9,"key":"Nunchaku"}],"event_choices":[{"damage_healed":0,"gold_gain":0,"player_choice":"Donut","damage_taken":0,"max_hp_gain":5,"max_hp_loss":0,"event_name":"Big Fish","floor":2,"gold_loss":0},{"cards_removed":["Strike_R"],"damage_healed":0,"gold_gain":0,"player_choice":"Forget","damage_taken":0,"max_hp_gain":0,"max_hp_loss":0,"event_name":"Living Wall","floor":4,"gold_loss":0},{"damage_healed":0,"gold_gain":0,"player_choice":"Upgraded","damage_taken":0,"max_hp_gain":0,"max_hp_loss":0,"event_name":"Upgrade Shrine","floor":11,"gold_loss":0,"cards_upgraded":["Disarm"]}],"is_beta":false,"boss_relics":[],"items_purged_floors":[],"is_endless":false,"potions_floor_spawned":[1,8,10],"killed_by":"Gremlin Nob","ascension_level":20}