{"gold_per_floor":[218,218,236,256,286,286,315,332,405,3,3,3,37,37,37,114,114,130,140,140,140,50,50,75,75,157,157,168,168],"floor_reached":29,"playtime":1464,"items_purged":[],"score":423,"play_id":"52fbf770-4531-4134-9944-1c565afb7686","local_time":"20190205215015","is_ascension_mode":true,"campfire_choices":[{"data":"Zap","floor":6,"key":"SMITH"},{"floor":12,"key":"REST"},{"floor":15,"key":"REST"},{"floor":23,"key":"REST"},{"floor":25,"key":"REST"},{"floor":27,"key":"REST"}],"neow_cost":"NONE","seed_source_timestamp":1565768855959912,"circlet_count":0,"master_deck":["AscendersBane","Strike_B","Strike_B+1","Defend_B","Defend_B","Defend_B","Defend_B","Zap+1","Dualcast","Compile Driver","Cold Snap","Go for the Eyes","Cold Snap","Beam Cell+1","Thunder Strike+1","Ball Lightning+1"],"relics":["Cracked Core","Tiny Chest","Matryoshka","Lantern","Molten Egg 2","Dodecahedron","Regal Pillow","Shovel","Busted Crown","Anchor","Potion Belt","Mummified Hand","Prayer Wheel","Pantograph"],"potions_floor_usage":[7,8,13,16,18],"damage_taken":[{"damage":7,"enemies":"Jaw Worm","floor":1,"turns":3},{"damage":4,"enemies":"2 Louse","floor":3,"turns":2},{"damage":1,"enemies":"Cultist","floor":4,"turns":4},{"damage":31,"enemies":"3 Sentries","floor":7,"turns":8},{"damage":10,"enemies":"Exordium Thugs","floor":8,"turns":3},{"damage":7,"enemies":"Lagavulin","floor":13,"turns":5},{"damage":40,"enemies":"Hexaghost","floor":16,"turns":9},{"damage":16,"enemies":"3 Byrds","floor":18,"turns":7},{"damage":21,"enemies":"2 Thieves","floor":19,"turns":3},{"damage":50,"enemies":"Book of Stabbing","floor":24,"turns":7},{"damage":19,"enemies":"Snake Plant","floor":28,"turns":5},{"damage":52,"enemies":"Gremlin Leader","floor":29,"turns":5}],"seed_played":"3575830416112682580","potions_obtained":[{"floor":3,"key":"LiquidBronze"},{"floor":4,"key":"PowerPotion"},{"floor":7,"key":"Energy Potion"},{"floor":8,"key":"FearPotion"},{"floor":16,"key":"SkillPotion"}],"is_trial":false,"path_per_floor":["M","?","M","M","T","R","E","M","T","$","?","R","E","$","R","B",null,"M","M","?","T","?","R","E","R","T","R","M","E"],"character_chosen":"DEFECT","items_purchased":["Dodecahedron","Regal Pillow"],"campfire_rested":5,"item_purchase_floors":[10,10],"current_hp_per_floor":[57,57,53,52,52,52,21,11,11,11,11,47,40,40,71,31,61,45,24,24,24,24,60,10,46,46,71,52,0],"gold":168,"neow_bonus":"HUNDRED_GOLD","is_prod":false,"is_daily":false,"chose_seed":false,"campfire_upgraded":1,"win_rate":0,"timestamp":1549428615,"path_taken":["M","?","M","M","?","R","E","M","T","$","?","R","E","?","R","BOSS","M","M","?","?","?","R","E","R","T","R","M","E"],"build_version":"2019-01-23","purchased_purges":0,"victory":false,"max_hp_per_floor":[71,71,71,71,71,71,71,71,71,71,71,71,71,71,71,71,71,71,71,71,71,71,71,71,71,71,71,71,71],"card_choices":[{"not_picked":["Gash","Leap"],"picked":"Compile Driver","floor":1},{"not_picked":["Coolheaded","Turbo","Compile Driver"],"picked":"SKIP","floor":3},{"not_picked":["FTL","Stack"],"picked":"Cold Snap","floor":4},{"not_picked":["Skim","Undo"],"picked":"Go for the Eyes","floor":7},{"not_picked":["Leap","Turbo"],"picked":"Cold Snap","floor":8},{"not_picked":["Redo","Melter+1"],"picked":"Beam Cell+1","floor":13},{"not_picked":["Biased Cognition","Buffer"],"picked":"Thunder Strike+1","floor":16},{"not_picked":["Steam"],"picked":"SKIP","floor":18},{"not_picked":["Coolheaded"],"picked":"SKIP","floor":19},{"not_picked":["Steam"],"picked":"SKIP","floor":24},{"not_picked":[],"picked":"Ball Lightning+1","floor":28},{"not_picked":["Turbo"],"picked":"SKIP","floor":28}],"player_experience":980506,"relics_obtained":[{"floor":5,"key":"Tiny Chest"},{"floor":7,"key":"Matryoshka"},{"floor":9,"key":"Lantern"},{"floor":9,"key":"Molten Egg 2"},{"floor":13,"key":"Shovel"},{"floor":21,"key":"Potion Belt"},{"floor":21,"key":"Mummified Hand"},{"floor":24,"key":"Prayer Wheel"},{"floor":26,"key":"Pantograph"}],"event_choices":[{"cards_removed":["Strike_B"],"damage_healed":0,"gold_gain":0,"player_choice":"Forget","damage_taken":0,"max_hp_gain":0,"max_hp_loss":0,"event_name":"Living Wall","floor":2,"gold_loss":0},{"damage_healed":0,"gold_gain":0,"player_choice":"Searched \u00270\u0027 times","damage_taken":0,"max_hp_gain":0,"max_hp_loss":0,"event_name":"Dead Adventurer","floor":11,"gold_loss":0},{"damage_healed":0,"gold_gain":0,"player_choice":"Opened","damage_taken":0,"relics_obtained":["Anchor"],"max_hp_gain":0,"max_hp_loss":0,"event_name":"The Mausoleum","floor":20,"gold_loss":0},{"cards_removed":["Strike_B"],"damage_healed":0,"gold_gain":0,"player_choice":"Upgrade and Remove","damage_taken":0,"max_hp_gain":0,"max_hp_loss":0,"event_name":"Designer","floor":22,"gold_loss":90,"cards_upgraded":["Strike_B"]}],"is_beta":false,"boss_relics":[{"not_picked":["Runic Pyramid","Ectoplasm"],"picked":"Busted Crown"}],"items_purged_floors":[],"is_endless":false,"potions_floor_spawned":[3,4,7,8,16],"killed_by":"Gremlin Leader","ascension_level":14}