{"gold_per_floor":[114,130,405,415,34,34,46,46,46,72,72,72,37,69,69,69],"floor_reached":16,"playtime":629,"items_purged":[],"score":216,"play_id":"38caff00-ba7a-4953-bf31-68c983dfb017","local_time":"20190311215228","is_ascension_mode":true,"campfire_choices":[{"data":"Bash","floor":6,"key":"SMITH"},{"data":"Cleave","floor":8,"key":"SMITH"},{"data":"Twin Strike","floor":11,"key":"SMITH"},{"data":"Flame Barrier","floor":15,"key":"SMITH"}],"neow_cost":"NONE","seed_source_timestamp":422851492459681,"circlet_count":0,"master_deck":["AscendersBane","Strike_R","Strike_R","Strike_R","Strike_R","Strike_R","Defend_R","Defend_R","Defend_R","Defend_R","Bash+1","Flame Barrier+1","Disarm","Regret","Flame Barrier","Cleave+1","Twin Strike+1","Shockwave"],"relics":["Burning Blood","PreservedInsect","Sling","Champion Belt","Smiling Mask"],"potions_floor_usage":[7,7],"damage_taken":[{"damage":4,"enemies":"Jaw Worm","floor":1,"turns":5},{"damage":2,"enemies":"Cultist","floor":2,"turns":4},{"damage":11,"enemies":"2 Louse","floor":4,"turns":4},{"damage":17,"enemies":"Looter","floor":7,"turns":3},{"damage":20,"enemies":"3 Sentries","floor":10,"turns":6},{"damage":8,"enemies":"Lagavulin","floor":14,"turns":3},{"damage":79,"enemies":"Hexaghost","floor":16,"turns":11}],"seed_played":"6225122878221711425","potions_obtained":[{"floor":1,"key":"Swift Potion"},{"floor":4,"key":"BloodPotion"}],"is_trial":false,"path_per_floor":["M","M","?","M","$","R","M","R","T","E","R","$","?","E","R","B"],"character_chosen":"IRONCLAD","items_purchased":["PreservedInsect","Sling"],"campfire_rested":0,"item_purchase_floors":[5,5],"current_hp_per_floor":[77,81,81,76,76,76,73,73,73,59,59,59,79,77,77,0],"gold":69,"neow_bonus":"TEN_PERCENT_HP_BONUS","is_prod":false,"is_daily":false,"chose_seed":false,"campfire_upgraded":4,"win_rate":0,"timestamp":1552362748,"path_taken":["M","M","?","M","$","R","?","R","T","E","R","$","?","E","R","BOSS"],"build_version":"2019-01-23","purchased_purges":0,"victory":false,"max_hp_per_floor":[82,82,82,82,82,82,82,82,82,82,82,82,82,82,82,82],"card_choices":[{"not_picked":["Entrench","Sever Soul"],"picked":"Flame Barrier","floor":1},{"not_picked":["Rage","Headbutt"],"picked":"Disarm","floor":2},{"not_picked":["Rampage","Fire Breathing"],"picked":"Flame Barrier","floor":4},{"not_picked":["Shrug It Off","Rampage"],"picked":"Cleave","floor":7},{"not_picked":["Perfected Strike","Iron Wave"],"picked":"Twin Strike","floor":10},{"not_picked":["Havoc","Combust"],"picked":"Shockwave","floor":14}],"player_experience":1392788,"relics_obtained":[{"floor":10,"key":"Champion Belt"},{"floor":14,"key":"Smiling Mask"}],"event_choices":[{"damage_healed":0,"gold_gain":275,"player_choice":"Desecrate","damage_taken":0,"max_hp_gain":0,"max_hp_loss":0,"event_name":"Golden Shrine","floor":3,"gold_loss":0,"cards_obtained":["Regret"]},{"damage_healed":20,"gold_gain":0,"player_choice":"Healed","damage_taken":0,"max_hp_gain":0,"max_hp_loss":0,"event_name":"The Cleric","floor":13,"gold_loss":35}],"is_beta":false,"boss_relics":[],"items_purged_floors":[],"is_endless":false,"potions_floor_spawned":[1,4],"killed_by":"Hexaghost","ascension_level":20}