{"gold_per_floor":[112,112,41,41,54,82,82,108,108,127,127,127,127,139,139,240,240,251,251,251,261,261,286,286,298,298,323,323,323],"floor_reached":29,"playtime":1916,"items_purged":[],"score":282,"play_id":"42135640-afbd-4aa8-824a-d49b0bb09472","local_time":"20180921230202","is_ascension_mode":true,"campfire_choices":[{"data":"Offering","floor":7,"key":"SMITH"},{"data":"Warcry","floor":12,"key":"SMITH"},{"floor":15,"key":"REST"},{"floor":24,"key":"REST"},{"data":"Body Slam","floor":28,"key":"SMITH"}],"neow_cost":"NONE","seed_source_timestamp":6106166831275,"circlet_count":0,"master_deck":["Strike_R+1","Strike_R","Strike_R","Defend_R","Defend_R+1","Defend_R","Defend_R","Bash","Shockwave","Cleave","Offering+1","Flame Barrier","Intimidate","Immolate","Warcry+1","Rupture","Demon Form","Ghostly Armor","Warcry+1","Body Slam+1","Shockwave","Flex","Rage"],"relics":["Black Blood","Darkstone Periapt","Regal Pillow","Dodecahedron","The Courier","Charon\u0027s Ashes","Lantern","Sundial","Prayer Wheel"],"potions_floor_usage":[16,16,16,23,25,27],"damage_taken":[{"damage":5,"enemies":"Cultist","floor":1,"turns":4},{"damage":6,"enemies":"Jaw Worm","floor":5,"turns":4},{"damage":16,"enemies":"3 Sentries","floor":6,"turns":8},{"damage":7,"enemies":"Gremlin Nob","floor":8,"turns":3},{"damage":6,"enemies":"Small Slimes","floor":10,"turns":3},{"damage":6,"enemies":"Looter","floor":14,"turns":2},{"damage":46,"enemies":"Hexaghost","floor":16,"turns":10},{"damage":12,"enemies":"Shell Parasite","floor":18,"turns":4},{"damage":6,"enemies":"Chosen","floor":21,"turns":3},{"damage":74,"enemies":"Book of Stabbing","floor":23,"turns":8},{"damage":20,"enemies":"3 Cultists","floor":25,"turns":4},{"damage":29,"enemies":"Slavers","floor":27,"turns":4},{"damage":48,"enemies":"Book of Stabbing","floor":29,"turns":7}],"seed_played":"3806712740549511797","potions_obtained":[{"floor":6,"key":"SneckoOil"},{"floor":8,"key":"Energy Potion"},{"floor":14,"key":"Fruit Juice"},{"floor":16,"key":"BloodPotion"},{"floor":18,"key":"Strength Potion"},{"floor":22,"key":"FairyPotion"},{"floor":22,"key":"AttackPotion"},{"floor":23,"key":"BloodPotion"}],"is_trial":false,"path_per_floor":["M","?","$","?","M","E","R","E","T","M","T","R","?","M","R","B",null,"M","?","T","M","?","E","R","M","T","E","R"],"character_chosen":"IRONCLAD","items_purchased":["Flame Barrier"],"campfire_rested":2,"item_purchase_floors":[3],"current_hp_per_floor":[80,80,80,80,80,70,70,69,69,69,69,69,53,53,80,45,85,83,83,83,85,85,21,61,59,59,40,40,0],"gold":323,"neow_bonus":"TRANSFORM_CARD","is_prod":false,"is_daily":false,"chose_seed":false,"campfire_upgraded":3,"win_rate":0,"timestamp":1537585322,"path_taken":["M","?","?","?","M","E","R","E","T","M","?","R","?","?","R","BOSS","M","?","?","M","?","E","R","M","T","E","R","E"],"build_version":"2018-09-20","purchased_purges":0,"victory":false,"max_hp_per_floor":[80,80,80,80,80,80,80,80,80,80,80,80,80,80,80,85,85,85,85,85,85,85,85,85,85,85,85,85,85],"card_choices":[{"not_picked":["Anger","True Grit"],"picked":"Cleave","floor":1},{"not_picked":["Burning Pact","Thunderclap"],"picked":"Intimidate","floor":5},{"not_picked":["Thunderclap","Corruption"],"picked":"Immolate","floor":6},{"not_picked":["Heavy Blade","Thunderclap","Clash"],"picked":"SKIP","floor":8},{"not_picked":["Twin Strike","Flame Barrier"],"picked":"Warcry","floor":10},{"not_picked":["Burning Pact","Thunderclap"],"picked":"Rupture","floor":14},{"not_picked":["Fiend Fire","Double Tap"],"picked":"Demon Form","floor":16},{"not_picked":["Sentinel","Cleave"],"picked":"Ghostly Armor","floor":18},{"not_picked":["Ghostly Armor","Clothesline"],"picked":"Body Slam","floor":21},{"not_picked":["Searing Blow+1","Flame Barrier"],"picked":"Shockwave","floor":23},{"not_picked":["Searing Blow","Rampage"],"picked":"Flex","floor":25},{"not_picked":["Hemokinesis","Flex"],"picked":"Rage","floor":27}],"player_experience":142698,"relics_obtained":[{"floor":6,"key":"Darkstone Periapt"},{"floor":8,"key":"Regal Pillow"},{"floor":9,"key":"Dodecahedron"},{"floor":11,"key":"The Courier"},{"floor":20,"key":"Charon\u0027s Ashes"},{"floor":23,"key":"Lantern"},{"floor":26,"key":"Sundial"},{"floor":27,"key":"Prayer Wheel"}],"event_choices":[{"event_name":"Living Wall","player_choice":"Change","floor":2,"damage_taken":0},{"event_name":"The Cleric","player_choice":"Leave","floor":4,"damage_taken":0},{"event_name":"Shining Light","player_choice":"Entered Light","floor":13,"damage_taken":0},{"event_name":"Duplicator","player_choice":"One dupe","floor":19,"damage_taken":0},{"event_name":"The Lab","player_choice":"Got Potions","floor":22,"damage_taken":0}],"is_beta":false,"boss_relics":[{"not_picked":["Busted Crown","Tiny House"],"picked":"Black Blood"}],"items_purged_floors":[],"is_endless":false,"potions_floor_spawned":[6,8,14,16,18,23],"killed_by":"Book of Stabbing","ascension_level":1}