{"gold_per_floor":[118,5,5,17,17,56,56,100,100,100,144,168,199,199,199,298,298,313,438,493,433],"floor_reached":21,"playtime":1087,"items_purged":["Strike_B"],"score":443,"play_id":"68226080-a6d4-4f3e-b2c4-e8f9ed53e9b1","local_time":"20190207233640","is_ascension_mode":true,"campfire_choices":[{"data":"Defragment","floor":7,"key":"SMITH"},{"floor":15,"key":"REST"}],"neow_cost":"NONE","seed_source_timestamp":1745336251861287,"circlet_count":0,"master_deck":["AscendersBane","Strike_B","Strike_B","Strike_B","Defend_B","Defend_B","Defend_B","Defend_B","Zap","Dualcast","Barrage","Defragment+1","Regret","Ball Lightning","Reboot","Ball Lightning","Pain","Redo","Chill","Cold Snap","Fission","Reinforced Body","Consume"],"relics":["Cracked Core","NeowsBlessing","Gremlin Horn","Golden Idol","Potion Belt","Thread and Needle","Bronze Scales","WarpedTongs","Art of War","Torii","Question Card","Black Star","Incense Burner","Darkstone Periapt","Juzu Bracelet"],"potions_floor_usage":[13,13,19,19,21],"damage_taken":[{"damage":0,"enemies":"Cultist","floor":1,"turns":1},{"damage":0,"enemies":"2 Louse","floor":4,"turns":1},{"damage":0,"enemies":"Lagavulin","floor":6,"turns":1},{"damage":12,"enemies":"Gremlin Nob","floor":8,"turns":3},{"damage":21,"enemies":"Lagavulin","floor":11,"turns":4},{"damage":8,"enemies":"Jaw Worm","floor":12,"turns":2},{"damage":4,"enemies":"Gremlin Nob","floor":13,"turns":3},{"damage":22,"enemies":"Hexaghost","floor":16,"turns":8},{"damage":5,"enemies":"Shell Parasite","floor":18,"turns":4},{"damage":13,"enemies":"Colosseum Slavers","floor":19,"turns":7},{"damage":16,"enemies":"Colosseum Nobs","floor":19,"turns":4},{"damage":28,"enemies":"2 Thieves","floor":21,"turns":2}],"seed_played":"4862321164513328687","potions_obtained":[{"floor":4,"key":"Dexterity Potion"},{"floor":6,"key":"SpeedPotion"},{"floor":8,"key":"Dexterity Potion"},{"floor":16,"key":"LiquidBronze"},{"floor":19,"key":"Swift Potion"}],"is_trial":false,"path_per_floor":["M","$","?","M","?","E","R","E","T","?","E","M","E","?","R","B",null,"M","?","T","M"],"character_chosen":"DEFECT","items_purchased":["Defragment"],"campfire_rested":1,"item_purchase_floors":[2],"current_hp_per_floor":[64,64,64,64,64,64,64,52,52,52,31,23,19,19,38,16,52,47,18,18,0],"gold":433,"neow_bonus":"THREE_ENEMY_KILL","is_prod":false,"is_daily":false,"chose_seed":false,"campfire_upgraded":1,"win_rate":0,"timestamp":1549607800,"path_taken":["M","$","?","M","?","E","R","E","T","?","E","?","E","?","R","BOSS","M","?","?","M"],"build_version":"2019-01-23","purchased_purges":1,"victory":false,"max_hp_per_floor":[71,71,71,71,64,64,64,64,64,64,64,64,64,64,64,64,64,64,64,64,64],"card_choices":[{"not_picked":["Streamline","Hologram"],"picked":"Barrage","floor":1},{"not_picked":["Coolheaded","Gash"],"picked":"Ball Lightning","floor":4},{"not_picked":["FTL","Redo"],"picked":"Reboot","floor":6},{"not_picked":["Meteor Strike","Undo"],"picked":"Ball Lightning","floor":8},{"not_picked":["Rip and Tear","Gash"],"picked":"Redo","floor":11},{"not_picked":["Hologram","Leap"],"picked":"Chill","floor":12},{"not_picked":["Biased Cognition","Sweeping Beam"],"picked":"Cold Snap","floor":13},{"not_picked":["Meteor Strike","Thunder Strike","Seek"],"picked":"Fission","floor":16},{"not_picked":["Turbo","Hologram","Chaos"],"picked":"Reinforced Body","floor":18},{"not_picked":["Gash","Lockon+1","Barrage"],"picked":"Consume","floor":19}],"player_experience":997891,"relics_obtained":[{"floor":6,"key":"Potion Belt"},{"floor":8,"key":"Thread and Needle"},{"floor":9,"key":"Bronze Scales"},{"floor":11,"key":"Art of War"},{"floor":13,"key":"Torii"},{"floor":19,"key":"Incense Burner"},{"floor":19,"key":"Darkstone Periapt"},{"floor":20,"key":"Juzu Bracelet"}],"event_choices":[{"damage_healed":0,"gold_gain":0,"player_choice":"Box","damage_taken":0,"relics_obtained":["Gremlin Horn"],"max_hp_gain":0,"max_hp_loss":0,"event_name":"Big Fish","floor":3,"gold_loss":0,"cards_obtained":["Regret"]},{"damage_healed":0,"gold_gain":0,"player_choice":"Lose Max HP","damage_taken":0,"relics_obtained":["Golden Idol"],"max_hp_gain":0,"max_hp_loss":7,"event_name":"Golden Idol","floor":5,"gold_loss":0},{"damage_healed":0,"gold_gain":0,"player_choice":"Rummage","damage_taken":0,"relics_obtained":["WarpedTongs"],"max_hp_gain":0,"max_hp_loss":0,"event_name":"Accursed Blacksmith","floor":10,"gold_loss":0,"cards_obtained":["Pain"]},{"damage_healed":0,"gold_gain":0,"player_choice":"Searched \u00271\u0027 times","damage_taken":0,"relics_obtained":["Question Card"],"max_hp_gain":0,"max_hp_loss":0,"event_name":"Dead Adventurer","floor":14,"gold_loss":0},{"damage_healed":0,"gold_gain":0,"player_choice":"Fight","damage_taken":0,"max_hp_gain":0,"max_hp_loss":0,"event_name":"Colosseum","floor":19,"gold_loss":0},{"damage_healed":0,"gold_gain":0,"player_choice":"Fought Nobs","damage_taken":0,"max_hp_gain":0,"max_hp_loss":0,"event_name":"Colosseum","floor":19,"gold_loss":0}],"is_beta":false,"boss_relics":[{"not_picked":["Astrolabe","Lizard Tail"],"picked":"Black Star"}],"items_purged_floors":[2],"is_endless":false,"potions_floor_spawned":[4,6,8,16,19,19],"killed_by":"2 Thieves","ascension_level":15}