{"gold_per_floor":[113,131,56,75,75,100,100,135,189,189,264,278,73,92,92,170,170,182,199,199,199,214,243,243,278,278,278,278],"floor_reached":28,"playtime":1658,"items_purged":[],"score":616,"play_id":"171d4474-efcd-420a-b7fc-3f1e812e6062","local_time":"20190227233727","is_ascension_mode":true,"campfire_choices":[{"floor":7,"key":"REST"},{"floor":10,"key":"REST"},{"floor":15,"key":"REST"},{"floor":24,"key":"REST"},{"floor":27,"key":"REST"}],"neow_cost":"NONE","seed_source_timestamp":449268733901006,"circlet_count":0,"master_deck":["AscendersBane","Strike_R","Defend_R","Defend_R","Defend_R","Defend_R","Bash","Thunderclap","Inflame","Cleave","Barricade","Dropkick","Armaments","Metallicize","Anger","Limit Break","Iron Wave+1","Heavy Blade","Clothesline+1","Flame Barrier+1","Entrench","Clumsy"],"relics":["Burning Blood","Shuriken","Art of War","Oddly Smooth Stone","Anchor","Cursed Key","Kunai","Self Forming Clay","Calipers"],"potions_floor_usage":[6,16,16,18,19,23,28],"damage_taken":[{"damage":1,"enemies":"Cultist","floor":1,"turns":3},{"damage":6,"enemies":"Jaw Worm","floor":2,"turns":5},{"damage":4,"enemies":"2 Louse","floor":4,"turns":3},{"damage":35,"enemies":"3 Sentries","floor":6,"turns":7},{"damage":56,"enemies":"Gremlin Nob","floor":8,"turns":5},{"damage":10,"enemies":"2 Fungi Beasts","floor":12,"turns":3},{"damage":4,"enemies":"Exordium Wildlife","floor":14,"turns":3},{"damage":0,"enemies":"The Guardian","floor":16,"turns":11},{"damage":3,"enemies":"3 Byrds","floor":18,"turns":5},{"damage":22,"enemies":"2 Thieves","floor":19,"turns":3},{"damage":43,"enemies":"Sentry and Sphere","floor":22,"turns":8},{"damage":19,"enemies":"Slavers","floor":23,"turns":5},{"damage":26,"enemies":"Gremlin Leader","floor":25,"turns":9},{"damage":57,"enemies":"Slavers","floor":28,"turns":6}],"seed_played":"7325506946289233268","potions_obtained":[{"floor":1,"key":"AttackPotion"},{"floor":8,"key":"Energy Potion"},{"floor":12,"key":"Weak Potion"},{"floor":16,"key":"Explosive Potion"},{"floor":18,"key":"AttackPotion"},{"floor":22,"key":"Fire Potion"},{"floor":25,"key":"Weak Potion"}],"is_trial":false,"path_per_floor":["M","M","?","M","?","E","R","E","T","R","?","M","$","M","R","B",null,"M","M","?","?","M","E","R","E","T","R","E"],"character_chosen":"IRONCLAD","items_purchased":["Anchor","Metallicize"],"campfire_rested":5,"item_purchase_floors":[13,13],"current_hp_per_floor":[73,73,73,75,75,46,68,18,18,40,29,25,25,27,49,55,70,73,57,57,72,35,22,44,24,24,46,0],"gold":278,"neow_bonus":"REMOVE_CARD","is_prod":false,"is_daily":false,"chose_seed":false,"campfire_upgraded":0,"win_rate":0,"timestamp":1551335847,"path_taken":["M","M","?","M","?","E","R","E","T","R","?","M","$","M","R","BOSS","M","M","?","?","M","E","R","E","T","R","E"],"build_version":"2019-01-23","purchased_purges":0,"victory":false,"max_hp_per_floor":[75,75,75,75,75,75,75,75,75,75,75,75,75,75,75,75,75,75,75,75,75,75,75,75,75,75,75,75],"card_choices":[{"not_picked":["Battle Trance","Clash"],"picked":"Thunderclap","floor":1},{"not_picked":["Clash","Burning Pact"],"picked":"Inflame","floor":2},{"not_picked":["Iron Wave","Hemokinesis"],"picked":"Cleave","floor":4},{"not_picked":["Searing Blow","Reckless Charge"],"picked":"Barricade","floor":6},{"not_picked":["Headbutt","Pommel Strike"],"picked":"Dropkick","floor":8},{"not_picked":["Hemokinesis","Twin Strike"],"picked":"Armaments","floor":12},{"not_picked":["Clothesline","Heavy Blade"],"picked":"Anger","floor":14},{"not_picked":["Exhume","Fiend Fire"],"picked":"Limit Break","floor":16},{"not_picked":["Armaments","Pommel Strike"],"picked":"Iron Wave+1","floor":18},{"not_picked":["Carnage","Pommel Strike"],"picked":"Heavy Blade","floor":19},{"not_picked":["Anger+1","Havoc+1"],"picked":"Clothesline+1","floor":22},{"not_picked":["Reckless Charge","Sword Boomerang+1"],"picked":"Flame Barrier+1","floor":23},{"not_picked":["Armaments","Wild Strike+1"],"picked":"Entrench","floor":25}],"player_experience":1291823,"relics_obtained":[{"floor":6,"key":"Shuriken"},{"floor":8,"key":"Art of War"},{"floor":9,"key":"Oddly Smooth Stone"},{"floor":23,"key":"Kunai"},{"floor":25,"key":"Self Forming Clay"},{"floor":26,"key":"Calipers"}],"event_choices":[{"cards_removed":["Strike_R"],"damage_healed":0,"gold_gain":0,"player_choice":"Card Removal","damage_taken":0,"max_hp_gain":0,"max_hp_loss":0,"event_name":"The Cleric","floor":3,"gold_loss":75},{"cards_removed":["Strike_R"],"damage_healed":0,"gold_gain":0,"player_choice":"Forget","damage_taken":0,"max_hp_gain":0,"max_hp_loss":0,"event_name":"Living Wall","floor":5,"gold_loss":0},{"damage_healed":0,"gold_gain":75,"player_choice":"Gather Gold","damage_taken":11,"max_hp_gain":0,"max_hp_loss":0,"event_name":"World of Goop","floor":11,"gold_loss":0},{"cards_removed":["Strike_R"],"damage_healed":0,"gold_gain":0,"player_choice":"Elegance","damage_taken":0,"max_hp_gain":0,"max_hp_loss":0,"event_name":"Back to Basics","floor":20,"gold_loss":0},{"damage_healed":15,"gold_gain":0,"player_choice":"Heal","damage_taken":0,"max_hp_gain":0,"max_hp_loss":0,"event_name":"The Library","floor":21,"gold_loss":0}],"is_beta":false,"boss_relics":[{"not_picked":["Coffee Dripper","Runic Pyramid"],"picked":"Cursed Key"}],"items_purged_floors":[],"is_endless":false,"potions_floor_spawned":[1,8,12,16,18,22,25],"killed_by":"Slavers","ascension_level":19}