{"gold_per_floor":[111,36,54,64,79,79,129,29,54,54,64,80,80,109,109,109],"floor_reached":16,"playtime":687,"items_purged":["Strike_R","Strike_R"],"score":204,"play_id":"636b829e-e986-42a0-a846-e64714fa6b78","local_time":"20190307013103","is_ascension_mode":true,"campfire_choices":[{"data":"Uppercut","floor":6,"key":"SMITH"},{"floor":10,"key":"REST"},{"floor":13,"key":"REST"},{"floor":15,"key":"REST"}],"neow_cost":"NONE","seed_source_timestamp":7484103221072,"circlet_count":0,"master_deck":["AscendersBane","Strike_R","Strike_R","Strike_R","Defend_R","Defend_R","Defend_R","Defend_R","Bash","Fire Breathing","Disarm","Thunderclap","Uppercut+1","Thunderclap","Reckless Charge","Fire Breathing"],"relics":["Burning Blood","NeowsBlessing","Bronze Scales","Strawberry"],"potions_floor_usage":[11,14,16,16],"damage_taken":[{"damage":0,"enemies":"Cultist","floor":1,"turns":1},{"damage":0,"enemies":"2 Louse","floor":3,"turns":1},{"damage":0,"enemies":"Small Slimes","floor":4,"turns":1},{"damage":38,"enemies":"Exordium Thugs","floor":5,"turns":6},{"damage":15,"enemies":"Large Slime","floor":11,"turns":5},{"damage":9,"enemies":"Looter","floor":12,"turns":3},{"damage":41,"enemies":"Lagavulin","floor":14,"turns":5},{"damage":71,"enemies":"Slime Boss","floor":16,"turns":10}],"seed_played":"-7013759761425516117","potions_obtained":[{"floor":1,"key":"FearPotion"},{"floor":5,"key":"Block Potion"},{"floor":12,"key":"FearPotion"},{"floor":14,"key":"SneckoOil"}],"is_trial":false,"path_per_floor":["M","$","M","M","M","R","?","$","T","R","M","M","R","E","R","B"],"character_chosen":"IRONCLAD","items_purchased":[],"campfire_rested":3,"item_purchase_floors":[],"current_hp_per_floor":[74,74,75,75,43,43,36,36,36,58,49,46,68,40,64,0],"gold":109,"neow_bonus":"THREE_ENEMY_KILL","is_prod":false,"is_daily":false,"chose_seed":false,"campfire_upgraded":1,"win_rate":0,"timestamp":1551947463,"path_taken":["M","?","?","?","M","R","?","$","T","R","M","M","R","E","R","BOSS"],"build_version":"2019-01-23","purchased_purges":2,"victory":false,"max_hp_per_floor":[75,75,75,75,75,75,75,75,75,75,75,75,75,82,82,82],"card_choices":[{"not_picked":["Sword Boomerang","Warcry"],"picked":"Fire Breathing","floor":1},{"not_picked":["Headbutt","Body Slam"],"picked":"Disarm","floor":3},{"not_picked":["Dark Embrace","Wild Strike"],"picked":"Thunderclap","floor":4},{"not_picked":["Perfected Strike","Shockwave"],"picked":"Uppercut","floor":5},{"not_picked":["Heavy Blade","Corruption"],"picked":"Thunderclap","floor":11},{"not_picked":["Intimidate","Iron Wave"],"picked":"Reckless Charge","floor":12},{"not_picked":["Berserk","Perfected Strike"],"picked":"Fire Breathing","floor":14}],"player_experience":1370822,"relics_obtained":[{"floor":9,"key":"Bronze Scales"},{"floor":14,"key":"Strawberry"}],"event_choices":[{"damage_healed":0,"gold_gain":50,"player_choice":"Touch","damage_taken":7,"max_hp_gain":0,"max_hp_loss":0,"event_name":"FaceTrader","floor":7,"gold_loss":0}],"is_beta":false,"boss_relics":[],"items_purged_floors":[2,8],"is_endless":false,"potions_floor_spawned":[1,5,12,14],"killed_by":"Slime Boss","ascension_level":20}