{"gold_per_floor":[113,38,57,57,20,20,64,77,77,118,118,134,134,157,157,278,278,297,297,310,174,174,508,508,508,532,44,44,58,74,5,5,131,131,155,5,5,23,37,37,55,55,126,126,126,126,126,140,140,140],"floor_reached":50,"playtime":4187,"items_purged":["Strike_B","Defend_B","Strike_B"],"score":493,"play_id":"d81fbb0f-c95b-48ca-894d-b9e94266059d","local_time":"20190124191441","is_ascension_mode":false,"campfire_choices":[{"data":"Zap","floor":6,"key":"SMITH"},{"data":"Multi-Cast","floor":11,"key":"SMITH"},{"data":"Dualcast","floor":13,"key":"SMITH"},{"data":"Sunder","floor":15,"key":"SMITH"},{"data":"Scrape","floor":24,"key":"SMITH"},{"floor":32,"key":"REST"},{"data":"Defragment","floor":40,"key":"SMITH"},{"floor":42,"key":"REST"},{"floor":45,"key":"REST"},{"data":"Tempest","floor":49,"key":"SMITH"}],"neow_cost":"NONE","seed_source_timestamp":520129061497859,"circlet_count":0,"master_deck":["Strike_B","Strike_B","Defend_B","Defend_B","Zap+1","Dualcast+1","Genetic Algorithm","Glacier","Sunder+1","Conserve Battery","Self Repair","Multi-Cast+1","Compile Driver","Auto Shields","Echo Form","Redo+1","RitualDagger","Ball Lightning+1","Defragment+1","Scrape+1","Flash of Steel","Blizzard+1","Double Energy+1","Hello World","All For One","Go for the Eyes+1","Redo+1","Ball Lightning+1","Beam Cell","Tempest+1"],"relics":["Cracked Core","Strawberry","Golden Idol","Sundial","Bottled Flame","Dodecahedron","Nuclear Battery","Old Coin","Ancient Tea Set","Omamori","ClockworkSouvenir","Philosopher\u0027s Stone","Oddly Smooth Stone","Question Card"],"potions_floor_usage":[10,16,29,33,33,33,50],"damage_taken":[{"damage":3,"enemies":"Small Slimes","floor":1,"turns":3},{"damage":0,"enemies":"Jaw Worm","floor":3,"turns":3},{"damage":16,"enemies":"3 Sentries","floor":7,"turns":11},{"damage":0,"enemies":"2 Louse","floor":8,"turns":2},{"damage":7,"enemies":"Lagavulin","floor":10,"turns":8},{"damage":0,"enemies":"Looter","floor":12,"turns":3},{"damage":0,"enemies":"2 Fungi Beasts","floor":14,"turns":1},{"damage":39,"enemies":"Slime Boss","floor":16,"turns":19},{"damage":13,"enemies":"3 Byrds","floor":18,"turns":7},{"damage":10,"enemies":"2 Thieves","floor":20,"turns":5},{"damage":31,"enemies":"Gremlin Leader","floor":23,"turns":7},{"damage":32,"enemies":"Snake Plant","floor":29,"turns":4},{"damage":18,"enemies":"3 Cultists","floor":30,"turns":5},{"damage":39,"enemies":"Collector","floor":33,"turns":8},{"damage":11,"enemies":"Orb Walker","floor":35,"turns":2},{"damage":19,"enemies":"3 Shapes","floor":38,"turns":3},{"damage":9,"enemies":"Maw","floor":39,"turns":7},{"damage":31,"enemies":"Transient","floor":41,"turns":5},{"damage":2,"enemies":"Sphere and 2 Shapes","floor":48,"turns":4},{"damage":119,"enemies":"Awakened One","floor":50,"turns":8}],"seed_played":"-4062582851342001353","potions_obtained":[{"floor":1,"key":"SpeedPotion"},{"floor":7,"key":"SpeedPotion"},{"floor":8,"key":"Swift Potion"},{"floor":16,"key":"AttackPotion"},{"floor":18,"key":"FocusPotion"},{"floor":30,"key":"Poison Potion"},{"floor":37,"key":"FocusPotion"},{"floor":37,"key":"SteroidPotion"},{"floor":37,"key":"Poison Potion"}],"is_trial":false,"path_per_floor":["M","$","M","?","$","R","E","M","T","E","R","M","R","M","R","B",null,"M","?","M","$","?","E","R","?","T","$","?","M","M","$","R","B",null,"M","$","?","M","M","R","M","R","T","$","R","$","$","M","R","B"],"character_chosen":"DEFECT","items_purchased":["Sunder","Defragment","Omamori","ClockworkSouvenir","Hello World","Oddly Smooth Stone"],"campfire_rested":3,"item_purchase_floors":[5,21,27,27,31,36],"current_hp_per_floor":[79,79,79,59,59,59,43,43,43,43,43,50,50,50,50,18,82,82,76,73,73,73,56,56,82,82,82,66,48,37,37,61,29,82,71,71,71,66,64,64,33,57,57,57,81,81,81,82,82,0],"gold":140,"neow_bonus":"RANDOM_COMMON_RELIC","is_prod":false,"is_daily":false,"chose_seed":false,"campfire_upgraded":7,"win_rate":0,"timestamp":1548382481,"path_taken":["M","$","M","?","?","R","E","M","T","E","R","M","R","M","R","BOSS","M","?","M","$","?","E","R","?","T","?","?","?","M","$","R","BOSS","M","$","?","M","M","R","M","R","T","?","R","?","$","M","R","BOSS"],"build_version":"2019-01-23","purchased_purges":3,"victory":false,"max_hp_per_floor":[82,82,82,82,82,82,82,82,82,82,82,82,82,82,82,82,82,82,82,82,82,82,82,82,82,82,82,82,82,82,82,82,82,82,82,82,82,82,82,82,82,82,82,82,82,82,82,82,82,82],"card_choices":[{"not_picked":["Ball Lightning","Hologram"],"picked":"Genetic Algorithm","floor":1},{"not_picked":["Cold Snap","Doom and Gloom"],"picked":"Glacier","floor":3},{"not_picked":["Stack","Sweeping Beam"],"picked":"Conserve Battery","floor":7},{"not_picked":["Rebound","Barrage"],"picked":"Self Repair","floor":8},{"not_picked":["Chaos","BootSequence"],"picked":"Multi-Cast","floor":10},{"not_picked":["Cold Snap","Sweeping Beam"],"picked":"Compile Driver","floor":12},{"not_picked":["Cold Snap","Consume"],"picked":"Auto Shields","floor":14},{"not_picked":["Core Surge","Amplify"],"picked":"Echo Form","floor":16},{"not_picked":["Reprogram","Ball Lightning"],"picked":"Redo+1","floor":18},{"not_picked":["Turbo","Darkness"],"picked":"Ball Lightning+1","floor":20},{"not_picked":["Capacitor+1","Skim+1"],"picked":"Scrape","floor":23},{"not_picked":["Gash+1","Leap"],"picked":"Blizzard+1","floor":29},{"not_picked":["Scrape","Chill"],"picked":"Double Energy+1","floor":30},{"not_picked":["Rainbow","Core Surge"],"picked":"All For One","floor":33},{"not_picked":["Conserve Battery","Skim"],"picked":"Go for the Eyes+1","floor":35},{"not_picked":["Rip and Tear+1","Ball Lightning+1"],"picked":"Redo+1","floor":38},{"not_picked":["Blizzard+1","Sweeping Beam"],"picked":"Ball Lightning+1","floor":39},{"not_picked":["Recycle+1","Cold Snap"],"picked":"Beam Cell","floor":41},{"not_picked":["Leap","Recycle","Reinforced Body+1"],"picked":"Tempest","floor":48}],"player_experience":463409,"relics_obtained":[{"floor":7,"key":"Sundial"},{"floor":9,"key":"Bottled Flame"},{"floor":10,"key":"Dodecahedron"},{"floor":23,"key":"Old Coin"},{"floor":26,"key":"Ancient Tea Set"},{"floor":43,"key":"Question Card"}],"event_choices":[{"damage_healed":0,"gold_gain":0,"player_choice":"Take Damage","damage_taken":20,"relics_obtained":["Golden Idol"],"max_hp_gain":0,"max_hp_loss":0,"event_name":"Golden Idol","floor":4,"gold_loss":0},{"damage_healed":0,"gold_gain":0,"player_choice":"Joined the Cult","damage_taken":6,"max_hp_gain":0,"max_hp_loss":0,"event_name":"Nest","floor":19,"gold_loss":0,"cards_obtained":["RitualDagger"]},{"cards_removed":["Defend_B"],"damage_healed":0,"gold_gain":0,"player_choice":"Elegance","damage_taken":0,"max_hp_gain":0,"max_hp_loss":0,"event_name":"Back to Basics","floor":22,"gold_loss":0},{"damage_healed":27,"gold_gain":0,"player_choice":"Heal","damage_taken":0,"max_hp_gain":0,"max_hp_loss":0,"event_name":"The Library","floor":25,"gold_loss":0},{"damage_healed":0,"gold_gain":0,"player_choice":"CARD ","damage_taken":16,"max_hp_gain":0,"max_hp_loss":0,"event_name":"Knowing Skull","floor":28,"potions_obtained":[],"gold_loss":0,"cards_obtained":["Flash of Steel"]},{"damage_healed":0,"gold_gain":0,"player_choice":"Got Potions","damage_taken":0,"max_hp_gain":0,"max_hp_loss":0,"event_name":"Lab","floor":37,"gold_loss":0}],"is_beta":false,"boss_relics":[{"not_picked":["Empty Cage","Busted Crown"],"picked":"Nuclear Battery"},{"not_picked":["Runic Dome","Snecko Eye"],"picked":"Philosopher\u0027s Stone"}],"items_purged_floors":[2,21,27],"is_endless":false,"potions_floor_spawned":[1,7,8,16,18,23,30,39,41],"killed_by":"Awakened One","ascension_level":0}