{"gold_per_floor":[117,42,55,55,55,55,90,90,116,157,169,181,149,180,192,281,293,319,341,403,433,445,457,76,76],"floor_reached":25,"playtime":1170,"items_purged":["Strike_R","Strike_R"],"score":414,"play_id":"bdc3da2b-1d41-478f-bc34-24822c6c8475","local_time":"20190306184238","is_ascension_mode":true,"campfire_choices":[{"data":"Cleave","floor":6,"key":"SMITH"},{"data":"Bash","floor":8,"key":"SMITH"},{"floor":15,"key":"REST"},{"floor":23,"key":"REST"}],"neow_cost":"NONE","seed_source_timestamp":437211658366354,"circlet_count":0,"master_deck":["AscendersBane","Strike_R","Strike_R","Defend_R","Defend_R","Defend_R","Defend_R","Bash+1","Evolve","Cleave+1","Flex","Disarm","Infernal Blade","Immolate","Cleave","Flame Barrier","Pommel Strike+1","Transmutation","Second Wind"],"relics":["Burning Blood","Vajra","Ginger","MawBank","Art of War","Bag of Preparation","Velvet Choker","MutagenicStrength"],"potions_floor_usage":[7,16,19],"damage_taken":[{"damage":2,"enemies":"2 Louse","floor":1,"turns":3},{"damage":8,"enemies":"Small Slimes","floor":3,"turns":5},{"damage":17,"enemies":"3 Sentries","floor":7,"turns":8},{"damage":30,"enemies":"Lagavulin","floor":10,"turns":5},{"damage":1,"enemies":"Cultist","floor":14,"turns":3},{"damage":35,"enemies":"The Guardian","floor":16,"turns":11},{"damage":17,"enemies":"Chosen","floor":18,"turns":4},{"damage":45,"enemies":"Shell Parasite","floor":19,"turns":6},{"damage":9,"enemies":"Cultist and Chosen","floor":21,"turns":5},{"damage":39,"enemies":"Gremlin Leader","floor":25,"turns":2}],"seed_played":"4857116531928503102","potions_obtained":[{"floor":1,"key":"EssenceOfSteel"},{"floor":7,"key":"GamblersBrew"},{"floor":10,"key":"Energy Potion"}],"is_trial":false,"path_per_floor":["M","$","M","?","?","R","E","R","T","E","?","?","?","M","R","B",null,"M","M","?","M","?","R","$","E"],"character_chosen":"IRONCLAD","items_purchased":["Transmutation","Second Wind"],"campfire_rested":2,"item_purchase_floors":[24,24],"current_hp_per_floor":[72,72,70,70,75,75,64,64,64,40,33,15,15,20,44,15,64,53,14,14,11,11,35,35,0],"gold":76,"neow_bonus":"RANDOM_COMMON_RELIC","is_prod":false,"is_daily":false,"chose_seed":false,"campfire_upgraded":2,"win_rate":0,"timestamp":1551922958,"path_taken":["M","$","M","?","?","R","E","R","T","E","?","?","?","M","R","BOSS","M","M","?","M","?","R","$","E"],"build_version":"2019-01-23","purchased_purges":2,"victory":false,"max_hp_per_floor":[75,75,75,75,80,80,80,80,80,80,80,80,80,80,80,80,80,80,80,80,80,80,80,80,80],"card_choices":[{"not_picked":["Wild Strike","Pommel Strike"],"picked":"Evolve","floor":1},{"not_picked":["Seeing Red","Perfected Strike"],"picked":"Cleave","floor":3},{"not_picked":["Wild Strike","Havoc"],"picked":"Flex","floor":7},{"not_picked":["Dropkick","Infernal Blade"],"picked":"Disarm","floor":10},{"not_picked":["Sword Boomerang","Wild Strike"],"picked":"Infernal Blade","floor":14},{"not_picked":["Fiend Fire","Double Tap"],"picked":"Immolate","floor":16},{"not_picked":["Inflame+1","True Grit"],"picked":"Cleave","floor":18},{"not_picked":["Dual Wield","Headbutt"],"picked":"Flame Barrier","floor":19},{"not_picked":["Wild Strike","Reckless Charge"],"picked":"Pommel Strike+1","floor":21}],"player_experience":1353804,"relics_obtained":[{"floor":7,"key":"Ginger"},{"floor":9,"key":"MawBank"},{"floor":10,"key":"Art of War"}],"event_choices":[{"damage_healed":0,"gold_gain":0,"player_choice":"Leave","damage_taken":0,"max_hp_gain":0,"max_hp_loss":0,"event_name":"The Cleric","floor":4,"gold_loss":0},{"damage_healed":0,"gold_gain":0,"player_choice":"Donut","damage_taken":0,"max_hp_gain":5,"max_hp_loss":0,"event_name":"Big Fish","floor":5,"gold_loss":0},{"cards_removed":["Strike_R"],"damage_healed":0,"gold_gain":0,"player_choice":"Card Removal","damage_taken":7,"max_hp_gain":0,"max_hp_loss":0,"event_name":"Golden Wing","floor":11,"gold_loss":0},{"damage_healed":0,"gold_gain":0,"player_choice":"Success","damage_taken":18,"relics_obtained":["Bag of Preparation"],"max_hp_gain":0,"max_hp_loss":0,"event_name":"Scrap Ooze","floor":12,"gold_loss":0},{"damage_healed":0,"gold_gain":0,"player_choice":"Left Gold","damage_taken":0,"max_hp_gain":0,"max_hp_loss":0,"event_name":"World of Goop","floor":13,"gold_loss":44},{"damage_healed":0,"gold_gain":50,"player_choice":"Stole From Cult","damage_taken":0,"max_hp_gain":0,"max_hp_loss":0,"event_name":"Nest","floor":20,"gold_loss":0},{"damage_healed":0,"gold_gain":0,"player_choice":"Inject Mutagens","damage_taken":0,"relics_obtained":["MutagenicStrength"],"max_hp_gain":0,"max_hp_loss":0,"event_name":"Drug Dealer","floor":22,"gold_loss":0}],"is_beta":false,"boss_relics":[{"not_picked":["Fusion Hammer","Orrery"],"picked":"Velvet Choker"}],"items_purged_floors":[2,24],"is_endless":false,"potions_floor_spawned":[1,7,10],"killed_by":"Gremlin Leader","ascension_level":20}