{"gold_per_floor":[116,128,53,72,85,110,110,110,110,110,129,163,177,207,207,283,283,295,315,315,315,315],"floor_reached":22,"playtime":1446,"items_purged":["Bash"],"score":391,"play_id":"80a899c4-e6ea-442c-9f98-0b0072d2572e","local_time":"20190218104416","is_ascension_mode":true,"campfire_choices":[{"floor":7,"key":"REST"},{"floor":10,"key":"REST"},{"data":"Armaments","floor":15,"key":"SMITH"}],"neow_cost":"NONE","seed_source_timestamp":238625963031696,"circlet_count":0,"master_deck":["AscendersBane","Strike_R","Strike_R","Strike_R","Defend_R","Defend_R","Defend_R","Defend_R","Headbutt","Cleave","Reaper","Flex","Armaments+1","Berserk","Uppercut","Seeing Red","Immolate","Pommel Strike","Heavy Blade","Writhe"],"relics":["Burning Blood","Red Skull","Strawberry","Pear","Bottled Lightning","Self Forming Clay","Busted Crown","Oddly Smooth Stone"],"potions_floor_usage":[6,12,14,16],"damage_taken":[{"damage":24,"enemies":"Cultist","floor":1,"turns":6},{"damage":14,"enemies":"Jaw Worm","floor":2,"turns":4},{"damage":0,"enemies":"Small Slimes","floor":4,"turns":2},{"damage":14,"enemies":"Blue Slaver","floor":5,"turns":4},{"damage":40,"enemies":"Lagavulin","floor":6,"turns":5},{"damage":13,"enemies":"2 Fungi Beasts","floor":11,"turns":4},{"damage":46,"enemies":"Gremlin Nob","floor":12,"turns":4},{"damage":15,"enemies":"3 Louse","floor":13,"turns":3},{"damage":15,"enemies":"3 Sentries","floor":14,"turns":5},{"damage":33,"enemies":"Hexaghost","floor":16,"turns":10},{"damage":24,"enemies":"Chosen","floor":18,"turns":6},{"damage":23,"enemies":"Spheric Guardian","floor":19,"turns":5},{"damage":64,"enemies":"Cultist and Chosen","floor":22,"turns":5}],"seed_played":"2370268577805209680","potions_obtained":[{"floor":2,"key":"Fire Potion"},{"floor":4,"key":"Strength Potion"},{"floor":6,"key":"Energy Potion"},{"floor":13,"key":"Weak Potion"}],"is_trial":false,"path_per_floor":["M","M","$","M","M","E","R","?","T","R","M","E","M","E","R","B",null,"M","M","?","?","M"],"character_chosen":"IRONCLAD","items_purchased":[],"campfire_rested":2,"item_purchase_floors":[],"current_hp_per_floor":[50,42,42,48,40,22,46,46,56,83,84,50,51,56,56,39,79,64,47,47,47,0],"gold":315,"neow_bonus":"RANDOM_COMMON_RELIC","is_prod":false,"is_daily":false,"chose_seed":false,"campfire_upgraded":1,"win_rate":0,"timestamp":1550511856,"path_taken":["M","M","$","?","M","E","R","?","T","R","M","E","M","E","R","BOSS","M","M","?","?","M"],"build_version":"2019-01-23","purchased_purges":1,"victory":false,"max_hp_per_floor":[75,75,75,75,75,82,82,82,92,92,92,92,92,92,92,92,92,92,92,92,92,92],"card_choices":[{"not_picked":["Wild Strike","Warcry"],"picked":"Headbutt","floor":1},{"not_picked":["Rage","Heavy Blade"],"picked":"Cleave","floor":2},{"not_picked":["Corruption","Anger","Sword Boomerang"],"picked":"SKIP","floor":4},{"not_picked":["Clothesline","Heavy Blade"],"picked":"Reaper","floor":5},{"not_picked":["Shrug It Off","Body Slam"],"picked":"Flex","floor":6},{"not_picked":["Intimidate","Wild Strike"],"picked":"Armaments","floor":11},{"not_picked":["Warcry","Bloodletting"],"picked":"Berserk","floor":12},{"not_picked":["Dual Wield","Anger"],"picked":"Uppercut","floor":13},{"not_picked":["Pommel Strike","Sword Boomerang"],"picked":"Seeing Red","floor":14},{"not_picked":["Limit Break","Reaper"],"picked":"Immolate","floor":16},{"not_picked":[],"picked":"Pommel Strike","floor":18},{"not_picked":[],"picked":"Heavy Blade","floor":19}],"player_experience":1158419,"relics_obtained":[{"floor":6,"key":"Strawberry"},{"floor":9,"key":"Pear"},{"floor":12,"key":"Bottled Lightning"},{"floor":14,"key":"Self Forming Clay"}],"event_choices":[{"cards_removed":["Strike_R"],"damage_healed":0,"gold_gain":0,"player_choice":"Purged","damage_taken":0,"max_hp_gain":0,"max_hp_loss":0,"event_name":"Purifier","floor":8,"gold_loss":0},{"cards_removed":["Strike_R"],"damage_healed":0,"gold_gain":0,"player_choice":"Elegance","damage_taken":0,"max_hp_gain":0,"max_hp_loss":0,"event_name":"Back to Basics","floor":20,"gold_loss":0},{"damage_healed":0,"gold_gain":0,"player_choice":"Opened","damage_taken":0,"relics_obtained":["Oddly Smooth Stone"],"max_hp_gain":0,"max_hp_loss":0,"event_name":"The Mausoleum","floor":21,"gold_loss":0,"cards_obtained":["Writhe"]}],"is_beta":false,"boss_relics":[{"not_picked":["Snecko Eye","Philosopher\u0027s Stone"],"picked":"Busted Crown"}],"items_purged_floors":[3],"is_endless":false,"potions_floor_spawned":[2,4,6,11,13],"killed_by":"Cultist and Chosen","ascension_level":18}