{"gold_per_floor":[110,35,35,54,54,85,260,260,314,332,332,364,364,378,378,474,474,489,0,0,14,14],"floor_reached":22,"playtime":914,"items_purged":["Defend_B","Doubt"],"score":293,"play_id":"b040fb82-ae6d-4601-920d-d35c93ff7123","local_time":"20180624230109","is_ascension_mode":true,"campfire_choices":[{"data":"Lockon","floor":8,"key":"SMITH"},{"floor":11,"key":"REST"},{"data":"Regret","floor":15,"key":"PURGE"}],"neow_cost":"NONE","seed_source_timestamp":965873647165458,"circlet_count":0,"master_deck":["Strike_B","Strike_B","Strike_B","Strike_B","Defend_B","Defend_B+1","Defend_B","Zap","Dualcast+1","Cold Snap","Lockon+1","Storm","Ball Lightning","Reinforced Body","Sweeping Beam","White Noise","Creative AI","Go for the Eyes","Reinforced Body","Loop","Mind Blast","Static Discharge"],"relics":["Cracked Core","NeowsBlessing","Dream Catcher","Bag of Marbles","Juzu Bracelet","Peace Pipe","Sozu","Bag of Preparation"],"potions_floor_usage":[16,16],"damage_taken":[{"damage":0,"enemies":"2 Louse","floor":1,"turns":1},{"damage":0,"enemies":"Small Slimes","floor":4,"turns":1},{"damage":0,"enemies":"Lagavulin","floor":6,"turns":1},{"damage":12,"enemies":"Jaw Worm","floor":10,"turns":2},{"damage":5,"enemies":"3 Sentries","floor":12,"turns":8},{"damage":11,"enemies":"Looter","floor":14,"turns":2},{"damage":51,"enemies":"Hexaghost","floor":16,"turns":9},{"damage":53,"enemies":"2 Thieves","floor":18,"turns":4},{"damage":20,"enemies":"Spheric Guardian","floor":21,"turns":4},{"damage":20,"enemies":"Snake Plant","floor":22,"turns":3}],"seed_played":"-7919178162150050327","potions_obtained":[{"floor":1,"key":"AttackPotion"},{"floor":14,"key":"Regen Potion"}],"is_trial":false,"path_per_floor":["M","$","?","M","?","E","?","R","T","M","R","E","?","M","R","B",null,"M","$","?","M"],"character_chosen":"DEFECT","items_purchased":["Reinforced Body","Bag of Preparation","Loop","Mind Blast"],"campfire_rested":1,"item_purchase_floors":[19,19,19,19],"current_hp_per_floor":[68,68,68,68,53,53,53,53,53,41,63,58,58,47,47,11,59,6,6,31,18,0],"gold":14,"neow_bonus":"THREE_ENEMY_KILL","is_prod":false,"is_daily":false,"chose_seed":false,"campfire_upgraded":1,"win_rate":0,"timestamp":1529902869,"path_taken":["M","$","?","M","?","E","?","R","T","M","R","E","?","M","R","BOSS","M","$","?","M","M"],"build_version":"2018-06-21v2","purchased_purges":2,"victory":false,"max_hp_per_floor":[75,75,75,75,75,75,75,75,75,75,75,75,75,75,75,75,75,75,75,75,75,75],"card_choices":[{"not_picked":["Darkness","Fusion"],"picked":"Cold Snap","floor":1},{"not_picked":["Coolheaded","Skim"],"picked":"Lockon","floor":4},{"not_picked":["Turbo","Redo"],"picked":"Storm","floor":6},{"not_picked":["Barrage","Force Field"],"picked":"Ball Lightning","floor":10},{"not_picked":["Steam","Loop"],"picked":"Reinforced Body","floor":11},{"not_picked":["Reprogram","Lockon"],"picked":"Sweeping Beam","floor":12},{"not_picked":["Leap","Auto Shields"],"picked":"White Noise","floor":14},{"not_picked":["Meteor Strike","Rainbow"],"picked":"Creative AI","floor":16},{"not_picked":["Steam","Aggregate"],"picked":"Go for the Eyes","floor":18},{"not_picked":["Sweeping Beam","Go for the Eyes"],"picked":"Static Discharge","floor":21}],"player_experience":893741,"relics_obtained":[{"floor":6,"key":"Dream Catcher"},{"floor":9,"key":"Bag of Marbles"},{"floor":12,"key":"Juzu Bracelet"}],"event_choices":[{"event_name":"The Cleric","player_choice":"Leave","floor":3,"damage_taken":0},{"event_name":"Shining Light","player_choice":"Entered Light","floor":5,"damage_taken":0},{"event_name":"Liars Game","player_choice":"agreed","floor":7,"damage_taken":0},{"event_name":"Big Fish","player_choice":"Box","floor":13,"damage_taken":0},{"event_name":"The Library","player_choice":"Heal","floor":20,"damage_taken":0}],"boss_relics":[{"not_picked":["Black Star","Velvet Choker"],"picked":"Sozu"}],"items_purged_floors":[2,19],"is_endless":false,"potions_floor_spawned":[1,14,21],"killed_by":"Snake Plant","ascension_level":7}