{"gold_per_floor":[116,132,82,7,7,7,24,24,71,71,87,112,127,143,143,216,216,228,228,239,257,76,111,111,121,121,144,162,162,162,52,52,130,130,161,171,194,194,25,50,69,69,69,69,84,84,94,194,194,194],"floor_reached":51,"playtime":3613,"items_purged":["Strike_B","Decay"],"score":1200,"play_id":"b2b71b75-7428-4346-89ea-ab6ab732d526","local_time":"20190204230017","is_ascension_mode":true,"campfire_choices":[{"data":"Genetic Algorithm","floor":6,"key":"SMITH"},{"data":"Zap","floor":8,"key":"SMITH"},{"data":"Dualcast","floor":10,"key":"SMITH"},{"data":"Defragment","floor":15,"key":"SMITH"},{"floor":24,"key":"REST"},{"floor":29,"key":"REST"},{"floor":32,"key":"REST"},{"floor":42,"key":"REST"},{"floor":44,"key":"REST"},{"floor":46,"key":"REST"},{"data":"Buffer","floor":49,"key":"SMITH"}],"neow_cost":"NONE","seed_source_timestamp":1481408587382046,"circlet_count":0,"master_deck":["AscendersBane","Strike_B","Strike_B","Defend_B","Defend_B","Defend_B","Defend_B","Zap+1","Dualcast+1","Purity","Genetic Algorithm+1","Ball Lightning","Rebound","Glacier","Defragment+1","Go for the Eyes","Scrape","Buffer+1","Sweeping Beam","Ball Lightning","Conserve Battery","Panache","White Noise+1","Capacitor","Injury","Parasite","Coolheaded+1","Panache","Jack Of All Trades+1","Hologram+1","Creative AI","Beam Cell","Redo+1","Apotheosis+1","Heatsinks","Consume+1","Reinforced Body+1","Shame","Barrage","Redo+1","Leap+1"],"relics":["Cracked Core","Centennial Puzzle","Happy Flower","Potion Belt","Cursed Key","Toxic Egg 2","Mummified Hand","Boot","Sozu","Bag of Preparation","Matryoshka","Blood Vial","Pear","Mango"],"potions_floor_usage":[11,11,12,16,21,23,23,23,34,50,50],"damage_taken":[{"damage":0,"enemies":"2 Louse","floor":1,"turns":2},{"damage":0,"enemies":"Cultist","floor":2,"turns":4},{"damage":6,"enemies":"Small Slimes","floor":7,"turns":3},{"damage":0,"enemies":"Red Slaver","floor":11,"turns":3},{"damage":15,"enemies":"Gremlin Nob","floor":12,"turns":4},{"damage":3,"enemies":"Blue Slaver","floor":13,"turns":3},{"damage":0,"enemies":"Large Slime","floor":14,"turns":5},{"damage":29,"enemies":"The Guardian","floor":16,"turns":8},{"damage":12,"enemies":"Shell Parasite","floor":18,"turns":4},{"damage":0,"enemies":"Spheric Guardian","floor":20,"turns":3},{"damage":6,"enemies":"3 Cultists","floor":21,"turns":4},{"damage":24,"enemies":"Slavers","floor":23,"turns":5},{"damage":18,"enemies":"Chosen and Byrds","floor":25,"turns":7},{"damage":9,"enemies":"Shelled Parasite and Fungi","floor":28,"turns":5},{"damage":0,"enemies":"Collector","floor":33,"turns":10},{"damage":17,"enemies":"Orb Walker","floor":35,"turns":4},{"damage":4,"enemies":"3 Darklings","floor":36,"turns":2},{"damage":16,"enemies":"Giant Head","floor":40,"turns":9},{"damage":36,"enemies":"Writhing Mass","floor":41,"turns":6},{"damage":0,"enemies":"Spire Growth","floor":45,"turns":5},{"damage":0,"enemies":"Transient","floor":47,"turns":5},{"damage":0,"enemies":"Mind Bloom Boss Battle","floor":48,"turns":4},{"damage":49,"enemies":"Time Eater","floor":50,"turns":9}],"seed_played":"-4491020796492113865","potions_obtained":[{"floor":1,"key":"SkillPotion"},{"floor":7,"key":"EntropicBrew"},{"floor":14,"key":"PowerPotion"},{"floor":19,"key":"Swift Potion"},{"floor":19,"key":"SneckoOil"},{"floor":19,"key":"Explosive Potion"},{"floor":20,"key":"FearPotion"},{"floor":23,"key":"Dexterity Potion"},{"floor":28,"key":"Strength Potion"},{"floor":33,"key":"Fruit Juice"}],"is_trial":false,"path_per_floor":["M","M","?","$","?","R","M","R","T","R","M","E","M","M","R","B",null,"M","?","M","M","$","E","R","M","T","T","M","R","?","$","R","B",null,"M","M","T","?","$","E","M","R","T","R","M","R","M","?","R","B",null],"character_chosen":"DEFECT","items_purchased":["Panache","Jack Of All Trades+1","Hologram+1","Heatsinks"],"campfire_rested":6,"item_purchase_floors":[22,31,31,39],"current_hp_per_floor":[68,68,68,68,68,68,62,62,62,62,62,47,44,44,44,15,60,48,48,48,42,42,18,40,22,22,22,13,35,35,35,57,57,76,59,55,55,55,55,39,3,27,37,64,66,90,90,104,104,55],"gold":194,"neow_bonus":"RANDOM_COLORLESS","is_prod":false,"is_daily":false,"chose_seed":false,"campfire_upgraded":5,"win_rate":0,"timestamp":1549346417,"path_taken":["M","M","?","$","?","R","M","R","T","R","M","E","?","M","R","BOSS","M","?","M","M","$","E","R","?","T","?","?","R","?","$","R","BOSS","M","M","?","?","$","E","M","R","T","R","M","R","M","?","R","BOSS"],"build_version":"2019-01-23","purchased_purges":2,"victory":true,"max_hp_per_floor":[75,75,75,75,75,75,75,75,75,75,75,75,75,75,75,75,75,75,75,75,75,75,75,75,75,75,75,75,75,75,75,75,75,80,80,80,80,80,80,80,80,80,90,90,90,90,90,104,104,104],"card_choices":[{"not_picked":["Barrage","Loop"],"picked":"Genetic Algorithm","floor":1},{"not_picked":["Blizzard","Storm"],"picked":"Ball Lightning","floor":2},{"not_picked":["Turbo","Coolheaded"],"picked":"Rebound","floor":7},{"not_picked":["Sweeping Beam","Compile Driver"],"picked":"Glacier","floor":11},{"not_picked":["Compile Driver","Fission"],"picked":"Defragment","floor":12},{"not_picked":["Chill","Coolheaded"],"picked":"Go for the Eyes","floor":13},{"not_picked":["Barrage","Skim"],"picked":"Scrape","floor":14},{"not_picked":["Multi-Cast","Biased Cognition"],"picked":"Buffer","floor":16},{"not_picked":["Gash","Recycle"],"picked":"Sweeping Beam","floor":18},{"not_picked":["Hello World","Steam"],"picked":"Ball Lightning","floor":20},{"not_picked":["Steam","Darkness"],"picked":"Conserve Battery","floor":21},{"not_picked":["FTL+1","Heatsinks"],"picked":"White Noise","floor":23},{"not_picked":["Tempest+1","Electrodynamics"],"picked":"Capacitor","floor":25},{"not_picked":["Turbo+1","Gash"],"picked":"Coolheaded+1","floor":28},{"not_picked":["All For One","Meteor Strike"],"picked":"Creative AI","floor":33},{"not_picked":["Compile Driver","Gash"],"picked":"Beam Cell","floor":35},{"not_picked":["Scrape","Compile Driver"],"picked":"Redo+1","floor":36},{"not_picked":["Dark Shackles+1","Dramatic Entrance"],"picked":"Apotheosis+1","floor":38},{"not_picked":["Rebound","Ball Lightning"],"picked":"Consume+1","floor":40},{"not_picked":["Steam+1","Rip and Tear+1"],"picked":"Reinforced Body+1","floor":41},{"not_picked":["Sunder+1","Double Energy+1"],"picked":"Barrage","floor":45},{"not_picked":["Gash","Double Energy+1"],"picked":"Redo+1","floor":47},{"not_picked":["Sweeping Beam","Redo+1"],"picked":"Leap+1","floor":48}],"player_experience":966711,"relics_obtained":[{"floor":9,"key":"Happy Flower"},{"floor":12,"key":"Potion Belt"},{"floor":23,"key":"Toxic Egg 2"},{"floor":26,"key":"Mummified Hand"},{"floor":27,"key":"Boot"},{"floor":37,"key":"Bag of Preparation"},{"floor":40,"key":"Matryoshka"},{"floor":43,"key":"Blood Vial"},{"floor":43,"key":"Pear"},{"floor":48,"key":"Mango"}],"event_choices":[{"cards_removed":["Strike_B"],"damage_healed":0,"gold_gain":0,"player_choice":"Card Removal","damage_taken":0,"max_hp_gain":0,"max_hp_loss":0,"event_name":"The Cleric","floor":3,"gold_loss":50},{"damage_healed":0,"gold_gain":0,"player_choice":"Gave Potion","damage_taken":0,"relics_obtained":["Centennial Puzzle"],"max_hp_gain":0,"max_hp_loss":0,"event_name":"WeMeetAgain","floor":5,"gold_loss":0},{"damage_healed":0,"gold_gain":0,"player_choice":"Got Potions","damage_taken":0,"max_hp_gain":0,"max_hp_loss":0,"event_name":"Lab","floor":19,"gold_loss":0},{"damage_healed":0,"gold_gain":0,"player_choice":"Copied","damage_taken":0,"max_hp_gain":0,"max_hp_loss":0,"event_name":"Duplicator","floor":30,"gold_loss":0,"cards_obtained":["Panache"]},{"damage_healed":0,"gold_gain":0,"player_choice":"Memory 1","damage_taken":0,"max_hp_gain":0,"max_hp_loss":0,"event_name":"SensoryStone","floor":38,"gold_loss":0},{"damage_healed":0,"gold_gain":0,"player_choice":"Fight","damage_taken":0,"max_hp_gain":0,"max_hp_loss":0,"event_name":"MindBloom","floor":48,"gold_loss":0}],"is_beta":false,"boss_relics":[{"not_picked":["Philosopher\u0027s Stone","Nuclear Battery"],"picked":"Cursed Key"},{"not_picked":["Runic Pyramid","Coffee Dripper"],"picked":"Sozu"}],"items_purged_floors":[4,39],"is_endless":false,"potions_floor_spawned":[1,7,14,20,23,28,33,41,45,48],"ascension_level":13}