{"gold_per_floor":[109,259,65,65,65,84,84,117,163,163,163,88,116,128,128,202,202,218,230,242,79,129,129],"floor_reached":23,"playtime":1016,"items_purged":["Strike_G"],"score":490,"play_id":"d90ebc61-385c-4067-b21a-f86f9abbf7eb","local_time":"20190216214339","is_ascension_mode":true,"campfire_choices":[{"floor":7,"key":"RECALL"},{"data":"Apotheosis","floor":10,"key":"SMITH"},{"floor":15,"key":"REST"}],"neow_cost":"NONE","seed_source_timestamp":105828086463833,"circlet_count":0,"master_deck":["AscendersBane","Defend_G","Defend_G","Defend_G","Defend_G","Defend_G","Strike_G","Strike_G","Strike_G","Strike_G","Survivor","Neutralize","Bouncing Flask","Apotheosis+1","Dash","Caltrops","After Image","Flying Knee","Corpse Explosion","Distraction","Flying Knee","Backstab"],"relics":["Ring of the Snake","NeowsBlessing","Pantograph","Omamori","Regal Pillow","PreservedInsect","Sozu","Lantern"],"potions_floor_usage":[13,16],"damage_taken":[{"damage":0,"enemies":"Jaw Worm","floor":1,"turns":1},{"damage":0,"enemies":"Small Slimes","floor":6,"turns":1},{"damage":0,"enemies":"Lagavulin","floor":8,"turns":1},{"damage":3,"enemies":"3 Sentries","floor":13,"turns":8},{"damage":0,"enemies":"Cultist","floor":14,"turns":4},{"damage":0,"enemies":"The Guardian","floor":16,"turns":9},{"damage":29,"enemies":"2 Thieves","floor":18,"turns":3},{"damage":5,"enemies":"3 Byrds","floor":19,"turns":3},{"damage":29,"enemies":"Sentry and Sphere","floor":20,"turns":6},{"damage":12,"enemies":"Snecko","floor":23,"turns":4}],"seed_played":"-7340458513761277404","potions_obtained":[{"floor":6,"key":"Explosive Potion"},{"floor":8,"key":"EssenceOfSteel"},{"floor":14,"key":"Strength Potion"}],"is_trial":false,"path_per_floor":["M","?","$","?","T","M","R","E","T","R","?","$","E","M","R","B",null,"M","M","M","$","?","M"],"character_chosen":"THE_SILENT","items_purchased":["Apotheosis","Lantern"],"campfire_rested":1,"item_purchase_floors":[3,21],"current_hp_per_floor":[59,59,59,41,41,41,41,41,41,41,41,41,38,38,66,66,66,37,32,3,3,3,0],"gold":129,"neow_bonus":"THREE_ENEMY_KILL","is_prod":false,"is_daily":false,"chose_seed":false,"campfire_upgraded":1,"win_rate":0,"timestamp":1550378619,"path_taken":["M","?","$","?","?","M","R","E","T","R","?","$","E","M","R","BOSS","M","M","?","$","?","M"],"build_version":"2019-01-23","purchased_purges":1,"victory":false,"max_hp_per_floor":[66,66,66,66,66,66,66,66,66,66,66,66,66,66,66,66,66,66,66,66,66,66,66],"card_choices":[{"not_picked":["Quick Slash","Backflip"],"picked":"Bouncing Flask","floor":1},{"not_picked":["Terror","Backflip"],"picked":"Dash","floor":6},{"not_picked":["Outmaneuver","Well Laid Plans"],"picked":"Caltrops","floor":8},{"not_picked":["Concentrate","Dash"],"picked":"After Image","floor":13},{"not_picked":["Expertise","Masterful Stab"],"picked":"Flying Knee","floor":14},{"not_picked":["After Image","Night Terror"],"picked":"Corpse Explosion","floor":16},{"not_picked":["PiercingWail","Tactician"],"picked":"Distraction","floor":18},{"not_picked":["PiercingWail","Slice"],"picked":"Flying Knee","floor":19},{"not_picked":["Leg Sweep+1","Underhanded Strike"],"picked":"Backstab","floor":20}],"player_experience":1115416,"relics_obtained":[{"floor":8,"key":"Omamori"},{"floor":9,"key":"Regal Pillow"},{"floor":13,"key":"PreservedInsect"}],"event_choices":[{"damage_healed":0,"gold_gain":150,"player_choice":"AGREE","damage_taken":0,"max_hp_gain":0,"max_hp_loss":0,"event_name":"Liars Game","floor":2,"gold_loss":0,"cards_obtained":["Doubt"]},{"damage_healed":0,"gold_gain":0,"player_choice":"Success","damage_taken":18,"relics_obtained":["Pantograph"],"max_hp_gain":0,"max_hp_loss":0,"event_name":"Scrap Ooze","floor":4,"gold_loss":0},{"cards_removed":["Doubt"],"damage_healed":0,"gold_gain":0,"player_choice":"Purged","damage_taken":0,"max_hp_gain":0,"max_hp_loss":0,"event_name":"Purifier","floor":11,"gold_loss":0},{"damage_healed":0,"gold_gain":50,"player_choice":"Stole From Cult","damage_taken":0,"max_hp_gain":0,"max_hp_loss":0,"event_name":"Nest","floor":22,"gold_loss":0}],"is_beta":false,"boss_relics":[{"not_picked":["Velvet Choker","Snecko Eye"],"picked":"Sozu"}],"items_purged_floors":[12],"is_endless":false,"potions_floor_spawned":[6,8,14],"killed_by":"Snecko","ascension_level":16}