{"gold_per_floor":[110,110,110,123,48,91,103,129,141,153,206,241,271,326,338,440,452,477,505,41,41,60,60,103,103,178,194,194,194],"floor_reached":29,"playtime":1666,"items_purged":["Strike_B","Strike_B"],"score":532,"play_id":"2ed3dffa-76da-4fa1-beae-019c1c9963e8","local_time":"20190205235449","is_ascension_mode":true,"campfire_choices":[{"data":"Zap","floor":7,"key":"SMITH"},{"data":"Dualcast","floor":10,"key":"SMITH"},{"data":"Glacier","floor":15,"key":"SMITH"},{"floor":23,"key":"REST"},{"floor":25,"key":"REST"},{"floor":28,"key":"REST"}],"neow_cost":"NONE","seed_source_timestamp":1573041779545749,"circlet_count":0,"master_deck":["AscendersBane","Strike_B","Strike_B","Defend_B","Defend_B","Defend_B","Defend_B","Zap+1","Dualcast+1","Sunder+1","Self Repair","Glacier+1","Ball Lightning","Rainbow","Chill","Conserve Battery","Go for the Eyes","Rainbow","Compile Driver","Hologram","Metamorphosis","Defragment","Defragment","Double Energy"],"relics":["Cracked Core","NeowsBlessing","Golden Idol","MawBank","Sundial","Dead Branch","Ginger","Inserter","Toolbox","NlothsMask","Question Card"],"potions_floor_usage":[11,16,18,24],"damage_taken":[{"damage":0,"enemies":"2 Louse","floor":1,"turns":1},{"damage":0,"enemies":"Jaw Worm","floor":4,"turns":1},{"damage":0,"enemies":"Gremlin Nob","floor":6,"turns":1},{"damage":1,"enemies":"Cultist","floor":8,"turns":4},{"damage":6,"enemies":"3 Sentries","floor":11,"turns":7},{"damage":7,"enemies":"Exordium Wildlife","floor":12,"turns":2},{"damage":0,"enemies":"Lots of Slimes","floor":13,"turns":2},{"damage":0,"enemies":"Lagavulin","floor":14,"turns":6},{"damage":19,"enemies":"Slime Boss","floor":16,"turns":6},{"damage":4,"enemies":"Spheric Guardian","floor":18,"turns":5},{"damage":14,"enemies":"Shell Parasite","floor":19,"turns":4},{"damage":20,"enemies":"Snecko","floor":22,"turns":5},{"damage":44,"enemies":"Slavers","floor":24,"turns":4},{"damage":35,"enemies":"Snake Plant","floor":27,"turns":5},{"damage":32,"enemies":"Book of Stabbing","floor":29,"turns":3}],"seed_played":"4723842161349897964","potions_obtained":[{"floor":4,"key":"FearPotion"},{"floor":8,"key":"AttackPotion"},{"floor":12,"key":"FocusPotion"},{"floor":16,"key":"Swift Potion"}],"is_trial":false,"path_per_floor":["M","?","?","M","$","E","R","M","T","R","E","M","M","E","R","B",null,"M","M","$","?","M","R","E","R","T","M","R","E"],"character_chosen":"DEFECT","items_purchased":["Toolbox","Metamorphosis"],"campfire_rested":3,"item_purchase_floors":[20,20],"current_hp_per_floor":[64,64,64,64,64,64,64,66,66,66,66,66,66,66,66,54,63,66,59,59,59,39,58,21,40,40,12,31,0],"gold":194,"neow_bonus":"THREE_ENEMY_KILL","is_prod":false,"is_daily":false,"chose_seed":false,"campfire_upgraded":3,"win_rate":0,"timestamp":1549436089,"path_taken":["M","?","?","?","$","E","R","M","T","R","E","M","M","E","R","BOSS","M","M","$","?","M","R","E","R","T","M","R","E"],"build_version":"2019-01-23","purchased_purges":2,"victory":false,"max_hp_per_floor":[71,66,66,66,66,66,66,66,66,66,66,66,66,66,66,66,66,66,66,66,66,66,66,66,66,66,66,66,66],"card_choices":[{"not_picked":["Sweeping Beam","Hologram"],"picked":"Sunder","floor":1},{"not_picked":["Sweeping Beam","Stack"],"picked":"Self Repair","floor":4},{"not_picked":["Steam Power","Lockon"],"picked":"Glacier","floor":6},{"not_picked":["Turbo","Cold Snap"],"picked":"Ball Lightning","floor":8},{"not_picked":["Rebound","Beam Cell"],"picked":"Rainbow","floor":11},{"not_picked":["Sweeping Beam","Lockon"],"picked":"Chill","floor":12},{"not_picked":["Streamline","Fusion"],"picked":"Conserve Battery","floor":13},{"not_picked":["Sweeping Beam","Gash"],"picked":"Go for the Eyes","floor":14},{"not_picked":["Machine Learning","Biased Cognition"],"picked":"Rainbow","floor":16},{"not_picked":["Cold Snap","Beam Cell"],"picked":"Compile Driver","floor":18},{"not_picked":["Streamline","Conserve Battery"],"picked":"Hologram","floor":19},{"not_picked":["Reprogram","Leap"],"picked":"Defragment","floor":22},{"not_picked":["Storm","Chaos"],"picked":"Defragment","floor":24},{"not_picked":["Gash+1","Loop","Beam Cell"],"picked":"Double Energy","floor":27}],"player_experience":987721,"relics_obtained":[{"floor":6,"key":"MawBank"},{"floor":9,"key":"Sundial"},{"floor":11,"key":"Dead Branch"},{"floor":14,"key":"Ginger"},{"floor":24,"key":"Question Card"}],"event_choices":[{"damage_healed":0,"gold_gain":0,"player_choice":"Lose Max HP","damage_taken":0,"relics_obtained":["Golden Idol"],"max_hp_gain":0,"max_hp_loss":5,"event_name":"Golden Idol","floor":2,"gold_loss":0},{"damage_healed":0,"gold_gain":0,"player_choice":"Upgraded","damage_taken":0,"max_hp_gain":0,"max_hp_loss":0,"event_name":"Upgrade Shrine","floor":3,"gold_loss":0,"cards_upgraded":["Sunder"]},{"damage_healed":0,"gold_gain":0,"player_choice":"Trade","damage_taken":0,"relics_obtained":["NlothsMask"],"max_hp_gain":0,"max_hp_loss":0,"event_name":"FaceTrader","floor":21,"gold_loss":0}],"is_beta":false,"boss_relics":[{"not_picked":["Runic Pyramid","Snecko Eye"],"picked":"Inserter"}],"items_purged_floors":[5,20],"is_endless":false,"potions_floor_spawned":[4,8,12,16],"killed_by":"Book of Stabbing","ascension_level":14}