{"path_per_floor":["M","M","?","M","M","E","?","R","T","E","M","?","R","M","R","B",null,"M","?","$","T","M"],"character_chosen":"IRONCLAD","items_purchased":["Whetstone","Metallicize","Secret Technique"],"gold_per_floor":[115,129,129,147,161,192,192,192,217,252,266,341,341,353,353,456,456,475,475,27,76,94,94],"floor_reached":23,"campfire_rested":0,"playtime":1689,"current_hp_per_floor":[80,76,69,74,75,58,90,90,90,42,45,34,34,40,40,41,90,68,68,68,68,67,0],"items_purged":["Decay"],"gold":94,"score":201,"play_id":"c451c0fc-3994-4bdc-b30e-64acc52c2e8e","local_time":"20180521204459","is_prod":false,"is_daily":false,"chose_seed":false,"is_ascension_mode":false,"campfire_upgraded":3,"timestamp":1526949899,"campfire_choices":[{"data":"Flame Barrier","floor":8,"key":"SMITH"},{"data":"Inflame","floor":13,"key":"SMITH"},{"data":"Whirlwind","floor":15,"key":"SMITH"}],"path_taken":["M","M","?","M","M","E","?","R","T","E","M","?","R","M","R","BOSS","M","?","$","?","M","E"],"build_version":"2018-05-17","seed_source_timestamp":592732896204765,"purchased_purges":1,"victory":false,"master_deck":["Strike_R+1","Strike_R","Strike_R+1","Defend_R","Defend_R","Defend_R+1","Defend_R+1","Bash","Thunderclap","Iron Wave","Ghostly Armor","Whirlwind+1","Flame Barrier+1","Pommel Strike","Inflame+1","Battle Trance","Double Tap","Armaments","Metallicize","Secret Technique","Inflame+1"],"max_hp_per_floor":[80,80,80,80,80,80,90,90,90,90,90,90,90,90,90,90,90,90,90,90,90,90,90],"relics":["Black Blood","War Paint","Ancient Tea Set","Boot","Whetstone","Oddly Smooth Stone"],"card_choices":[{"not_picked":["Reckless Charge","Cleave"],"picked":"Thunderclap","floor":1},{"not_picked":["Headbutt","Double Tap"],"picked":"Iron Wave","floor":2},{"not_picked":["Pommel Strike","Sword Boomerang"],"picked":"Ghostly Armor","floor":4},{"not_picked":["Twin Strike","Flex"],"picked":"Whirlwind","floor":5},{"not_picked":["Feel No Pain","Body Slam"],"picked":"Flame Barrier","floor":6},{"not_picked":["Fiend Fire","Thunderclap"],"picked":"Pommel Strike","floor":10},{"not_picked":["Heavy Blade","Twin Strike"],"picked":"Inflame","floor":11},{"not_picked":["Dual Wield","True Grit"],"picked":"Battle Trance","floor":14},{"not_picked":["Demon Form","Impervious"],"picked":"Double Tap","floor":16},{"not_picked":["Headbutt","Pommel Strike"],"picked":"Armaments","floor":18},{"not_picked":["Combust","Rampage"],"picked":"Inflame+1","floor":22}],"player_experience":30806,"potions_floor_usage":[10,16,16,16,22],"damage_taken":[{"damage":6,"enemies":"2 Louse","floor":1,"turns":3},{"damage":10,"enemies":"Jaw Worm","floor":2,"turns":4},{"damage":1,"enemies":"Cultist","floor":4,"turns":3},{"damage":5,"enemies":"3 Louse","floor":5,"turns":3},{"damage":23,"enemies":"3 Sentries","floor":6,"turns":10},{"damage":54,"enemies":"Lagavulin","floor":10,"turns":10},{"damage":3,"enemies":"Exordium Thugs","floor":11,"turns":5},{"damage":0,"enemies":"Exordium Wildlife","floor":14,"turns":3},{"damage":5,"enemies":"Hexaghost","floor":16,"turns":9},{"damage":32,"enemies":"Spheric Guardian","floor":18,"turns":7},{"damage":11,"enemies":"2 Thieves","floor":22,"turns":5},{"damage":68,"enemies":"Book of Stabbing","floor":23,"turns":10}],"relics_obtained":[{"floor":6,"key":"War Paint"},{"floor":9,"key":"Ancient Tea Set"},{"floor":10,"key":"Boot"},{"floor":21,"key":"Oddly Smooth Stone"}],"event_choices":[{"event_name":"Golden Wing","player_choice":"Card Removal","floor":3,"damage_taken":0},{"event_name":"Bonfire Elementals","player_choice":"RARE","floor":7,"damage_taken":0},{"event_name":"World of Goop","player_choice":"Gather Gold","floor":12,"damage_taken":0},{"event_name":"Forgotten Altar","player_choice":"Smashed Altar","floor":19,"damage_taken":0}],"boss_relics":[{"not_picked":["Mark of Pain","Runic Dome"],"picked":"Black Blood"}],"potions_floor_spawned":[1,2,10,14,16],"seed_played":"-496898143237060950","killed_by":"Book of Stabbing","ascension_level":0,"potions_obtained":[{"floor":1,"key":"EssenceOfSteel"},{"floor":2,"key":"AttackPotion"},{"floor":10,"key":"Strength Potion"},{"floor":14,"key":"Weak Potion"},{"floor":16,"key":"Fire Potion"}],"is_trial":false}