{"gold_per_floor":[117,42,42,55,130,130,165,165,188,206,233,233,233,266,266,362,362,387,387],"floor_reached":19,"playtime":764,"items_purged":["Strike_G"],"score":408,"play_id":"97f04dbe-8166-4997-bcb6-94c394e1fe97","local_time":"20190212000318","is_ascension_mode":true,"campfire_choices":[{"data":"Skewer","floor":6,"key":"SMITH"},{"data":"Infinite Blades","floor":8,"key":"SMITH"},{"data":"Accuracy","floor":13,"key":"SMITH"},{"floor":15,"key":"REST"}],"neow_cost":"NONE","seed_source_timestamp":2092872075516339,"circlet_count":0,"master_deck":["AscendersBane","Defend_G","Defend_G","Defend_G","Defend_G","Defend_G","Strike_G","Strike_G+1","Strike_G+1","Survivor","Neutralize","Infinite Blades+1","Skewer+1","Accuracy+1","Dagger Spray","After Image","Storm of Steel","Distraction+1"],"relics":["Ring of the Snake","NeowsBlessing","Regal Pillow","Pen Nib","Singing Bowl","Golden Idol","Whetstone","Eternal Feather"],"potions_floor_usage":[11,16,19],"damage_taken":[{"damage":0,"enemies":"2 Louse","floor":1,"turns":1},{"damage":0,"enemies":"Small Slimes","floor":4,"turns":1},{"damage":0,"enemies":"Gremlin Nob","floor":7,"turns":1},{"damage":7,"enemies":"Jaw Worm","floor":10,"turns":3},{"damage":0,"enemies":"Lagavulin","floor":11,"turns":3},{"damage":14,"enemies":"Gremlin Nob","floor":14,"turns":4},{"damage":15,"enemies":"Slime Boss","floor":16,"turns":6},{"damage":23,"enemies":"3 Byrds","floor":18,"turns":5},{"damage":43,"enemies":"Masked Bandits","floor":19,"turns":3}],"seed_played":"439067505821794117","potions_obtained":[{"floor":10,"key":"SteroidPotion"},{"floor":14,"key":"AttackPotion"},{"floor":18,"key":"SkillPotion"}],"is_trial":false,"path_per_floor":["M","$","?","M","?","R","E","R","T","M","E","?","R","E","R","B",null,"M","?"],"character_chosen":"THE_SILENT","items_purchased":[],"campfire_rested":1,"item_purchase_floors":[],"current_hp_per_floor":[59,59,59,59,48,48,48,48,48,41,43,43,43,29,62,47,58,35,0],"gold":387,"neow_bonus":"THREE_ENEMY_KILL","is_prod":false,"is_daily":false,"chose_seed":false,"campfire_upgraded":3,"win_rate":0,"timestamp":1549954998,"path_taken":["M","$","?","M","?","R","E","R","T","M","E","?","R","E","R","BOSS","M","?"],"build_version":"2019-01-23","purchased_purges":1,"victory":false,"max_hp_per_floor":[66,66,66,66,66,66,66,66,66,66,68,62,62,62,62,62,62,62,62],"card_choices":[{"not_picked":["Dodge and Roll","Well Laid Plans"],"picked":"Infinite Blades","floor":1},{"not_picked":["Acrobatics","Underhanded Strike"],"picked":"Skewer","floor":4},{"not_picked":["Dagger Throw","Wraith Form v2"],"picked":"Accuracy","floor":7},{"not_picked":["Calculated Gamble","Tactician"],"picked":"Dagger Spray","floor":10},{"not_picked":["Quick Slash","Bane","Deflect"],"picked":"Singing Bowl","floor":11},{"not_picked":["Sucker Punch","PiercingWail"],"picked":"After Image","floor":14},{"not_picked":["Grand Finale","Bullet Time"],"picked":"Storm of Steel","floor":16},{"not_picked":["Dash","Quick Slash"],"picked":"Distraction+1","floor":18}],"player_experience":1083710,"relics_obtained":[{"floor":7,"key":"Regal Pillow"},{"floor":9,"key":"Pen Nib"},{"floor":11,"key":"Singing Bowl"},{"floor":14,"key":"Whetstone"}],"event_choices":[{"cards_removed":["Strike_G"],"damage_healed":0,"gold_gain":0,"player_choice":"Forget","damage_taken":0,"max_hp_gain":0,"max_hp_loss":0,"event_name":"Living Wall","floor":3,"gold_loss":0},{"damage_healed":0,"gold_gain":75,"player_choice":"Gather Gold","damage_taken":11,"max_hp_gain":0,"max_hp_loss":0,"event_name":"World of Goop","floor":5,"gold_loss":0},{"damage_healed":0,"gold_gain":0,"player_choice":"Lose Max HP","damage_taken":0,"relics_obtained":["Golden Idol"],"max_hp_gain":0,"max_hp_loss":6,"event_name":"Golden Idol","floor":12,"gold_loss":0},{"damage_healed":0,"gold_gain":0,"player_choice":"Fought Bandits","damage_taken":0,"max_hp_gain":0,"max_hp_loss":0,"event_name":"Masked Bandits","floor":19,"gold_loss":0}],"is_beta":false,"boss_relics":[{"not_picked":["Runic Dome","Tiny House"],"picked":"Eternal Feather"}],"items_purged_floors":[2],"is_endless":false,"potions_floor_spawned":[10,14,18],"killed_by":"Masked Bandits","ascension_level":15}