{"gold_per_floor":[116,116,191,205,37,37,37,67,67,67,67,93,18,38,38,113,113,53,27,27,27,27,27,27],"floor_reached":24,"playtime":766,"items_purged":["Strike_R"],"score":439,"play_id":"e52abd20-7a8f-4930-aaf1-9dff08ae4e8c","local_time":"20190222193751","is_ascension_mode":true,"campfire_choices":[{"data":"Armaments","floor":6,"key":"SMITH"},{"data":"Searing Blow","floor":11,"key":"SMITH"},{"data":"Searing Blow+1","floor":15,"key":"SMITH"},{"data":"Searing Blow+2","floor":23,"key":"SMITH"}],"neow_cost":"NONE","seed_source_timestamp":3768203533307,"circlet_count":0,"master_deck":["AscendersBane","Strike_R","Strike_R","Strike_R","Defend_R","Defend_R","Defend_R","Defend_R","Bash","Iron Wave","Armaments+1","Searing Blow+3","Pain","Entrench","Iron Wave","Double Tap","Uppercut","Body Slam","Ghostly","Ghostly","Ghostly"],"relics":["Burning Blood","NeowsBlessing","Pen Nib","Strawberry","Mercury Hourglass","WarpedTongs","Nunchaku","Ectoplasm","Regal Pillow"],"potions_floor_usage":[16,16,24],"damage_taken":[{"damage":0,"enemies":"Cultist","floor":1,"turns":1},{"damage":0,"enemies":"2 Louse","floor":4,"turns":1},{"damage":0,"enemies":"Lagavulin","floor":8,"turns":1},{"damage":26,"enemies":"Gremlin Nob","floor":12,"turns":4},{"damage":8,"enemies":"Jaw Worm","floor":14,"turns":2},{"damage":45,"enemies":"Slime Boss","floor":16,"turns":9},{"damage":22,"enemies":"2 Thieves","floor":18,"turns":4},{"damage":4,"enemies":"Chosen","floor":20,"turns":3},{"damage":45,"enemies":"Gremlin Leader","floor":24,"turns":5}],"seed_played":"699123811398952554","potions_obtained":[{"floor":1,"key":"SkillPotion"},{"floor":12,"key":"AttackPotion"},{"floor":20,"key":"BloodPotion"}],"is_trial":false,"path_per_floor":["M","?","?","M","$","R","$","E","T","?","R","E","$","M","R","B",null,"M","$","M","?","T","R","E"],"character_chosen":"IRONCLAD","items_purchased":["Pen Nib","Body Slam"],"campfire_rested":0,"item_purchase_floors":[5,19],"current_hp_per_floor":[74,74,63,69,69,69,69,82,82,82,82,62,62,60,60,21,67,51,51,53,41,41,41,0],"gold":27,"neow_bonus":"THREE_ENEMY_KILL","is_prod":false,"is_daily":false,"chose_seed":false,"campfire_upgraded":4,"win_rate":0,"timestamp":1550889471,"path_taken":["M","?","?","M","$","R","?","E","T","?","R","E","$","?","R","BOSS","M","$","M","?","?","R","E"],"build_version":"2019-01-23","purchased_purges":1,"victory":false,"max_hp_per_floor":[75,75,75,75,75,75,75,82,82,82,82,82,82,82,82,82,82,82,82,82,41,41,41,41],"card_choices":[{"not_picked":["Fire Breathing","True Grit"],"picked":"Iron Wave","floor":1},{"not_picked":["Cleave","Headbutt"],"picked":"Armaments","floor":4},{"not_picked":["Iron Wave","Disarm"],"picked":"Searing Blow","floor":8},{"not_picked":["Flex","Clothesline"],"picked":"Entrench","floor":12},{"not_picked":["Rampage","Dropkick"],"picked":"Iron Wave","floor":14},{"not_picked":["Impervious","Exhume"],"picked":"Double Tap","floor":16},{"not_picked":["Cleave","Bloodletting"],"picked":"Uppercut","floor":18},{"not_picked":["Havoc","Sword Boomerang","Armaments"],"picked":"SKIP","floor":20}],"player_experience":1210984,"relics_obtained":[{"floor":8,"key":"Strawberry"},{"floor":9,"key":"Mercury Hourglass"},{"floor":12,"key":"Nunchaku"},{"floor":22,"key":"Regal Pillow"}],"event_choices":[{"cards_removed":["Strike_R"],"damage_healed":0,"gold_gain":0,"player_choice":"Forget","damage_taken":0,"max_hp_gain":0,"max_hp_loss":0,"event_name":"Living Wall","floor":2,"gold_loss":0},{"damage_healed":0,"gold_gain":75,"player_choice":"Gather Gold","damage_taken":11,"max_hp_gain":0,"max_hp_loss":0,"event_name":"World of Goop","floor":3,"gold_loss":0},{"damage_healed":0,"gold_gain":0,"player_choice":"Rummage","damage_taken":0,"relics_obtained":["WarpedTongs"],"max_hp_gain":0,"max_hp_loss":0,"event_name":"Accursed Blacksmith","floor":10,"gold_loss":0,"cards_obtained":["Pain"]},{"damage_healed":0,"gold_gain":0,"player_choice":"Became a Ghost","damage_taken":0,"max_hp_gain":0,"max_hp_loss":41,"event_name":"Ghosts","floor":21,"gold_loss":0,"cards_obtained":["Ghostly","Ghostly","Ghostly"]}],"is_beta":false,"boss_relics":[{"not_picked":["Snecko Eye","Coffee Dripper"],"picked":"Ectoplasm"}],"items_purged_floors":[13],"is_endless":false,"potions_floor_spawned":[1,12,14,20],"killed_by":"Gremlin Leader","ascension_level":19}