{"gold_per_floor":[210,228,240,240,415,445,445,461,539,556,556,566,566,599,611,725,737,759,790,432,450,66,66,84,99,99,115,115,140,159,159,159,260,260,278,278,3,18,30,62,80,95,95,95,54,154,154,179,179,179,179,179,29,54,54],"floor_reached":55,"playtime":5630,"items_purged":["Strike_G","Strike_G","Doubt","Strike_G"],"score":939,"play_id":"208e0e2c-bd09-43c0-971f-57db2205734e","local_time":"20190315172109","is_ascension_mode":true,"campfire_choices":[{"data":"Dash","floor":7.0,"key":"SMITH"},{"data":"Cloak And Dagger","floor":11.0,"key":"SMITH"},{"floor":13.0,"key":"REST"},{"data":"Accuracy","floor":15.0,"key":"SMITH"},{"data":"Accuracy","floor":23.0,"key":"SMITH"},{"floor":28.0,"key":"REST"},{"floor":32.0,"key":"REST"},{"floor":44.0,"key":"RECALL"},{"floor":49.0,"key":"REST"},{"floor":52.0,"key":"REST"}],"neow_cost":"NONE","seed_source_timestamp":225405619715618,"circlet_count":0,"master_deck":["Defend_G+1","Defend_G","Defend_G","Defend_G","Defend_G","Strike_G","Survivor","Neutralize","Infinite Blades+1","Infinite Blades","Dash+1","Corpse Explosion","Cloak And Dagger+1","Deadly Poison","Accuracy+1","Accuracy+1","Envenom","Cloak And Dagger+1","Dodge and Roll","Die Die Die","Crippling Poison","Heel Hook","Accuracy+1","Dodge and Roll+1","Distraction","Eviscerate","Malaise","Bane+1","PiercingWail","Dagger Throw+1","Infinite Blades","Footwork","Deadly Poison","Choke"],"special_seed":0,"relics":["Ring of the Snake","Dead Branch","Kunai","MawBank","Snecko Eye","Nunchaku","MealTicket","Bottled Tornado","Pocketwatch","MutagenicStrength","Busted Crown","Ancient Tea Set","Orichalcum","Ginger","Blood Vial","Gambling Chip"],"potions_floor_usage":[55,55,55],"damage_taken":[{"damage":3.0,"enemies":"2 Louse","floor":1.0,"turns":3.0},{"damage":1.0,"enemies":"Small Slimes","floor":2.0,"turns":4.0},{"damage":1.0,"enemies":"Cultist","floor":3.0,"turns":4.0},{"damage":12.0,"enemies":"3 Sentries","floor":6.0,"turns":8.0},{"damage":3.0,"enemies":"Looter","floor":8.0,"turns":3.0},{"damage":9.0,"enemies":"Large Slime","floor":10.0,"turns":4.0},{"damage":3.0,"enemies":"Blue Slaver","floor":12.0,"turns":3.0},{"damage":6.0,"enemies":"Lagavulin","floor":14.0,"turns":5.0},{"damage":26.0,"enemies":"The Guardian","floor":16.0,"turns":8.0},{"damage":0.0,"enemies":"Spheric Guardian","floor":18.0,"turns":3.0},{"damage":5.0,"enemies":"Shell Parasite","floor":19.0,"turns":4.0},{"damage":14.0,"enemies":"Snecko","floor":21.0,"turns":4.0},{"damage":32.0,"enemies":"Snake Plant","floor":24.0,"turns":4.0},{"damage":0.0,"enemies":"Centurion and Healer","floor":25.0,"turns":5.0},{"damage":0.0,"enemies":"3 Cultists","floor":27.0,"turns":2.0},{"damage":0.0,"enemies":"Book of Stabbing","floor":29.0,"turns":4.0},{"damage":34.0,"enemies":"Shelled Parasite and Fungi","floor":30.0,"turns":5.0},{"damage":25.0,"enemies":"Champ","floor":33.0,"turns":8.0},{"damage":10.0,"enemies":"3 Darklings","floor":35.0,"turns":4.0},{"damage":8.0,"enemies":"Orb Walker","floor":38.0,"turns":3.0},{"damage":0.0,"enemies":"Transient","floor":39.0,"turns":5.0},{"damage":3.0,"enemies":"Giant Head","floor":40.0,"turns":5.0},{"damage":7.0,"enemies":"Sphere and 2 Shapes","floor":41.0,"turns":4.0},{"damage":0.0,"enemies":"4 Shapes","floor":42.0,"turns":6.0},{"damage":0.0,"enemies":"Mind Bloom Boss Battle","floor":46.0,"turns":4.0},{"damage":47.0,"enemies":"Time Eater","floor":50.0,"turns":10.0},{"damage":26.0,"enemies":"Shield and Spear","floor":54.0,"turns":3.0},{"damage":72,"enemies":"The Heart","floor":55,"turns":5}],"seed_played":"-3146426841894491884","potions_obtained":[{"floor":1.0,"key":"Fire Potion"},{"floor":3.0,"key":"Ancient Potion"},{"floor":12.0,"key":"FearPotion"},{"floor":16.0,"key":"Energy Potion"},{"floor":19.0,"key":"Regen Potion"},{"floor":30.0,"key":"Explosive Potion"},{"floor":38.0,"key":"Swift Potion"},{"floor":40.0,"key":"Explosive Potion"},{"floor":42.0,"key":"GhostInAJar"},{"floor":54.0,"key":"Ancient Potion"}],"is_trial":false,"path_per_floor":["M","M","M","?","?","E","R","M","T","M","R","M","R","E","R","B",null,"M","M","$","M","$","R","M","M","T","M","R","E","M","?","R","B",null,"M","?","$","M","M","E","M","M","T","R","$","?","?","T","R","B",null,"R","$","E","B"],"character_chosen":"THE_SILENT","items_purchased":["Nunchaku","MealTicket","Crippling Poison","Ancient Tea Set","Choke"],"campfire_rested":5,"item_purchase_floors":[20,22,22,37,45],"current_hp_per_floor":[67,66,65,51,51,39,39,36,36,27,27,24,45,39,39,13,56,56,51,51,37,37,37,5,20,20,20,41,41,7,7,28,3,53,43,43,58,50,50,47,40,40,40,40,40,40,40,40,61,16,57,70,70,44,0],"gold":54,"neow_bonus":"HUNDRED_GOLD","is_prod":false,"is_daily":false,"chose_seed":false,"campfire_upgraded":4,"win_rate":0,"timestamp":1552692069,"path_taken":["M","M","M","?","?","E","R","M","T","M","R","M","R","E","R","BOSS","M","M","$","M","$","R","M","M","T","M","R","E","M","?","R","BOSS","M","?","$","M","M","E","M","M","T","R","?","?","?","?","R","BOSS","R","$","E","BOSS"],"build_version":"2019-01-23","purchased_purges":4,"victory":false,"max_hp_per_floor":[70,70,70,70,70,70,70,70,70,70,70,70,70,70,70,70,70,70,70,70,70,70,70,70,70,70,70,70,70,70,70,70,70,70,70,70,70,70,70,70,70,70,70,70,70,70,70,70,70,70,70,70,70,70,70],"card_choices":[{"not_picked":["Sucker Punch","Reflex"],"picked":"Infinite Blades","floor":1.0},{"not_picked":["Blade Dance","Acrobatics"],"picked":"Infinite Blades","floor":2.0},{"not_picked":["Distraction","Escape Plan"],"picked":"Dash","floor":3.0},{"not_picked":["Reflex","Calculated Gamble"],"picked":"Corpse Explosion","floor":6.0},{"not_picked":["Flying Knee","Choke"],"picked":"Cloak And Dagger","floor":8.0},{"not_picked":["Outmaneuver","Dagger Spray"],"picked":"Deadly Poison","floor":10.0},{"not_picked":["Acrobatics","Infinite Blades"],"picked":"Accuracy","floor":12.0},{"not_picked":["Deflect","Dagger Throw"],"picked":"Accuracy","floor":14.0},{"not_picked":["Bullet Time","Night Terror"],"picked":"Envenom","floor":16.0},{"not_picked":["Deadly Poison","Outmaneuver"],"picked":"Cloak And Dagger+1","floor":18.0},{"not_picked":["Flying Knee","Outmaneuver"],"picked":"Dodge and Roll","floor":19.0},{"not_picked":["Masterful Stab","Underhanded Strike"],"picked":"Die Die Die","floor":21.0},{"not_picked":["Acrobatics","Blade Dance"],"picked":"Heel Hook","floor":24.0},{"not_picked":["Flying Knee","Deflect+1"],"picked":"Accuracy+1","floor":25.0},{"not_picked":["Deflect","Underhanded Strike"],"picked":"Dodge and Roll+1","floor":27.0},{"not_picked":["Calculated Gamble+1","Backstab+1"],"picked":"Distraction","floor":29.0},{"not_picked":["Prepared","Grand Finale"],"picked":"Eviscerate","floor":30.0},{"not_picked":["Glass Knife","Burst"],"picked":"Malaise","floor":33.0},{"not_picked":[],"picked":"Bane+1","floor":35.0},{"not_picked":[],"picked":"Dagger Throw+1","floor":38.0},{"not_picked":[],"picked":"Infinite Blades","floor":39.0},{"not_picked":[],"picked":"Footwork","floor":40.0},{"not_picked":["Setup+1"],"picked":"SKIP","floor":41.0},{"not_picked":[],"picked":"Deadly Poison","floor":42.0},{"not_picked":["Slice"],"picked":"SKIP","floor":54.0}],"player_experience":96127,"relics_obtained":[{"floor":6.0,"key":"Dead Branch"},{"floor":9.0,"key":"Kunai"},{"floor":14.0,"key":"MawBank"},{"floor":26.0,"key":"Bottled Tornado"},{"floor":29.0,"key":"Pocketwatch"},{"floor":40.0,"key":"Orichalcum"},{"floor":46.0,"key":"Ginger"},{"floor":48.0,"key":"Blood Vial"},{"floor":54.0,"key":"Gambling Chip"}],"event_choices":[{"damage_healed":0.0,"max_hp_gain":0.0,"max_hp_loss":0.0,"gold_gain":0.0,"event_name":"Shining Light","player_choice":"Entered Light","floor":4.0,"gold_loss":0.0,"damage_taken":14.0,"cards_upgraded":["Infinite Blades","Defend_G"]},{"damage_healed":0.0,"max_hp_gain":0.0,"max_hp_loss":0.0,"gold_gain":175.0,"event_name":"Liars Game","player_choice":"AGREE","floor":5.0,"gold_loss":0.0,"damage_taken":0.0,"cards_obtained":["Doubt"]},{"damage_healed":0.0,"max_hp_gain":0.0,"max_hp_loss":0.0,"gold_gain":0.0,"event_name":"Drug Dealer","player_choice":"Inject Mutagens","floor":31.0,"gold_loss":0.0,"damage_taken":0.0,"relics_obtained":["MutagenicStrength"]},{"damage_healed":0.0,"max_hp_gain":0.0,"max_hp_loss":0.0,"gold_gain":0.0,"cards_transformed":["Strike_G"],"event_name":"Transmorgrifier","player_choice":"Transformed","floor":36.0,"gold_loss":0.0,"damage_taken":0.0,"cards_obtained":["PiercingWail"]},{"damage_healed":0.0,"max_hp_gain":0.0,"max_hp_loss":0.0,"gold_gain":0.0,"event_name":"MindBloom","player_choice":"Fight","floor":46.0,"gold_loss":0.0,"damage_taken":0.0},{"damage_healed":0.0,"max_hp_gain":0.0,"max_hp_loss":0.0,"gold_gain":0.0,"event_name":"Tomb of Lord Red Mask","player_choice":"Ignored","floor":47.0,"gold_loss":0.0,"damage_taken":0.0}],"is_beta":false,"boss_relics":[{"not_picked":["Pandora\u0027s Box","Runic Dome"],"picked":"Snecko Eye"},{"not_picked":["Tiny House","Orrery"],"picked":"Busted Crown"}],"items_purged_floors":[20,22,37,53],"is_endless":false,"potions_floor_spawned":[1,3,12,16,18,19,24,30,38,40,42,54],"killed_by":"The Heart","ascension_level":5}