{"gold_per_floor":[118,118,133,58,76,76,87,106,106,106,125,142,142,170,182,194],"floor_reached":16,"playtime":641,"items_purged":["Strike_R"],"score":203,"play_id":"b35faa34-2234-45ef-885a-9876bcb9e555","local_time":"20190226194430","is_ascension_mode":true,"campfire_choices":[{"data":"Barricade","floor":6,"key":"SMITH"},{"data":"Flex","floor":10,"key":"SMITH"},{"data":"Entrench","floor":13,"key":"SMITH"},{"floor":15,"key":"REST"}],"neow_cost":"NONE","seed_source_timestamp":349904755725168,"circlet_count":0,"master_deck":["AscendersBane","Strike_R","Strike_R","Strike_R","Strike_R","Defend_R","Defend_R","Defend_R","Defend_R","Bash","Cleave","Carnage","Barricade+1","Flex+1","Battle Trance","Shrug It Off","Juggernaut","Uppercut","Entrench+1","Iron Wave"],"relics":["Burning Blood","NeowsBlessing","Smiling Mask","MawBank"],"potions_floor_usage":[14,16],"damage_taken":[{"damage":0,"enemies":"Jaw Worm","floor":1,"turns":1},{"damage":0,"enemies":"Cultist","floor":3,"turns":1},{"damage":0,"enemies":"2 Louse","floor":5,"turns":1},{"damage":12,"enemies":"2 Fungi Beasts","floor":7,"turns":3},{"damage":1,"enemies":"3 Louse","floor":8,"turns":4},{"damage":26,"enemies":"Blue Slaver","floor":11,"turns":4},{"damage":11,"enemies":"Red Slaver","floor":12,"turns":3},{"damage":42,"enemies":"Lagavulin","floor":14,"turns":8},{"damage":36,"enemies":"Slime Boss","floor":16,"turns":6}],"seed_played":"320795848711936446","potions_obtained":[{"floor":7,"key":"EssenceOfSteel"},{"floor":14,"key":"GamblersBrew"}],"is_trial":false,"path_per_floor":["M","?","M","$","M","R","M","M","T","R","M","M","R","E","R","B"],"character_chosen":"IRONCLAD","items_purchased":[],"campfire_rested":1,"item_purchase_floors":[],"current_hp_per_floor":[74,74,75,75,75,75,69,74,74,74,54,49,49,13,35,0],"gold":194,"neow_bonus":"THREE_ENEMY_KILL","is_prod":false,"is_daily":false,"chose_seed":false,"campfire_upgraded":3,"win_rate":0,"timestamp":1551235470,"path_taken":["M","?","M","$","?","R","M","M","T","R","M","M","R","E","R","BOSS"],"build_version":"2019-01-23","purchased_purges":1,"victory":false,"max_hp_per_floor":[75,75,75,75,75,75,75,75,75,75,75,75,75,75,75,75],"card_choices":[{"not_picked":["Clothesline","Whirlwind"],"picked":"Cleave","floor":1},{"not_picked":["Sword Boomerang","Cleave"],"picked":"Flex","floor":3},{"not_picked":["Dual Wield","Rampage"],"picked":"Battle Trance","floor":5},{"not_picked":["Heavy Blade","Pommel Strike"],"picked":"Shrug It Off","floor":7},{"not_picked":["Heavy Blade","Seeing Red"],"picked":"Juggernaut","floor":8},{"not_picked":["Pommel Strike","Anger"],"picked":"Uppercut","floor":11},{"not_picked":["Fire Breathing","Carnage"],"picked":"Entrench","floor":12},{"not_picked":["Armaments","Shrug It Off"],"picked":"Iron Wave","floor":14}],"player_experience":1268129,"relics_obtained":[{"floor":9,"key":"Smiling Mask"},{"floor":14,"key":"MawBank"}],"event_choices":[{"damage_healed":0,"gold_gain":0,"player_choice":"2 cards matched","damage_taken":0,"max_hp_gain":0,"max_hp_loss":0,"event_name":"Match and Keep!","floor":2,"gold_loss":0,"cards_obtained":["Carnage","Barricade"]}],"is_beta":false,"boss_relics":[],"items_purged_floors":[4],"is_endless":false,"potions_floor_spawned":[7,14],"killed_by":"Slime Boss","ascension_level":19}