{"gold_per_floor":[15,32,107,125,144,173,173,189,189,189,217,233,253,253,253,349,349,359,369,388,399,68,98,118,118,118,43,61,87,105,124,124,225,225,237,257,80,131,151,181,195,227,252,252,271,287,312,324,324,324],"floor_reached":51,"playtime":5803,"items_purged":["Strike_B","Strike_B"],"score":843,"play_id":"065e7c26-bec9-459c-8d57-bb4886d43d22","local_time":"20190304214353","is_ascension_mode":true,"campfire_choices":[{"data":"Zap","floor":7,"key":"SMITH"},{"data":"Dualcast","floor":10,"key":"SMITH"},{"floor":15,"key":"REST"},{"data":"Defragment","floor":25,"key":"SMITH"},{"floor":32,"key":"REST"},{"data":"Buffer","floor":44,"key":"SMITH"},{"floor":49,"key":"REST"}],"neow_cost":"NO_GOLD","seed_source_timestamp":320576938321860,"circlet_count":0,"master_deck":["Defend_B","Defend_B","Defend_B","Zap+1","Dualcast+1","Chaos+1","Cold Snap","Glacier","BootSequence","Steam Power+1","All For One","Cold Snap","Chaos+1","Blizzard+1","Core Surge","Conserve Battery+1","Coolheaded+1","Chaos+1","Beam Cell+1","Defragment+1","FTL","Compile Driver+1","Reboot+1","Go for the Eyes","Core Surge","Hologram+1","Creative AI","Self Repair+1","Darkness+1","Consume+1","Ball Lightning+1","Buffer+1","Compile Driver","Turbo+1","Aggregate+1"],"relics":["Cracked Core","Toxic Egg 2","Mercury Hourglass","Centennial Puzzle","Empty Cage","Incense Burner","Mango","Anchor","Inserter","Calipers","War Paint","StoneCalendar","Pen Nib","Boot"],"potions_floor_usage":[47,50,50],"damage_taken":[{"damage":7,"enemies":"Small Slimes","floor":1,"turns":3},{"damage":0,"enemies":"Cultist","floor":2,"turns":4},{"damage":0,"enemies":"Jaw Worm","floor":4,"turns":4},{"damage":7,"enemies":"Gremlin Gang","floor":5,"turns":8},{"damage":19,"enemies":"Lagavulin","floor":6,"turns":9},{"damage":9,"enemies":"Lots of Slimes","floor":8,"turns":4},{"damage":1,"enemies":"3 Sentries","floor":11,"turns":6},{"damage":0,"enemies":"Exordium Thugs","floor":12,"turns":3},{"damage":0,"enemies":"Looter","floor":13,"turns":2},{"damage":18,"enemies":"The Guardian","floor":16,"turns":10},{"damage":0,"enemies":"Chosen","floor":18,"turns":3},{"damage":0,"enemies":"Spheric Guardian","floor":19,"turns":4},{"damage":10,"enemies":"3 Cultists","floor":20,"turns":5},{"damage":4,"enemies":"Shelled Parasite and Fungi","floor":21,"turns":6},{"damage":24,"enemies":"Gremlin Leader","floor":23,"turns":7},{"damage":11,"enemies":"Snake Plant","floor":24,"turns":4},{"damage":0,"enemies":"Cultist and Chosen","floor":28,"turns":4},{"damage":0,"enemies":"Centurion and Healer","floor":30,"turns":5},{"damage":13,"enemies":"Shelled Parasite and Fungi","floor":31,"turns":6},{"damage":24,"enemies":"Collector","floor":33,"turns":10},{"damage":7,"enemies":"Orb Walker","floor":35,"turns":5},{"damage":5,"enemies":"3 Shapes","floor":36,"turns":3},{"damage":38,"enemies":"2 Orb Walkers","floor":38,"turns":7},{"damage":14,"enemies":"Writhing Mass","floor":39,"turns":6},{"damage":4,"enemies":"Nemesis","floor":40,"turns":7},{"damage":12,"enemies":"Spire Growth","floor":41,"turns":5},{"damage":0,"enemies":"Giant Head","floor":42,"turns":10},{"damage":18,"enemies":"Maw","floor":45,"turns":5},{"damage":17,"enemies":"Writhing Mass","floor":46,"turns":7},{"damage":31,"enemies":"Nemesis","floor":47,"turns":5},{"damage":2,"enemies":"4 Shapes","floor":48,"turns":5},{"damage":31,"enemies":"Time Eater","floor":50,"turns":10}],"seed_played":"2423282877837667852","potions_obtained":[{"floor":5,"key":"Ancient Potion"},{"floor":6,"key":"EssenceOfSteel"},{"floor":8,"key":"SpeedPotion"},{"floor":20,"key":"Strength Potion"},{"floor":21,"key":"Dexterity Potion"},{"floor":48,"key":"Swift Potion"}],"is_trial":false,"path_per_floor":["M","M","?","M","M","E","R","M","T","R","E","M","M","?","R","B",null,"M","M","M","M","$","E","M","R","T","$","M","T","M","M","R","B",null,"M","M","$","?","M","E","M","E","T","R","M","M","E","M","R","B",null],"character_chosen":"DEFECT","items_purchased":["Defragment","Incense Burner","Creative AI"],"campfire_rested":3,"item_purchase_floors":[22,22,37],"current_hp_per_floor":[68,68,61,61,54,35,35,26,26,26,25,25,25,25,47,29,75,75,75,65,61,61,51,40,40,40,40,40,40,40,27,53,29,89,82,77,77,39,35,41,39,49,49,49,41,34,13,11,37,6],"gold":324,"neow_bonus":"TRANSFORM_TWO_CARDS","is_prod":false,"is_daily":false,"chose_seed":false,"campfire_upgraded":4,"win_rate":0,"timestamp":1551761033,"path_taken":["M","M","?","M","M","E","R","M","T","R","E","M","?","?","R","BOSS","M","M","M","M","$","E","?","R","T","?","M","?","M","?","R","BOSS","M","M","$","?","M","E","M","E","T","R","M","M","E","M","R","BOSS"],"build_version":"2019-01-23","purchased_purges":2,"victory":true,"max_hp_per_floor":[75,75,75,75,75,75,75,75,75,75,75,75,75,75,75,75,75,75,75,75,75,75,89,89,89,89,89,89,89,89,89,89,89,89,89,89,89,89,89,89,89,89,89,89,89,89,89,89,89,89],"card_choices":[{"not_picked":["Conserve Battery","Compile Driver"],"picked":"Cold Snap","floor":1},{"not_picked":["Steam","Ball Lightning"],"picked":"Glacier","floor":2},{"not_picked":["Gash","Aggregate"],"picked":"BootSequence","floor":4},{"not_picked":["Hologram","Leap"],"picked":"Steam Power","floor":5},{"not_picked":["Coolheaded","Chaos"],"picked":"All For One","floor":6},{"not_picked":["Static Discharge","Double Energy+1"],"picked":"Cold Snap","floor":8},{"not_picked":["Sweeping Beam","Barrage"],"picked":"Chaos+1","floor":11},{"not_picked":["Compile Driver","Steam+1"],"picked":"Blizzard","floor":12},{"not_picked":["Streamline","Rebound","Stack+1"],"picked":"SKIP","floor":13},{"not_picked":["All For One","Biased Cognition"],"picked":"Core Surge","floor":16},{"not_picked":["Scrape","Force Field+1"],"picked":"Conserve Battery+1","floor":18},{"not_picked":["Genetic Algorithm+1","Leap+1"],"picked":"Coolheaded+1","floor":19},{"not_picked":["Barrage","Gash"],"picked":"Chaos+1","floor":20},{"not_picked":["Gash+1","Melter+1"],"picked":"Beam Cell+1","floor":21},{"not_picked":["Steam+1","Undo+1"],"picked":"FTL","floor":23},{"not_picked":["Ball Lightning","Sweeping Beam+1"],"picked":"Compile Driver+1","floor":24},{"not_picked":["Sweeping Beam+1","Streamline"],"picked":"Reboot+1","floor":28},{"not_picked":["Recycle+1","Barrage+1"],"picked":"Go for the Eyes","floor":30},{"not_picked":["Doom and Gloom","Chaos+1","Rebound+1"],"picked":"SKIP","floor":31},{"not_picked":["Hyperbeam","Fission+1"],"picked":"Core Surge","floor":33},{"not_picked":["Static Discharge+1","Redo+1","Aggregate+1"],"picked":"SKIP","floor":35},{"not_picked":["Redo+1","Rip and Tear"],"picked":"Hologram+1","floor":36},{"not_picked":["Gash","Redo+1"],"picked":"Self Repair+1","floor":38},{"not_picked":["Auto Shields+1","Gash"],"picked":"Darkness+1","floor":39},{"not_picked":["Ball Lightning","Rebound+1"],"picked":"Consume+1","floor":40},{"not_picked":["Sweeping Beam+1","Redo+1"],"picked":"Ball Lightning+1","floor":41},{"not_picked":["Double Energy+1","Consume+1"],"picked":"Buffer","floor":42},{"not_picked":["Leap+1","BootSequence+1"],"picked":"Compile Driver","floor":45},{"not_picked":["Genetic Algorithm+1","Barrage+1"],"picked":"Turbo+1","floor":46},{"not_picked":["Conserve Battery+1","Steam Power+1"],"picked":"Aggregate+1","floor":47},{"not_picked":["Streamline+1","BootSequence+1","Capacitor"],"picked":"SKIP","floor":48}],"player_experience":40227,"relics_obtained":[{"floor":6,"key":"Toxic Egg 2"},{"floor":9,"key":"Mercury Hourglass"},{"floor":11,"key":"Centennial Puzzle"},{"floor":23,"key":"Mango"},{"floor":29,"key":"Anchor"},{"floor":38,"key":"Calipers"},{"floor":40,"key":"War Paint"},{"floor":42,"key":"StoneCalendar"},{"floor":43,"key":"Pen Nib"},{"floor":47,"key":"Boot"}],"event_choices":[{"damage_healed":0,"gold_gain":75,"player_choice":"Touch","damage_taken":7,"max_hp_gain":0,"max_hp_loss":0,"event_name":"FaceTrader","floor":3,"gold_loss":0},{"damage_healed":0,"gold_gain":0,"player_choice":"Upgraded","damage_taken":0,"max_hp_gain":0,"max_hp_loss":0,"event_name":"Upgrade Shrine","floor":14,"gold_loss":0,"cards_upgraded":["Blizzard"]},{"damage_healed":0,"gold_gain":0,"player_choice":"Fight","damage_taken":0,"max_hp_gain":0,"max_hp_loss":0,"event_name":"Mysterious Sphere","floor":38,"gold_loss":0}],"is_beta":false,"boss_relics":[{"not_picked":["Philosopher\u0027s Stone","Cursed Key"],"picked":"Empty Cage"},{"not_picked":["Fusion Hammer","White Beast Statue"],"picked":"Inserter"}],"items_purged_floors":[27,37],"is_endless":false,"potions_floor_spawned":[5,6,8,11,16,20,21,23,30,31,33,38,39,41,45,46,48],"ascension_level":1}