{"path_per_floor":["M","M","$","M","M","R","?","R","T","$","M","E","R","?","R","B",null,"M","?","$","$","?","R","M","R","T","E","M","$","?","M","R"],"character_chosen":"DEFECT","items_purchased":["Streamline","Leap"],"gold_per_floor":[113,126,51,65,79,79,79,79,127,27,37,70,70,70,70,170,170,189,189,64,17,17,17,29,29,54,81,94,71,71,82,82,82],"floor_reached":33,"campfire_rested":5,"playtime":1794,"current_hp_per_floor":[64,55,55,55,40,40,33,55,55,55,41,24,46,31,53,30,64,64,64,64,64,64,64,41,63,63,31,9,9,9,2,39,0],"items_purged":["Strike_B","Strike_B","Defend_B"],"gold":82,"score":342,"play_id":"29fdaae6-7e45-44e8-9700-c40086661a56","local_time":"20180515213028","is_prod":false,"is_daily":false,"chose_seed":false,"is_ascension_mode":true,"campfire_upgraded":2,"timestamp":1526441428,"path_taken":["M","M","$","M","M","R","?","R","T","$","M","E","R","?","R","BOSS","M","?","?","$","?","R","M","R","T","E","?","?","?","?","R","BOSS"],"build_version":"2018-05-14v2","seed_source_timestamp":519824115627851,"purchased_purges":3,"victory":false,"master_deck":["Defend_B+1","Zap+1","Dualcast+1","Defragment+1","Recycle","Tempest","Go for the Eyes","Cold Snap","Electrodynamics","Hologram+1","Lockon+1","Undo+1","Scrape","Blizzard","Streamline","White Noise+1","Steam","Leap","Beam Cell"],"max_hp_per_floor":[75,75,75,75,75,75,75,75,75,75,75,75,75,75,75,75,75,75,75,75,75,75,75,75,75,75,75,75,75,75,75,75,75],"relics":["Cracked Core","Potion Belt","Anchor","Astrolabe","Bronze Scales","Happy Flower","Regal Pillow"],"card_choices":[{"not_picked":["Cold Snap","Turbo"],"picked":"Defragment","floor":1},{"not_picked":["Turbo","Sunder"],"picked":"Recycle","floor":2},{"not_picked":["Streamline","Axe Kick"],"picked":"Tempest","floor":4},{"not_picked":["Go for the Eyes","Steam Power","Rip and Tear"],"picked":"SKIP","floor":5},{"not_picked":["Steam Power","Rip and Tear"],"picked":"Go for the Eyes","floor":5},{"not_picked":["Turbo","Auto Shields"],"picked":"Lockon","floor":11},{"not_picked":["Stack","Hologram"],"picked":"Cold Snap","floor":12},{"not_picked":["Nova","Reboot"],"picked":"Electrodynamics","floor":16},{"not_picked":["Chill","Beam Cell"],"picked":"Scrape","floor":18},{"not_picked":["Coolheaded","Reprogram+1","Stack"],"picked":"SKIP","floor":24},{"not_picked":["Steam Power","Go for the Eyes+1"],"picked":"White Noise+1","floor":27},{"not_picked":["Barrage","Coolheaded"],"picked":"Steam","floor":28},{"not_picked":["Streamline+1","Static Discharge"],"picked":"Beam Cell","floor":31}],"player_experience":125397,"potions_floor_usage":[16,27,31,31,33],"damage_taken":[{"damage":4,"enemies":"Jaw Worm","floor":1,"turns":4},{"damage":9,"enemies":"Small Slimes","floor":2,"turns":3},{"damage":0,"enemies":"2 Louse","floor":4,"turns":2},{"damage":15,"enemies":"Large Slime","floor":5,"turns":5},{"damage":14,"enemies":"Looter","floor":11,"turns":3},{"damage":17,"enemies":"3 Sentries","floor":12,"turns":4},{"damage":23,"enemies":"Slime Boss","floor":16,"turns":8},{"damage":0,"enemies":"Chosen","floor":18,"turns":5},{"damage":23,"enemies":"Shell Parasite","floor":24,"turns":4},{"damage":32,"enemies":"Slavers","floor":27,"turns":4},{"damage":22,"enemies":"Snake Plant","floor":28,"turns":3},{"damage":7,"enemies":"3 Cultists","floor":31,"turns":5},{"damage":40,"enemies":"Champ","floor":33,"turns":9}],"relics_obtained":[{"floor":9,"key":"Potion Belt"},{"floor":12,"key":"Anchor"},{"floor":26,"key":"Happy Flower"},{"floor":27,"key":"Regal Pillow"}],"event_choices":[{"event_name":"Golden Wing","player_choice":"Card Removal","floor":7,"damage_taken":0},{"event_name":"Shining Light","player_choice":"Entered Light","floor":14,"damage_taken":0},{"event_name":"Transmorgrifier","player_choice":"Transform","floor":19,"damage_taken":0},{"event_name":"Wheel of Change","player_choice":"Relic","floor":22,"damage_taken":0},{"event_name":"Addict","player_choice":"Ignored","floor":30,"damage_taken":0}],"boss_relics":[{"not_picked":["Black Star","White Beast Statue"],"picked":"Astrolabe"}],"potions_floor_spawned":[1,2,4,24,28],"seed_played":"5667239858778913941","killed_by":"Champ","ascension_level":6,"potions_obtained":[{"floor":1,"key":"LiquidBronze"},{"floor":2,"key":"Explosive Potion"},{"floor":4,"key":"FearPotion"},{"floor":24,"key":"Poison Potion"},{"floor":28,"key":"EssenceOfSteel"}],"is_trial":false}