{"gold_per_floor":[118,128,1,19,38,38,61,96,96,96,110,10,27,41,41,140,140,80,80,80,80,80,80,80],"floor_reached":24,"playtime":2321,"items_purged":["Strike_R","Strike_R"],"score":257,"play_id":"3089251f-f8df-47d1-a5a1-040185b04293","local_time":"20190305083903","is_ascension_mode":true,"campfire_choices":[{"data":"Armaments","floor":6,"key":"SMITH"},{"floor":10,"key":"REST"},{"data":"Pommel Strike","floor":15,"key":"SMITH"},{"data":"Inflame","floor":23,"key":"SMITH"}],"neow_cost":"TEN_PERCENT_HP_LOSS","seed_source_timestamp":363378689257747,"circlet_count":0,"master_deck":["Strike_R","Strike_R","Strike_R","Defend_R","Defend_R","Defend_R","Defend_R","Bash","Disarm","Armaments+1","True Grit","Carnage","Battle Trance","Clothesline","Disarm","Clothesline","Pommel Strike+1","Reaper","Shrug It Off+1","Ghostly","Ghostly","Ghostly","Ghostly","Ghostly","Inflame+1"],"relics":["Burning Blood","Unceasing Top","Odd Mushroom","Torii","Ectoplasm"],"potions_floor_usage":[5,8,16,18],"damage_taken":[{"damage":6,"enemies":"2 Louse","floor":1,"turns":3},{"damage":0,"enemies":"Small Slimes","floor":2,"turns":4},{"damage":8,"enemies":"Jaw Worm","floor":4,"turns":5},{"damage":10,"enemies":"3 Louse","floor":5,"turns":4},{"damage":33,"enemies":"The Mushroom Lair","floor":7,"turns":6},{"damage":33,"enemies":"3 Sentries","floor":8,"turns":11},{"damage":1,"enemies":"2 Fungi Beasts","floor":11,"turns":3},{"damage":2,"enemies":"Exordium Wildlife","floor":13,"turns":4},{"damage":7,"enemies":"Looter","floor":14,"turns":3},{"damage":16,"enemies":"Hexaghost","floor":16,"turns":12},{"damage":13,"enemies":"2 Thieves","floor":18,"turns":4},{"damage":1,"enemies":"Chosen","floor":19,"turns":5},{"damage":8,"enemies":"Shelled Parasite and Fungi","floor":21,"turns":10},{"damage":21,"enemies":"Centurion and Healer","floor":22,"turns":9},{"damage":30,"enemies":"Colosseum Slavers","floor":24,"turns":3}],"seed_played":"-1181877756302925273","potions_obtained":[{"floor":2,"key":"Swift Potion"},{"floor":7,"key":"SteroidPotion"},{"floor":11,"key":"Weak Potion"},{"floor":13,"key":"Fire Potion"},{"floor":18,"key":"SkillPotion"},{"floor":19,"key":"FearPotion"}],"is_trial":false,"path_per_floor":["M","M","$","M","M","R","?","E","T","R","M","$","M","M","R","B",null,"M","M","?","M","M","R","?"],"character_chosen":"IRONCLAD","items_purchased":["Fire Potion"],"campfire_rested":1,"item_purchase_floors":[3],"current_hp_per_floor":[72,72,72,70,66,66,39,12,12,33,38,38,42,41,41,31,72,72,72,36,34,26,26,0],"gold":80,"neow_bonus":"ONE_RARE_RELIC","is_prod":false,"is_daily":false,"chose_seed":false,"campfire_upgraded":3,"win_rate":1,"timestamp":1551800343,"path_taken":["M","M","$","M","M","R","?","E","T","R","M","$","M","M","R","BOSS","M","M","?","M","M","R","?"],"build_version":"2019-01-23","purchased_purges":2,"victory":false,"max_hp_per_floor":[72,72,72,72,72,72,72,72,72,72,72,72,72,72,72,72,72,72,72,36,36,36,36,36],"card_choices":[{"not_picked":["Sword Boomerang","Body Slam"],"picked":"Disarm","floor":1},{"not_picked":["Reckless Charge","Thunderclap"],"picked":"Armaments","floor":2},{"not_picked":["Heavy Blade","Cleave"],"picked":"True Grit","floor":4},{"not_picked":["Body Slam","Thunderclap"],"picked":"Carnage","floor":5},{"not_picked":["Wild Strike","Armaments"],"picked":"Battle Trance","floor":7},{"not_picked":["Armaments","Brutality"],"picked":"Clothesline","floor":8},{"not_picked":["Twin Strike","Sword Boomerang"],"picked":"Disarm","floor":11},{"not_picked":["Twin Strike","Heavy Blade"],"picked":"Clothesline","floor":13},{"not_picked":["Dropkick","Sentinel"],"picked":"Pommel Strike","floor":14},{"not_picked":["Fiend Fire","Juggernaut"],"picked":"Reaper","floor":16},{"not_picked":["Cleave","Feel No Pain"],"picked":"Shrug It Off+1","floor":18},{"not_picked":["Flex","Perfected Strike","Clash+1"],"picked":"SKIP","floor":19},{"not_picked":["Seeing Red","Sword Boomerang"],"picked":"Inflame","floor":21},{"not_picked":["Sentinel","Wild Strike","Heavy Blade"],"picked":"SKIP","floor":22}],"player_experience":46030,"relics_obtained":[{"floor":7,"key":"Odd Mushroom"},{"floor":8,"key":"Torii"}],"event_choices":[{"damage_healed":0,"gold_gain":0,"player_choice":"Fought Mushrooms","damage_taken":0,"max_hp_gain":0,"max_hp_loss":0,"event_name":"Mushrooms","floor":7,"gold_loss":0},{"damage_healed":0,"gold_gain":0,"player_choice":"Became a Ghost","damage_taken":0,"max_hp_gain":0,"max_hp_loss":36,"event_name":"Ghosts","floor":20,"gold_loss":0,"cards_obtained":["Ghostly","Ghostly","Ghostly","Ghostly","Ghostly"]},{"damage_healed":0,"gold_gain":0,"player_choice":"Fight","damage_taken":0,"max_hp_gain":0,"max_hp_loss":0,"event_name":"Colosseum","floor":24,"gold_loss":0}],"is_beta":false,"boss_relics":[{"not_picked":["Tiny House","White Beast Statue"],"picked":"Ectoplasm"}],"items_purged_floors":[3,12],"is_endless":false,"potions_floor_spawned":[2,7,11,13,14,18,19],"killed_by":"Colosseum Slavers","ascension_level":3}