{"gold_per_floor":[99,99,24,24,24,24,24,24,24,24,24,0,0],"floor_reached":13,"playtime":416,"items_purged":["Strike_B"],"score":162,"play_id":"eb6c2c7e-2420-4e7b-a6eb-5cee377eb7a0","local_time":"20190306140117","is_ascension_mode":true,"campfire_choices":[{"floor":6,"key":"REST"},{"data":"Defragment","floor":8,"key":"SMITH"}],"neow_cost":"NONE","seed_source_timestamp":394205034226083,"circlet_count":0,"master_deck":["AscendersBane","Strike_B","Strike_B","Defend_B","Defend_B","Defend_B","Defend_B","Zap","Dualcast","Defragment+1","Compile Driver","Amplify","Loop","Chill","Sweeping Beam","Genetic Algorithm"],"relics":["Ectoplasm","Shuriken"],"potions_floor_usage":[10,11],"damage_taken":[{"damage":9,"enemies":"Jaw Worm","floor":1,"turns":4},{"damage":1,"enemies":"Small Slimes","floor":2,"turns":3},{"damage":2,"enemies":"Cultist","floor":7,"turns":4},{"damage":55,"enemies":"3 Sentries","floor":10,"turns":10},{"damage":3,"enemies":"Large Slime","floor":11,"turns":7},{"damage":6,"enemies":"Looter","floor":12,"turns":3},{"damage":2,"enemies":"Exordium Wildlife","floor":13,"turns":2}],"seed_played":"-3471300247356302850","potions_obtained":[{"floor":1,"key":"SpeedPotion"},{"floor":10,"key":"Dexterity Potion"},{"floor":11,"key":"Strength Potion"}],"is_trial":false,"path_per_floor":["M","M","$","?","?","R","M","R","T","E","M","M","M"],"character_chosen":"DEFECT","items_purchased":[],"campfire_rested":1,"item_purchase_floors":[],"current_hp_per_floor":[55,54,54,47,47,68,66,66,66,11,8,2,0],"gold":0,"neow_bonus":"BOSS_RELIC","is_prod":false,"is_daily":false,"chose_seed":false,"campfire_upgraded":1,"win_rate":0,"timestamp":1551873677,"path_taken":["M","M","$","?","?","R","M","R","T","E","M","?","M"],"build_version":"2019-01-23","purchased_purges":1,"victory":false,"max_hp_per_floor":[71,71,71,71,71,71,71,71,71,71,71,71,71],"card_choices":[{"not_picked":["Chaos","Doom and Gloom"],"picked":"Defragment","floor":1},{"not_picked":["Hologram","Barrage"],"picked":"Compile Driver","floor":2},{"not_picked":["Streamline","Steam Power"],"picked":"Loop","floor":7},{"not_picked":["Barrage","Tempest"],"picked":"Chill","floor":10},{"not_picked":["Beam Cell","Redo"],"picked":"Sweeping Beam","floor":11},{"not_picked":["Auto Shields","Turbo"],"picked":"Genetic Algorithm","floor":12}],"player_experience":760799,"relics_obtained":[{"floor":10,"key":"Shuriken"}],"event_choices":[{"cards_removed":["Strike_B"],"damage_healed":0,"gold_gain":0,"player_choice":"Card Removal","damage_taken":7,"max_hp_gain":0,"max_hp_loss":0,"event_name":"Golden Wing","floor":4,"gold_loss":0},{"damage_healed":0,"gold_gain":0,"player_choice":"1 cards matched","damage_taken":0,"max_hp_gain":0,"max_hp_loss":0,"event_name":"Match and Keep!","floor":5,"gold_loss":0,"cards_obtained":["Amplify"]}],"is_beta":false,"boss_relics":[],"items_purged_floors":[3],"is_endless":false,"potions_floor_spawned":[1,10,11],"killed_by":"Exordium Wildlife","ascension_level":18}