{"gold_per_floor":[144,189,26,26,71,71,161,161,161,206,275,320,241,241,241,541,541,586,161,206,305,350,50,95,185,185,185,230,230,230,230,230,530,530,575,620,842,887,587,587,587,632,632,677,677,722,51,96,96,96],"floor_reached":51,"playtime":2646,"items_purged":[],"score":1094,"play_id":"9311d214-ee6d-4d38-8401-3d88ecce66a7","local_time":"20181125194004","daily_mods":["Cursed Run","Hoarder","Midas"],"is_ascension_mode":false,"campfire_choices":[{"floor":6,"key":"REST"},{"floor":8,"key":"REST"},{"floor":15,"key":"REST"},{"floor":29,"key":"REST"},{"data":"Decay","floor":32,"key":"PURGE"},{"floor":41,"key":"REST"},{"data":"Defend_R","floor":45,"key":"PURGE"},{"floor":49,"key":"REST"}],"neow_cost":"","seed_source_timestamp":0,"circlet_count":0,"master_deck":["Strike_R","Strike_R","Strike_R","Strike_R","Strike_R","Defend_R","Defend_R","Defend_R","Perfected Strike","Perfected Strike","Perfected Strike","Rage","Rage","Rage","Feed","Feed","Feed","Rage","Rage","Rage","Headbutt+1","Headbutt+1","Headbutt+1","Parasite","Parasite","Parasite","Twin Strike+1","Twin Strike+1","Twin Strike+1","Flex","Flex","Flex","Blood for Blood+1","Blood for Blood+1","Blood for Blood+1","Decay","Decay","Pommel Strike+1","Pommel Strike+1","Pommel Strike+1","Pommel Strike+1","Pommel Strike+1","Pommel Strike+1","Flex","Flex","Flex","Pommel Strike+1","Pommel Strike+1","Pommel Strike+1","Inflame","Inflame","Inflame","Twin Strike+1","Twin Strike+1","Twin Strike+1","Inflame+1","Inflame+1","Inflame+1","Demon Form","Demon Form","Demon Form","Pain","Pain","Pain","Impervious","Impervious","Impervious","Headbutt+1","Headbutt+1","Perfected Strike+1","Perfected Strike+1","Perfected Strike+1","Perfected Strike+1","Perfected Strike+1","Perfected Strike+1","Perfected Strike+1","Perfected Strike+1","Perfected Strike+1","Flex","Flex","Flex","Metallicize","Metallicize","Metallicize","Doubt","Doubt","Doubt"],"special_seed":17860,"relics":["Cursed Key","Darkstone Periapt","Du-Vu Doll","Molten Egg 2","Incense Burner","Odd Mushroom","Mercury Hourglass","Orrery","Medical Kit","Juzu Bracelet","Peace Pipe","Bag of Marbles","Red Mask","Black Star","Ginger","Lantern","DollysMirror","Self Forming Clay"],"potions_floor_usage":[16,16,25,33,50,50,50],"damage_taken":[{"damage":3,"enemies":"Small Slimes","floor":1,"turns":4},{"damage":0,"enemies":"Cultist","floor":2,"turns":2},{"damage":0,"enemies":"Jaw Worm","floor":5,"turns":2},{"damage":2,"enemies":"Lagavulin","floor":7,"turns":5},{"damage":0,"enemies":"2 Fungi Beasts","floor":10,"turns":2},{"damage":4,"enemies":"The Mushroom Lair","floor":11,"turns":3},{"damage":0,"enemies":"Blue Slaver","floor":12,"turns":2},{"damage":33,"enemies":"Hexaghost","floor":16,"turns":4},{"damage":3,"enemies":"Shell Parasite","floor":18,"turns":2},{"damage":12,"enemies":"3 Byrds","floor":20,"turns":3},{"damage":0,"enemies":"Snecko","floor":22,"turns":3},{"damage":0,"enemies":"3 Cultists","floor":24,"turns":2},{"damage":31,"enemies":"Slavers","floor":25,"turns":3},{"damage":0,"enemies":"Centurion and Healer","floor":28,"turns":2},{"damage":0,"enemies":"Masked Bandits","floor":31,"turns":2},{"damage":28,"enemies":"Automaton","floor":33,"turns":5},{"damage":0,"enemies":"Orb Walker","floor":35,"turns":1},{"damage":21,"enemies":"3 Darklings","floor":36,"turns":4},{"damage":7,"enemies":"Maw","floor":38,"turns":5},{"damage":8,"enemies":"Spire Growth","floor":42,"turns":3},{"damage":2,"enemies":"Transient","floor":44,"turns":5},{"damage":25,"enemies":"3 Darklings","floor":46,"turns":4},{"damage":0,"enemies":"Sphere and 2 Shapes","floor":48,"turns":1},{"damage":60,"enemies":"Awakened One","floor":50,"turns":7}],"seed_played":"-1394780119887161805","potions_obtained":[{"floor":5,"key":"Regen Potion"},{"floor":7,"key":"Dexterity Potion"},{"floor":11,"key":"Block Potion"},{"floor":16,"key":"Fire Potion"},{"floor":25,"key":"Block Potion"},{"floor":31,"key":"LiquidBronze"},{"floor":33,"key":"BloodPotion"},{"floor":35,"key":"FearPotion"}],"is_trial":false,"path_per_floor":["M","M","$","?","M","R","E","R","T","M","?","M","$","?","R","B",null,"M","$","M","?","M","$","M","E","T","?","M","R","T","?","R","B",null,"M","M","?","M","$","?","R","M","T","M","R","M","$","M","R","B",null],"character_chosen":"IRONCLAD","items_purchased":["Feed","Blood for Blood+1","Inflame","Medical Kit","Juzu Bracelet","Peace Pipe","Ginger","Perfected Strike+1","Lantern","DollysMirror","Self Forming Clay","Flex"],"campfire_rested":6,"item_purchase_floors":[3,13,19,19,19,23,39,47,47,47,47,47],"current_hp_per_floor":[77,77,77,77,80,83,81,83,89,92,94,94,94,87,98,75,104,101,101,89,89,89,89,89,61,61,61,61,93,93,96,96,74,116,116,95,95,88,88,88,116,108,108,106,106,84,84,84,119,76],"gold":96,"neow_bonus":"","is_prod":false,"is_daily":true,"chose_seed":false,"campfire_upgraded":0,"win_rate":0,"timestamp":1543189204,"path_taken":["M","M","$","?","M","R","E","R","T","?","?","M","$","?","R","BOSS","M","$","M","?","M","$","M","E","T","?","M","R","?","?","R","BOSS","M","M","?","M","$","?","R","M","T","M","R","M","$","M","R","BOSS"],"build_version":"2018-11-15","purchased_purges":0,"victory":true,"max_hp_per_floor":[80,80,80,80,83,83,83,83,89,92,98,98,98,98,98,104,104,104,104,104,104,104,104,104,107,107,107,107,107,107,110,110,116,116,116,116,116,116,116,116,116,116,116,116,116,119,119,119,119,125],"card_choices":[{"not_picked":["Headbutt","Dropkick"],"picked":"Perfected Strike","floor":1},{"not_picked":["Reckless Charge","Havoc"],"picked":"Rage","floor":2},{"not_picked":["Pummel","Spot Weakness"],"picked":"Rage","floor":5},{"not_picked":["Heavy Blade","Rupture"],"picked":"Headbutt","floor":7},{"not_picked":["Armaments","Sword Boomerang+1"],"picked":"Twin Strike+1","floor":10},{"not_picked":["Clash+1","Burning Pact"],"picked":"Flex","floor":12},{"not_picked":["Evolve","Bloodletting"],"picked":"Pommel Strike+1","floor":17},{"not_picked":["True Grit","Exhume"],"picked":"Pommel Strike+1","floor":17},{"not_picked":["Warcry","Clothesline+1"],"picked":"Flex","floor":17},{"not_picked":["Heavy Blade+1","Evolve"],"picked":"Pommel Strike+1","floor":18},{"not_picked":["Armaments","Havoc","Combust"],"picked":"SKIP","floor":20},{"not_picked":["Thunderclap+1","Flex"],"picked":"Twin Strike+1","floor":22},{"not_picked":["Burning Pact","Havoc"],"picked":"Inflame+1","floor":24},{"not_picked":["Rampage+1","Shrug It Off","Clash+1"],"picked":"SKIP","floor":25},{"not_picked":["True Grit","Anger+1","Metallicize"],"picked":"SKIP","floor":28},{"not_picked":["Iron Wave+1","Spot Weakness"],"picked":"Demon Form","floor":31},{"not_picked":["Dark Embrace","Exhume"],"picked":"Impervious","floor":33},{"not_picked":["Thunderclap+1","Shrug It Off","Intimidate"],"picked":"SKIP","floor":35},{"not_picked":["Evolve+1","Wild Strike+1"],"picked":"Headbutt+1","floor":36},{"not_picked":["Body Slam+1","Second Wind+1","Dual Wield+1"],"picked":"SKIP","floor":38},{"not_picked":["Clash+1","Pommel Strike+1"],"picked":"Perfected Strike+1","floor":42},{"not_picked":["Sword Boomerang+1","Pommel Strike+1","Thunderclap+1"],"picked":"SKIP","floor":44},{"not_picked":["Sword Boomerang+1","Armaments+1","Immolate+1"],"picked":"SKIP","floor":46},{"not_picked":["Sentinel","Wild Strike+1"],"picked":"Metallicize","floor":48}],"player_experience":46755,"relics_obtained":[{"floor":7,"key":"Molten Egg 2"},{"floor":9,"key":"Incense Burner"},{"floor":11,"key":"Odd Mushroom"},{"floor":25,"key":"Bag of Marbles"},{"floor":31,"key":"Red Mask"}],"event_choices":[{"cards_removed":["Bash"],"damage_healed":0,"gold_gain":0,"player_choice":"Purged","damage_taken":0,"max_hp_gain":0,"max_hp_loss":0,"event_name":"Purifier","floor":4,"gold_loss":0},{"damage_healed":0,"gold_gain":0,"player_choice":"Fought Mushrooms","damage_taken":0,"max_hp_gain":0,"max_hp_loss":0,"event_name":"Mushrooms","floor":11,"gold_loss":0},{"damage_healed":0,"gold_gain":0,"player_choice":"Success","damage_taken":7,"relics_obtained":["Mercury Hourglass"],"max_hp_gain":0,"max_hp_loss":0,"event_name":"Scrap Ooze","floor":14,"gold_loss":0},{"damage_healed":0,"gold_gain":99,"player_choice":"Stole From Cult","damage_taken":0,"max_hp_gain":0,"max_hp_loss":0,"event_name":"Nest","floor":21,"gold_loss":0},{"damage_healed":0,"gold_gain":0,"player_choice":"Ignored","damage_taken":0,"max_hp_gain":0,"max_hp_loss":0,"event_name":"Ghosts","floor":27,"gold_loss":0},{"damage_healed":0,"gold_gain":0,"player_choice":"Fought Bandits","damage_taken":0,"max_hp_gain":0,"max_hp_loss":0,"event_name":"Masked Bandits","floor":31,"gold_loss":0},{"damage_healed":0,"gold_gain":222,"player_choice":"Wore Mask","damage_taken":0,"max_hp_gain":0,"max_hp_loss":0,"event_name":"Tomb of Lord Red Mask","floor":37,"gold_loss":0},{"cards_removed":["Headbutt"],"damage_healed":0,"gold_gain":0,"player_choice":"Removed Attack","damage_taken":0,"max_hp_gain":0,"max_hp_loss":0,"event_name":"Falling","floor":40,"gold_loss":0}],"is_beta":false,"boss_relics":[{"not_picked":["Sozu","Mark of Pain"],"picked":"Orrery"},{"not_picked":["Snecko Eye","Pandora\u0027s Box"],"picked":"Black Star"}],"items_purged_floors":[],"is_endless":false,"potions_floor_spawned":[5,7,11,16,25,31,33,35,36,44,46,48],"ascension_level":0}