{"gold_per_floor":[212,212,226,401,420,420,48,48,74,104,104,119,138,157,157,235,235,175,48,48,48,48,48,48,48,48,48,48,48,48,48,48,48,48,48,0,0,0,0,0,0,0,0,0,0,0,0,0,0,0,0,0,0,0,0],"floor_reached":55,"playtime":6235,"items_purged":["Doubt"],"score":1165,"play_id":"6264ba4c-2e9d-4228-80dc-ef1721a38b32","local_time":"20190306182042","is_ascension_mode":true,"campfire_choices":[{"data":"Zap","floor":6,"key":"SMITH"},{"floor":8,"key":"REST"},{"data":"Self Repair","floor":11,"key":"SMITH"},{"data":"Defragment","floor":15,"key":"SMITH"},{"data":"Machine Learning","floor":23,"key":"SMITH"},{"data":"Electrodynamics","floor":25,"key":"SMITH"},{"floor":29,"key":"REST"},{"data":"Defragment","floor":32,"key":"SMITH"},{"floor":41,"key":"REST"},{"floor":42,"key":"RECALL"},{"data":"Barrage","floor":46,"key":"SMITH"},{"data":"Lockon","floor":49,"key":"SMITH"},{"data":"Buffer","floor":52,"key":"SMITH"}],"neow_cost":"NONE","seed_source_timestamp":169241258208886,"circlet_count":0,"master_deck":["AscendersBane","Strike_B","Strike_B","Strike_B","Defend_B","Defend_B","Defend_B","Zap+1","Dualcast","Lockon+1","Sweeping Beam","Stack","Self Repair+1","Discovery+1","BootSequence+1","Defragment+1","Barrage+1","Ball Lightning","Machine Learning+1","Coolheaded+1","Stack+1","Buffer+1","Undo+1","Conserve Battery+1","Electrodynamics+1","Defragment+1","Coolheaded+1","Fission+1","Core Surge","Hologram+1","Compile Driver+1","Thunder Strike","Dark Shackles+1","Redo+1"],"relics":["Cracked Core","Toxic Egg 2","Vajra","Peace Pipe","Ectoplasm","WingedGreaves","Enchiridion","Bottled Flame","Eternal Feather","Red Mask","Ancient Tea Set","FossilizedHelix","Sundial"],"potions_floor_usage":[10,16,24,30,38,50,55],"damage_taken":[{"damage":7,"enemies":"Jaw Worm","floor":1,"turns":3},{"damage":0,"enemies":"2 Louse","floor":3,"turns":2},{"damage":7,"enemies":"Small Slimes","floor":5,"turns":4},{"damage":16,"enemies":"Gremlin Nob","floor":10,"turns":4},{"damage":12,"enemies":"3 Louse","floor":12,"turns":4},{"damage":4,"enemies":"Looter","floor":13,"turns":3},{"damage":5,"enemies":"2 Fungi Beasts","floor":14,"turns":3},{"damage":25,"enemies":"Hexaghost","floor":16,"turns":8},{"damage":14,"enemies":"2 Thieves","floor":18,"turns":4},{"damage":0,"enemies":"Chosen","floor":20,"turns":4},{"damage":0,"enemies":"Snake Plant","floor":22,"turns":3},{"damage":36,"enemies":"Gremlin Leader","floor":24,"turns":8},{"damage":10,"enemies":"Cultist and Chosen","floor":28,"turns":4},{"damage":0,"enemies":"Snecko","floor":30,"turns":3},{"damage":11,"enemies":"Slavers","floor":31,"turns":3},{"damage":21,"enemies":"Champ","floor":33,"turns":9},{"damage":21,"enemies":"3 Shapes","floor":35,"turns":5},{"damage":13,"enemies":"3 Darklings","floor":38,"turns":4},{"damage":32,"enemies":"Giant Head","floor":40,"turns":11},{"damage":0,"enemies":"4 Shapes","floor":44,"turns":2},{"damage":8,"enemies":"Writhing Mass","floor":45,"turns":6},{"damage":57,"enemies":"Time Eater","floor":50,"turns":16},{"damage":24,"enemies":"Shield and Spear","floor":54,"turns":6},{"damage":72,"enemies":"The Heart","floor":55,"turns":3}],"seed_played":"-2967179667518821249","potions_obtained":[{"floor":5,"key":"Fire Potion"},{"floor":12,"key":"Poison Potion"},{"floor":13,"key":"SteroidPotion"},{"floor":16,"key":"Ancient Potion"},{"floor":20,"key":"Explosive Potion"},{"floor":24,"key":"SteroidPotion"},{"floor":33,"key":"EssenceOfSteel"},{"floor":40,"key":"SteroidPotion"},{"floor":45,"key":"Strength Potion"},{"floor":54,"key":"SteroidPotion"}],"is_trial":false,"path_per_floor":["M","?","M","?","M","R","$","R","T","E","R","M","M","M","R","B",null,"M","$","M","?","M","R","E","R","T","?","M","R","M","E","R","B",null,"M","?","$","M","?","E","R","R","T","M","M","R","?","?","R","B",null,"R","$","E","B"],"character_chosen":"DEFECT","items_purchased":["Toxic Egg 2","Self Repair","Discovery+1","Coolheaded+1"],"campfire_rested":3,"item_purchase_floors":[7,7,7,19],"current_hp_per_floor":[57,39,39,39,32,32,32,53,53,44,44,42,48,43,43,28,60,56,56,66,66,71,71,45,45,45,29,29,50,50,49,49,48,65,54,54,54,41,41,19,57,67,67,67,67,67,67,57,67,10,53,67,67,53,0],"gold":0,"neow_bonus":"HUNDRED_GOLD","is_prod":false,"is_daily":false,"chose_seed":false,"campfire_upgraded":9,"win_rate":0,"timestamp":1551918042,"path_taken":["M","?","M","?","M","R","$","R","T","E","R","M","M","M","R","BOSS","M","$","M","?","M","R","E","R","T","?","M","R","M","E","R","BOSS","M","?","$","M","?","E","R","R","T","M","M","R","?","?","R","BOSS","R","$","E","BOSS"],"build_version":"2019-01-23","purchased_purges":1,"victory":false,"max_hp_per_floor":[71,71,71,71,71,71,71,71,71,71,71,71,71,71,71,71,71,71,71,71,71,71,71,71,71,71,71,71,71,71,71,71,71,71,71,71,71,71,67,67,67,67,67,67,67,67,67,67,67,67,67,67,67,67,67],"card_choices":[{"not_picked":["Ball Lightning","Reinforced Body"],"picked":"Lockon","floor":1},{"not_picked":["Cold Snap","Go for the Eyes"],"picked":"Sweeping Beam","floor":3},{"not_picked":["Barrage","Steam Power"],"picked":"Stack","floor":5},{"not_picked":["Hyperbeam","Redo+1"],"picked":"BootSequence+1","floor":10},{"not_picked":["Steam+1","Leap+1"],"picked":"Defragment","floor":12},{"not_picked":["Recycle+1","Scrape"],"picked":"Barrage","floor":13},{"not_picked":["Fusion+1","Scrape"],"picked":"Ball Lightning","floor":14},{"not_picked":["Multi-Cast+1","Thunder Strike"],"picked":"Machine Learning","floor":16},{"not_picked":["Streamline","Rebound","Sunder"],"picked":"SKIP","floor":18},{"not_picked":["Chill+1","Auto Shields+1"],"picked":"Stack+1","floor":20},{"not_picked":["Compile Driver","Chill+1"],"picked":"Conserve Battery+1","floor":22},{"not_picked":["Chill+1","Rip and Tear"],"picked":"Electrodynamics","floor":24},{"not_picked":["Coolheaded+1","Barrage"],"picked":"Defragment","floor":28},{"not_picked":["Sweeping Beam","Ball Lightning"],"picked":"Coolheaded+1","floor":30},{"not_picked":["Melter","White Noise+1"],"picked":"Fission+1","floor":31},{"not_picked":["Hyperbeam","Meteor Strike"],"picked":"Core Surge","floor":33},{"not_picked":["Force Field+1","Turbo+1"],"picked":"Hologram+1","floor":35},{"not_picked":["Rebound","Gash","Cold Snap+1"],"picked":"SKIP","floor":38},{"not_picked":["Hologram+1","Cold Snap+1","Lockon"],"picked":"SKIP","floor":40},{"not_picked":["Conserve Battery+1","Steam+1"],"picked":"Compile Driver+1","floor":44},{"not_picked":["Skim+1","Rebound"],"picked":"Thunder Strike","floor":45},{"not_picked":["Deep Breath+1","Sadistic Nature"],"picked":"Dark Shackles+1","floor":48},{"not_picked":["Static Discharge","Recycle+1"],"picked":"Redo+1","floor":54}],"player_experience":538334,"relics_obtained":[{"floor":9,"key":"Vajra"},{"floor":10,"key":"Peace Pipe"},{"floor":24,"key":"WingedGreaves"},{"floor":27,"key":"Enchiridion"},{"floor":31,"key":"Bottled Flame"},{"floor":40,"key":"Ancient Tea Set"},{"floor":43,"key":"FossilizedHelix"},{"floor":54,"key":"Sundial"}],"event_choices":[{"damage_healed":0,"gold_gain":0,"player_choice":"Fled","damage_taken":18,"max_hp_gain":0,"max_hp_loss":0,"event_name":"Scrap Ooze","floor":2,"gold_loss":0},{"damage_healed":0,"gold_gain":175,"player_choice":"AGREE","damage_taken":0,"max_hp_gain":0,"max_hp_loss":0,"event_name":"Liars Game","floor":4,"gold_loss":0,"cards_obtained":["Doubt"]},{"damage_healed":0,"gold_gain":0,"cards_transformed":["Defend_B","Strike_B"],"player_choice":"Became Test Subject","damage_taken":0,"max_hp_gain":0,"max_hp_loss":0,"event_name":"Drug Dealer","floor":21,"gold_loss":0,"cards_obtained":["Buffer","Undo"]},{"damage_healed":0,"gold_gain":0,"player_choice":"Obtained Book","damage_taken":16,"max_hp_gain":0,"max_hp_loss":0,"event_name":"Cursed Tome","floor":27,"gold_loss":0},{"damage_healed":0,"gold_gain":0,"player_choice":"Paid","damage_taken":0,"relics_obtained":["Red Mask"],"max_hp_gain":0,"max_hp_loss":0,"event_name":"Tomb of Lord Red Mask","floor":36,"gold_loss":48},{"damage_healed":0,"gold_gain":0,"player_choice":"Max HP","damage_taken":0,"max_hp_gain":0,"max_hp_loss":4,"event_name":"Winding Halls","floor":39,"gold_loss":0},{"damage_healed":0,"gold_gain":0,"player_choice":"Ignored","damage_taken":0,"max_hp_gain":0,"max_hp_loss":0,"event_name":"Mysterious Sphere","floor":47,"gold_loss":0},{"damage_healed":0,"gold_gain":0,"player_choice":"Memory 3","damage_taken":10,"max_hp_gain":0,"max_hp_loss":0,"event_name":"SensoryStone","floor":48,"gold_loss":0}],"is_beta":false,"boss_relics":[{"not_picked":["Astrolabe","Pandora\u0027s Box"],"picked":"Ectoplasm"},{"not_picked":["Cursed Key","Lizard Tail"],"picked":"Eternal Feather"}],"items_purged_floors":[19],"is_endless":false,"potions_floor_spawned":[5,12,13,16,20,24,33,40,45,54],"killed_by":"The Heart","ascension_level":14}