{"path_per_floor":["M","M","?","?","?","R","M","M","T","R","M","M","E","M","R","B",null,"M","?","$","M","?","R","E","M","T","$","R","M","R","M","R","B",null,"M","M","?","M","?","R"],"character_chosen":"DEFECT","items_purchased":["Gremlin Horn","Compile Driver","Cold Snap"],"gold_per_floor":[111,124,199,149,149,149,169,182,182,182,197,208,240,253,253,356,356,366,366,291,309,309,309,338,355,355,22,22,34,34,48,48,146,146,164,174,227,247,247,247,247],"floor_reached":41,"campfire_rested":6,"playtime":2428,"item_purchase_floors":[27,27,27],"current_hp_per_floor":[75,69,58,58,46,46,43,30,30,52,50,50,27,19,41,12,75,49,33,33,39,39,61,25,12,12,12,34,14,36,21,43,39,75,73,66,38,48,48,48,0],"items_purged":["Defend_B","Zap"],"gold":247,"score":477,"play_id":"c4cd9634-ca28-4327-8719-c21f3b039d46","local_time":"20180608001031","is_prod":false,"is_daily":false,"chose_seed":false,"is_ascension_mode":true,"campfire_upgraded":2,"win_rate":0,"timestamp":1528438231,"campfire_choices":[{"data":"Cold Snap","floor":6,"key":"SMITH"},{"floor":10,"key":"REST"},{"floor":15,"key":"REST"},{"floor":23,"key":"REST"},{"floor":28,"key":"REST"},{"floor":30,"key":"REST"},{"floor":32,"key":"REST"},{"data":"Amplify","floor":40,"key":"SMITH"}],"path_taken":["M","M","?","?","?","R","M","M","T","R","M","M","E","?","R","BOSS","M","?","?","M","?","R","E","M","T","$","R","M","R","?","R","BOSS","M","M","?","?","?","R","E"],"build_version":"2018-06-07","seed_source_timestamp":712703473335027,"purchased_purges":2,"victory":false,"master_deck":["Strike_B","Strike_B","Dualcast","Storm","Cold Snap+1","Conserve Battery","Doom and Gloom","White Noise","Multi-Cast","Loop","Defragment","Seek","Tempest+1","Fission+1","Gash+1","Self Repair","Glacier","Reinforced Body+1","Compile Driver","Cold Snap","Amplify+1","Reinforced Body","Cold Snap","Static Discharge"],"max_hp_per_floor":[75,75,75,75,75,75,75,75,75,75,75,75,75,75,75,75,75,75,75,75,75,75,75,75,75,75,75,75,75,75,75,75,75,75,75,75,75,75,75,75,75],"relics":["Cracked Core","Shuriken","Bottled Tornado","Toolbox","Astrolabe","Enchiridion","Ancient Tea Set","The Courier","Gremlin Horn","Nuclear Battery","Torii"],"card_choices":[{"not_picked":["Streamline","Barrage"],"picked":"Storm","floor":1},{"not_picked":["Stack","Hello World"],"picked":"Cold Snap","floor":2},{"not_picked":["Rebound","Beam Cell"],"picked":"Conserve Battery","floor":7},{"not_picked":["Steam","Skim"],"picked":"Doom and Gloom","floor":8},{"not_picked":["Consume","Steam"],"picked":"White Noise","floor":11},{"not_picked":["Tempest","Steam Power"],"picked":"Multi-Cast","floor":12},{"not_picked":["Ball Lightning","Recycle"],"picked":"Loop","floor":13},{"not_picked":["Rebound","Streamline"],"picked":"Defragment","floor":14},{"not_picked":["Biased Cognition","Multi-Cast"],"picked":"Seek","floor":16},{"not_picked":["Leap","Steam+1"],"picked":"Self Repair","floor":18},{"not_picked":["Tempest+1","Streamline+1"],"picked":"Glacier","floor":21},{"not_picked":["Core Surge","Redo"],"picked":"Reinforced Body+1","floor":24},{"not_picked":["Streamline+1","Conserve Battery","Gash"],"picked":"SKIP","floor":25},{"not_picked":["Steam Power","Conserve Battery+1","Double Energy"],"picked":"SKIP","floor":29},{"not_picked":["Doom and Gloom","Streamline","Leap+1"],"picked":"SKIP","floor":31},{"not_picked":["Thunder Strike","Hyperbeam"],"picked":"Amplify","floor":33},{"not_picked":["Barrage","Sunder+1"],"picked":"Reinforced Body","floor":35},{"not_picked":["Turbo","Fusion","Rip and Tear+1"],"picked":"SKIP","floor":36},{"not_picked":["Hologram+1","Steam","Reprogram+1"],"picked":"SKIP","floor":38}],"player_experience":868460,"potions_floor_usage":[16,24,29,29,33],"damage_taken":[{"damage":0,"enemies":"Small Slimes","floor":1,"turns":3},{"damage":6,"enemies":"Cultist","floor":2,"turns":3},{"damage":3,"enemies":"2 Louse","floor":7,"turns":2},{"damage":13,"enemies":"2 Fungi Beasts","floor":8,"turns":3},{"damage":2,"enemies":"3 Louse","floor":11,"turns":3},{"damage":0,"enemies":"Large Slime","floor":12,"turns":4},{"damage":23,"enemies":"Lagavulin","floor":13,"turns":5},{"damage":8,"enemies":"Exordium Wildlife","floor":14,"turns":4},{"damage":29,"enemies":"Hexaghost","floor":16,"turns":7},{"damage":26,"enemies":"Shell Parasite","floor":18,"turns":4},{"damage":1,"enemies":"Chosen","floor":21,"turns":4},{"damage":36,"enemies":"Slavers","floor":24,"turns":4},{"damage":20,"enemies":"Snake Plant","floor":25,"turns":3},{"damage":27,"enemies":"Centurion and Healer","floor":29,"turns":3},{"damage":22,"enemies":"Snecko","floor":31,"turns":4},{"damage":18,"enemies":"Champ","floor":33,"turns":6},{"damage":9,"enemies":"3 Shapes","floor":35,"turns":3},{"damage":14,"enemies":"Orb Walker","floor":36,"turns":4},{"damage":42,"floor":37,"turns":6},{"damage":0,"enemies":"4 Shapes","floor":38,"turns":1},{"damage":68,"enemies":"2 Orb Walkers","floor":41,"turns":3}],"relics_obtained":[{"floor":9,"key":"Bottled Tornado"},{"floor":13,"key":"Toolbox"},{"floor":19,"key":"Enchiridion"},{"floor":24,"key":"Ancient Tea Set"},{"floor":26,"key":"The Courier"},{"floor":37,"key":"Torii"}],"event_choices":[{"event_name":"World of Goop","player_choice":"Gather Gold","floor":3,"damage_taken":0},{"event_name":"The Cleric","player_choice":"Card Removal","floor":4,"damage_taken":0},{"event_name":"Scrap Ooze","player_choice":"success","floor":5,"damage_taken":12},{"event_name":"Cursed Tome","player_choice":"Obtained Book","floor":19,"damage_taken":0},{"event_name":"The Woman in Blue","player_choice":"Bought 0 Potions","floor":22,"damage_taken":0},{"event_name":"Mysterious Sphere","player_choice":"Fight","floor":37,"damage_taken":0},{"event_name":"Match and Keep!","player_choice":"2 cards matched","floor":39,"damage_taken":0}],"boss_relics":[{"not_picked":["Black Star","White Beast Statue"],"picked":"Astrolabe"},{"not_picked":["Philosopher\u0027s Stone","Eternal Feather"],"picked":"Nuclear Battery"}],"items_purged_floors":[20,27],"potions_floor_spawned":[2,12,13,14,16,18,21,24,31,33,38],"seed_played":"8473944844046057281","killed_by":"2 Orb Walkers","ascension_level":3,"potions_obtained":[{"floor":2,"key":"Dexterity Potion"},{"floor":12,"key":"GamblersBrew"},{"floor":13,"key":"Poison Potion"},{"floor":16,"key":"Ancient Potion"},{"floor":18,"key":"Ancient Potion"},{"floor":24,"key":"PowerPotion"},{"floor":31,"key":"PowerPotion"},{"floor":33,"key":"FearPotion"},{"floor":38,"key":"FearPotion"}],"is_trial":false}