{"gold_per_floor":[118,43,61,61,61,61,73,106,132,149,165,199,374,393,393,490,490,505,505,181,193,205,205],"floor_reached":23,"playtime":1700,"items_purged":["Strike_R","Doubt"],"score":223,"play_id":"076bc1da-06cc-4265-9924-8bf3221b5925","local_time":"20181215042520","is_ascension_mode":true,"campfire_choices":[{"data":"Bash","floor":6,"key":"SMITH"},{"floor":15,"key":"RECALL"}],"neow_cost":"NONE","seed_source_timestamp":117956678883936,"circlet_count":0,"master_deck":["Strike_R","Strike_R","Strike_R","Defend_R","Defend_R","Defend_R","Defend_R","Bash+1","Metallicize","Armaments+1","Clothesline","Dropkick","Pommel Strike","Iron Wave","Limit Break","Iron Wave","Shockwave","Disarm"],"relics":["Burning Blood","Mercury Hourglass","Black Star","Nloth\u0027s Gift","Regal Pillow"],"potions_floor_usage":[8,8,8,12,16,18],"damage_taken":[{"damage":13,"enemies":"Jaw Worm","floor":1,"turns":4},{"damage":4,"enemies":"Small Slimes","floor":3,"turns":4},{"damage":1,"enemies":"Cultist","floor":7,"turns":4},{"damage":25,"enemies":"Lagavulin","floor":8,"turns":7},{"damage":14,"enemies":"Lots of Slimes","floor":10,"turns":6},{"damage":5,"enemies":"Large Slime","floor":11,"turns":5},{"damage":15,"enemies":"Gremlin Nob","floor":12,"turns":5},{"damage":0,"enemies":"3 Louse","floor":14,"turns":3},{"damage":33,"enemies":"Hexaghost","floor":16,"turns":13},{"damage":49,"enemies":"3 Byrds","floor":18,"turns":6},{"damage":9,"enemies":"Chosen","floor":21,"turns":5},{"damage":12,"enemies":"Snake Plant","floor":22,"turns":5},{"damage":29,"enemies":"Gremlin Leader","floor":23,"turns":7}],"seed_played":"-74444906666611332","potions_obtained":[{"floor":0,"key":"Regen Potion"},{"floor":0,"key":"SneckoOil"},{"floor":0,"key":"Ancient Potion"},{"floor":3,"key":"LiquidBronze"},{"floor":10,"key":"EssenceOfSteel"},{"floor":12,"key":"Block Potion"},{"floor":16,"key":"PowerPotion"}],"is_trial":false,"path_per_floor":["M","$","M","?","?","R","M","E","T","M","M","E","?","M","R","B",null,"M","?","$","M","M","E"],"character_chosen":"IRONCLAD","items_purchased":["Regal Pillow","Shockwave"],"campfire_rested":0,"item_purchase_floors":[20,20],"current_hp_per_floor":[73,73,75,68,68,68,73,68,68,60,61,52,52,58,58,31,80,37,37,37,34,28,0],"gold":205,"neow_bonus":"THREE_SMALL_POTIONS","is_prod":false,"is_daily":false,"chose_seed":false,"campfire_upgraded":1,"win_rate":0,"timestamp":1544865920,"path_taken":["M","$","M","?","?","R","M","E","T","M","M","E","?","M","R","BOSS","M","?","$","M","M","E"],"build_version":"2018-12-13","purchased_purges":2,"victory":false,"max_hp_per_floor":[80,80,80,80,80,80,80,80,80,80,80,80,80,80,80,80,80,80,80,80,80,80,80],"card_choices":[{"not_picked":["Sentinel","True Grit"],"picked":"Metallicize","floor":1},{"not_picked":["Body Slam","Anger"],"picked":"Armaments","floor":3},{"not_picked":["Cleave","Thunderclap"],"picked":"Clothesline","floor":7},{"not_picked":["Bloodletting","Wild Strike"],"picked":"Dropkick","floor":8},{"not_picked":["Clothesline","Sever Soul"],"picked":"Pommel Strike","floor":10},{"not_picked":["Body Slam","Perfected Strike","Blood for Blood"],"picked":"SKIP","floor":11},{"not_picked":["Corruption","Headbutt","Feel No Pain"],"picked":"SKIP","floor":12},{"not_picked":["Havoc","Seeing Red"],"picked":"Iron Wave","floor":14},{"not_picked":["Fiend Fire","Impervious"],"picked":"Limit Break","floor":16},{"not_picked":["Seeing Red","Headbutt"],"picked":"Iron Wave","floor":18},{"not_picked":["Havoc","Iron Wave"],"picked":"Disarm","floor":21},{"not_picked":["Clash","Cleave","Havoc+1"],"picked":"SKIP","floor":22}],"player_experience":235497,"relics_obtained":[{"floor":8,"key":"Anchor"},{"floor":12,"key":"Mercury Hourglass"}],"event_choices":[{"cards_removed":["Strike_R"],"damage_healed":0,"gold_gain":0,"player_choice":"Card Removal","damage_taken":7,"max_hp_gain":0,"max_hp_loss":0,"event_name":"Golden Wing","floor":4,"gold_loss":0},{"damage_healed":0,"gold_gain":0,"player_choice":"Grow","damage_taken":0,"max_hp_gain":0,"max_hp_loss":0,"event_name":"Living Wall","floor":5,"gold_loss":0,"cards_upgraded":["Armaments"]},{"damage_healed":0,"gold_gain":175,"player_choice":"AGREE","damage_taken":0,"max_hp_gain":0,"max_hp_loss":0,"event_name":"Liars Game","floor":13,"gold_loss":0,"cards_obtained":["Doubt"]},{"damage_healed":0,"gold_gain":0,"player_choice":"Traded Relic","damage_taken":0,"relics_obtained":["Nloth\u0027s Gift"],"max_hp_gain":0,"max_hp_loss":0,"event_name":"N\u0027loth","floor":19,"relics_lost":["Anchor"],"gold_loss":0}],"is_beta":false,"boss_relics":[{"not_picked":["Eternal Feather","Fusion Hammer"],"picked":"Black Star"}],"items_purged_floors":[2,20],"is_endless":false,"potions_floor_spawned":[3,10,12,16],"killed_by":"Gremlin Leader","ascension_level":2}