{"gold_per_floor":[14,27,27,27,27,27,70,70,70,70,94,155,155,155],"floor_reached":14,"playtime":680,"items_purged":[],"score":168,"play_id":"b5448558-e35f-48d4-857d-47c05a03c093","local_time":"20190301192838","is_ascension_mode":true,"campfire_choices":[{"data":"Bash","floor":6,"key":"SMITH"},{"floor":8,"key":"REST"},{"floor":13,"key":"REST"}],"neow_cost":"NO_GOLD","seed_source_timestamp":8453600311576,"circlet_count":0,"master_deck":["AscendersBane","Strike_R","Strike_R","Strike_R","Defend_R","Defend_R","Defend_R","Defend_R","Bash+1","Shrug It Off","Metallicize","Body Slam","Headbutt","Dual Wield"],"relics":["Burning Blood","Golden Idol","Happy Flower","Gremlin Horn","Bottled Lightning"],"potions_floor_usage":[12],"damage_taken":[{"damage":1,"enemies":"2 Louse","floor":1,"turns":4},{"damage":1,"enemies":"Small Slimes","floor":2,"turns":4},{"damage":60,"enemies":"Lagavulin","floor":7,"turns":10},{"damage":0,"enemies":"Jaw Worm","floor":11,"turns":4},{"damage":16,"enemies":"3 Sentries","floor":12,"turns":12},{"damage":85,"enemies":"Gremlin Nob","floor":14,"turns":6}],"seed_played":"6102878396044346269","potions_obtained":[{"floor":7,"key":"Explosive Potion"}],"is_trial":false,"path_per_floor":["M","M","$","?","$","R","E","R","T","$","M","?","R","E"],"character_chosen":"IRONCLAD","items_purchased":[],"campfire_rested":2,"item_purchase_floors":[],"current_hp_per_floor":[73,75,75,68,68,68,14,34,34,34,40,30,50,0],"gold":155,"neow_bonus":"REMOVE_TWO","is_prod":false,"is_daily":false,"chose_seed":false,"campfire_upgraded":1,"win_rate":0,"timestamp":1551493718,"path_taken":["M","M","$","?","$","R","E","R","T","$","M","?","R","E"],"build_version":"2019-01-23","purchased_purges":0,"victory":false,"max_hp_per_floor":[75,75,75,68,68,68,68,68,68,68,68,68,68,68],"card_choices":[{"not_picked":["Headbutt","Clothesline"],"picked":"Shrug It Off","floor":1},{"not_picked":["Double Tap","Sword Boomerang"],"picked":"Metallicize","floor":2},{"not_picked":["Reaper","Sword Boomerang"],"picked":"Body Slam","floor":7},{"not_picked":["Anger","Perfected Strike"],"picked":"Headbutt","floor":11},{"not_picked":["Limit Break","Clothesline"],"picked":"Dual Wield","floor":12}],"player_experience":1306874,"relics_obtained":[{"floor":7,"key":"Happy Flower"},{"floor":9,"key":"Gremlin Horn"},{"floor":12,"key":"Bottled Lightning"}],"event_choices":[{"damage_healed":0,"gold_gain":0,"player_choice":"Lose Max HP","damage_taken":0,"relics_obtained":["Golden Idol"],"max_hp_gain":0,"max_hp_loss":7,"event_name":"Golden Idol","floor":4,"gold_loss":0},{"damage_healed":0,"gold_gain":30,"player_choice":"Searched \u00272\u0027 times","damage_taken":0,"max_hp_gain":0,"max_hp_loss":0,"event_name":"Dead Adventurer","floor":12,"gold_loss":0}],"is_beta":false,"boss_relics":[],"items_purged_floors":[],"is_endless":false,"potions_floor_spawned":[7],"killed_by":"Gremlin Nob","ascension_level":19}