{"gold_per_floor":[115,14,14,24,41,76,102,119,119,119,136,147,147],"floor_reached":13,"playtime":441,"items_purged":[],"score":165,"play_id":"a9ef4446-e42b-4a50-bce1-6de32d8ed230","local_time":"20190316192210","is_ascension_mode":true,"campfire_choices":[{"floor":10,"key":"REST"}],"neow_cost":"NONE","seed_source_timestamp":263626793522824,"circlet_count":0,"master_deck":["AscendersBane","Strike_B","Strike_B","Strike_B","Strike_B","Defend_B","Defend_B","Defend_B","Defend_B","Zap","Dualcast","Beam Cell","Gash","Steam","Skim","Hologram","Conserve Battery","FTL","Machine Learning"],"relics":["Cracked Core","Peace Pipe","Lantern","Cables"],"potions_floor_usage":[6,11,13],"damage_taken":[{"damage":1,"enemies":"Cultist","floor":1,"turns":3},{"damage":7,"enemies":"Small Slimes","floor":4,"turns":3},{"damage":1,"enemies":"Jaw Worm","floor":5,"turns":2},{"damage":44,"enemies":"3 Sentries","floor":6,"turns":10},{"damage":1,"enemies":"Red Slaver","floor":8,"turns":3},{"damage":0,"enemies":"Lots of Slimes","floor":11,"turns":2},{"damage":20,"enemies":"Large Slime","floor":12,"turns":4},{"damage":41,"enemies":"Gremlin Nob","floor":13,"turns":3}],"seed_played":"1696560946914194330","potions_obtained":[{"floor":4,"key":"GamblersBrew"},{"floor":6,"key":"GamblersBrew"},{"floor":8,"key":"AttackPotion"}],"is_trial":false,"path_per_floor":["M","$","T","M","M","E","T","M","T","R","M","M","E"],"character_chosen":"DEFECT","items_purchased":["Gash","Steam"],"campfire_rested":1,"item_purchase_floors":[2,2],"current_hp_per_floor":[70,70,70,63,62,18,18,17,17,40,40,20,0],"gold":147,"neow_bonus":"TEN_PERCENT_HP_BONUS","is_prod":false,"is_daily":false,"chose_seed":false,"campfire_upgraded":0,"win_rate":0,"timestamp":1552756930,"path_taken":["M","$","?","M","?","E","?","M","T","R","M","?","E"],"build_version":"2019-01-23","purchased_purges":0,"victory":false,"max_hp_per_floor":[78,78,78,78,78,78,78,78,78,78,78,78,78],"card_choices":[{"not_picked":["Turbo","Stack"],"picked":"Beam Cell","floor":1},{"not_picked":["Lockon","Stack"],"picked":"Skim","floor":4},{"not_picked":["Sweeping Beam","Leap"],"picked":"Hologram","floor":5},{"not_picked":["Go for the Eyes","Cold Snap"],"picked":"Conserve Battery","floor":6},{"not_picked":["Aggregate","Leap","Rebound"],"picked":"SKIP","floor":8},{"not_picked":["Conserve Battery","Undo"],"picked":"FTL","floor":11},{"not_picked":["Melter","Consume"],"picked":"Machine Learning","floor":12}],"player_experience":784396,"relics_obtained":[{"floor":6,"key":"Peace Pipe"},{"floor":7,"key":"Lantern"},{"floor":9,"key":"Cables"}],"event_choices":[],"is_beta":false,"boss_relics":[],"items_purged_floors":[],"is_endless":false,"potions_floor_spawned":[4,6,8],"killed_by":"Gremlin Nob","ascension_level":18}