{"gold_per_floor":[119,137,62,79,95,95,110,110,110,110,136,214,247,272,272,345,345,355,355,355,373,389,389,414,414,414,440,452,452,469,469],"floor_reached":31,"playtime":1916,"items_purged":[],"score":653,"play_id":"5ca25e99-436e-4a06-ab95-00cf151e2ee8","local_time":"20190224214537","is_ascension_mode":true,"campfire_choices":[{"data":"Heavy Blade","floor":6,"key":"SMITH"},{"data":"Uppercut","floor":8,"key":"SMITH"},{"data":"Flex","floor":10,"key":"SMITH"},{"floor":15,"key":"REST"},{"data":"Barricade","floor":23,"key":"SMITH"},{"floor":25,"key":"REST"},{"floor":29,"key":"REST"}],"neow_cost":"TEN_PERCENT_HP_LOSS","seed_source_timestamp":183091741436224,"circlet_count":0,"master_deck":["AscendersBane","Strike_R+1","Strike_R","Strike_R","Strike_R","Defend_R","Defend_R+1","Defend_R","Defend_R","Bash","Inflame","Flex+1","Thunderclap+1","Heavy Blade+1","Uppercut+1","Battle Trance+1","Cleave","Barricade+1","Ghostly","Ghostly","Ghostly","Metallicize","Corruption","Shockwave","Dual Wield"],"relics":["Burning Blood","Thread and Needle","Bottled Flame","Torii","Bottled Tornado","Odd Mushroom","Busted Crown","Enchiridion","Whetstone","War Paint","Dead Branch"],"potions_floor_usage":[5,13,16,16],"damage_taken":[{"damage":0,"enemies":"Small Slimes","floor":1,"turns":4},{"damage":8,"enemies":"Jaw Worm","floor":2,"turns":4},{"damage":0,"enemies":"Cultist","floor":4,"turns":3},{"damage":11,"enemies":"Gremlin Gang","floor":5,"turns":3},{"damage":16,"enemies":"Exordium Wildlife","floor":7,"turns":4},{"damage":27,"enemies":"Gremlin Nob","floor":11,"turns":4},{"damage":23,"enemies":"Lagavulin","floor":13,"turns":4},{"damage":12,"enemies":"The Mushroom Lair","floor":14,"turns":3},{"damage":0,"enemies":"Hexaghost","floor":16,"turns":6},{"damage":11,"enemies":"Shell Parasite","floor":18,"turns":2},{"damage":0,"enemies":"Spheric Guardian","floor":21,"turns":4},{"damage":11,"enemies":"Snake Plant","floor":22,"turns":4},{"damage":14,"enemies":"Book of Stabbing","floor":24,"turns":5},{"damage":27,"enemies":"Slavers","floor":27,"turns":8},{"damage":1,"enemies":"Cultist and Chosen","floor":28,"turns":7},{"damage":0,"enemies":"Chosen and Byrds","floor":30,"turns":6},{"damage":34,"enemies":"Gremlin Leader","floor":31,"turns":2}],"seed_played":"3211426001481974398","potions_obtained":[{"floor":4,"key":"Ancient Potion"},{"floor":7,"key":"SkillPotion"},{"floor":13,"key":"Strength Potion"},{"floor":14,"key":"PowerPotion"},{"floor":27,"key":"Strength Potion"},{"floor":28,"key":"Strength Potion"}],"is_trial":false,"path_per_floor":["M","M","?","M","M","R","M","R","T","R","E","?","E","?","R","B",null,"M","?","?","M","M","R","E","R","T","E","M","R","M","E"],"character_chosen":"IRONCLAD","items_purchased":[],"campfire_rested":3,"item_purchase_floors":[],"current_hp_per_floor":[68,66,66,68,63,63,53,53,53,53,32,32,15,9,29,35,60,55,34,34,34,29,29,21,31,31,10,15,25,31,0],"gold":469,"neow_bonus":"ONE_RARE_RELIC","is_prod":false,"is_daily":false,"chose_seed":false,"campfire_upgraded":4,"win_rate":0,"timestamp":1551069937,"path_taken":["M","M","?","M","M","R","M","R","T","R","E","?","E","?","R","BOSS","M","?","?","M","M","R","E","R","T","E","M","R","M","E"],"build_version":"2019-01-23","purchased_purges":0,"victory":false,"max_hp_per_floor":[68,68,68,68,68,68,68,68,68,68,68,68,68,68,68,68,68,68,68,34,34,34,34,34,34,34,34,34,34,34,34],"card_choices":[{"not_picked":["True Grit","Havoc"],"picked":"Inflame","floor":1},{"not_picked":["Wild Strike","Body Slam"],"picked":"Flex","floor":2},{"not_picked":["Entrench","Twin Strike"],"picked":"Thunderclap","floor":4},{"not_picked":["Disarm","Carnage"],"picked":"Heavy Blade","floor":5},{"not_picked":["Dual Wield","Entrench"],"picked":"Uppercut","floor":7},{"not_picked":["True Grit","Searing Blow"],"picked":"Battle Trance","floor":11},{"not_picked":["Wild Strike","Clothesline","Perfected Strike"],"picked":"SKIP","floor":13},{"not_picked":["Body Slam","Evolve"],"picked":"Cleave","floor":14},{"not_picked":["Berserk","Double Tap"],"picked":"Barricade","floor":16},{"not_picked":["Intimidate"],"picked":"SKIP","floor":18},{"not_picked":["Havoc"],"picked":"SKIP","floor":21},{"not_picked":[],"picked":"Metallicize","floor":22},{"not_picked":["Sword Boomerang"],"picked":"SKIP","floor":24},{"not_picked":[],"picked":"Corruption","floor":27},{"not_picked":[],"picked":"Shockwave","floor":28},{"not_picked":[],"picked":"Dual Wield","floor":30}],"player_experience":1253262,"relics_obtained":[{"floor":9,"key":"Bottled Flame"},{"floor":11,"key":"Torii"},{"floor":13,"key":"Bottled Tornado"},{"floor":14,"key":"Odd Mushroom"},{"floor":19,"key":"Enchiridion"},{"floor":24,"key":"Whetstone"},{"floor":26,"key":"War Paint"},{"floor":27,"key":"Dead Branch"}],"event_choices":[{"cards_removed":["Strike_R"],"damage_healed":0,"gold_gain":0,"player_choice":"Card Removal","damage_taken":0,"max_hp_gain":0,"max_hp_loss":0,"event_name":"The Cleric","floor":3,"gold_loss":75},{"damage_healed":0,"gold_gain":78,"player_choice":"Gained Gold","damage_taken":0,"max_hp_gain":0,"max_hp_loss":0,"event_name":"Golden Wing","floor":12,"gold_loss":0},{"damage_healed":0,"gold_gain":0,"player_choice":"Fought Mushrooms","damage_taken":0,"max_hp_gain":0,"max_hp_loss":0,"event_name":"Mushrooms","floor":14,"gold_loss":0},{"damage_healed":0,"gold_gain":0,"player_choice":"Obtained Book","damage_taken":21,"max_hp_gain":0,"max_hp_loss":0,"event_name":"Cursed Tome","floor":19,"gold_loss":0},{"damage_healed":0,"gold_gain":0,"player_choice":"Became a Ghost","damage_taken":0,"max_hp_gain":0,"max_hp_loss":34,"event_name":"Ghosts","floor":20,"gold_loss":0,"cards_obtained":["Ghostly","Ghostly","Ghostly"]}],"is_beta":false,"boss_relics":[{"not_picked":["Eternal Feather","Velvet Choker"],"picked":"Busted Crown"}],"items_purged_floors":[],"is_endless":false,"potions_floor_spawned":[4,7,13,14,27,28,30],"killed_by":"Gremlin Leader","ascension_level":19}