{"gold_per_floor":[109,109,109,129,304,334,334,367,459,483,495,507,519,548,560,572],"floor_reached":16,"playtime":805,"items_purged":[],"score":113,"play_id":"f09c6294-4a87-4dff-8ca8-b67a2be6bf31","local_time":"20180921231615","is_ascension_mode":true,"campfire_choices":[{"data":"Infernal Blade","floor":7,"key":"SMITH"},{"data":"Bloodletting","floor":11,"key":"SMITH"},{"data":"Bash","floor":13,"key":"SMITH"},{"data":"Iron Wave","floor":15,"key":"SMITH"}],"neow_cost":"NONE","seed_source_timestamp":8072767827146,"circlet_count":0,"master_deck":["Strike_R","Strike_R","Strike_R","Strike_R","Defend_R","Defend_R","Defend_R","Defend_R","Bash+1","Perfected Strike+1","Infernal Blade+1","Doubt","Flex","Bloodletting+1","Iron Wave+1","Whirlwind"],"relics":["Burning Blood","Red Skull","MawBank","Tiny Chest","Meat on the Bone"],"potions_floor_usage":[16],"damage_taken":[{"damage":6,"enemies":"Cultist","floor":1,"turns":3},{"damage":0,"enemies":"Small Slimes","floor":4,"turns":3},{"damage":15,"enemies":"Gremlin Nob","floor":6,"turns":4},{"damage":26,"enemies":"Lagavulin","floor":8,"turns":5},{"damage":6,"enemies":"Jaw Worm","floor":10,"turns":2},{"damage":10,"enemies":"Large Slime","floor":14,"turns":4},{"damage":52,"enemies":"The Guardian","floor":16,"turns":7}],"seed_played":"5736562278152278146","potions_obtained":[{"floor":14,"key":"Poison Potion"}],"is_trial":false,"path_per_floor":["M","?","?","M","?","E","R","E","T","M","R","?","R","M","R"],"character_chosen":"IRONCLAD","items_purchased":[],"campfire_rested":0,"item_purchase_floors":[],"current_hp_per_floor":[80,73,73,79,79,70,70,50,50,50,50,43,43,51,51,0],"gold":572,"neow_bonus":"TRANSFORM_CARD","is_prod":false,"is_daily":false,"chose_seed":false,"campfire_upgraded":4,"win_rate":0,"timestamp":1537586175,"path_taken":["M","?","?","M","?","E","R","E","T","?","R","?","R","M","R","BOSS"],"build_version":"2018-09-20","purchased_purges":0,"victory":false,"max_hp_per_floor":[80,80,80,80,80,80,80,80,80,80,80,80,80,80,80,80],"card_choices":[{"not_picked":["Iron Wave","True Grit"],"picked":"Perfected Strike","floor":1},{"not_picked":["Flex","Sword Boomerang"],"picked":"Infernal Blade","floor":4},{"not_picked":["Dropkick","Searing Blow"],"picked":"Flex","floor":6},{"not_picked":["Burning Pact","Limit Break"],"picked":"Bloodletting","floor":8},{"not_picked":["True Grit","Clash"],"picked":"Iron Wave","floor":10},{"not_picked":["Ghostly Armor","Havoc"],"picked":"Whirlwind","floor":14}],"player_experience":144614,"relics_obtained":[{"floor":6,"key":"Red Skull"},{"floor":8,"key":"MawBank"},{"floor":9,"key":"Tiny Chest"}],"event_choices":[{"event_name":"Golden Wing","player_choice":"Card Removal","floor":2,"damage_taken":0},{"event_name":"Living Wall","player_choice":"Grow","floor":3,"damage_taken":0},{"event_name":"Liars Game","player_choice":"agreed","floor":5,"damage_taken":0},{"event_name":"Scrap Ooze","player_choice":"success","floor":12,"damage_taken":7}],"is_beta":false,"boss_relics":[],"items_purged_floors":[],"is_endless":false,"potions_floor_spawned":[14],"killed_by":"The Guardian","ascension_level":1}