{"path_per_floor":["M","M","M","?","M","R","M","M","T","M","M","R","?","$","R","B",null,"M"],"character_chosen":"DEFECT","items_purchased":["Sadistic Nature"],"gold_per_floor":[113,133,145,145,155,155,171,191,237,247,261,261,261,8,8,106,106,88,88],"floor_reached":19,"campfire_rested":3,"playtime":1282,"item_purchase_floors":[14],"current_hp_per_floor":[57,45,45,45,24,46,41,14,14,9,1,23,23,23,45,2,57,33,0],"items_purged":["Regret"],"gold":88,"score":236,"play_id":"ca1cc231-3cff-4b0d-8c2e-3332476963c4","local_time":"20180527230425","is_prod":false,"is_daily":false,"chose_seed":false,"is_ascension_mode":true,"campfire_upgraded":0,"win_rate":0,"timestamp":1527483865,"campfire_choices":[{"floor":6,"key":"REST"},{"floor":12,"key":"REST"},{"floor":15,"key":"REST"}],"path_taken":["M","M","M","?","M","R","M","?","T","M","M","R","?","$","R","BOSS","M","M"],"build_version":"2018-05-25","seed_source_timestamp":1562796489423797,"purchased_purges":1,"victory":false,"master_deck":["Strike_B","Strike_B","Strike_B","Strike_B","Defend_B","Defend_B","Defend_B","Defend_B","Zap","Dualcast","Leap","Conserve Battery","Beam Cell","Sweeping Beam","Go for the Eyes","Fusion+1","Cold Snap","Sadistic Nature","Rainbow","Blizzard"],"max_hp_per_floor":[75,75,75,75,75,75,75,75,75,75,75,75,75,75,75,75,75,75,75],"relics":["Runic Pyramid","Centennial Puzzle","Anchor","Inserter"],"card_choices":[{"not_picked":["Rebound","Auto Shields"],"picked":"Leap","floor":1},{"not_picked":["Hologram","Steam Power","Turbo"],"picked":"SKIP","floor":2},{"not_picked":["Leap","Go for the Eyes"],"picked":"Conserve Battery","floor":3},{"not_picked":["FTL","Hologram"],"picked":"Beam Cell","floor":5},{"not_picked":["Hologram","Blizzard"],"picked":"Sweeping Beam","floor":7},{"not_picked":["Beam Cell","Rebound"],"picked":"Go for the Eyes","floor":8},{"not_picked":["Sweeping Beam","Rainbow"],"picked":"Fusion","floor":10},{"not_picked":["Beam Cell","Blizzard"],"picked":"Cold Snap","floor":11},{"not_picked":["Core Surge","Amplify"],"picked":"Rainbow","floor":16},{"not_picked":["Rebound","Beam Cell+1"],"picked":"Blizzard","floor":18}],"player_experience":172567,"potions_floor_usage":[16,16],"damage_taken":[{"damage":11,"enemies":"2 Louse","floor":1,"turns":2},{"damage":12,"enemies":"Small Slimes","floor":2,"turns":4},{"damage":0,"enemies":"Cultist","floor":3,"turns":5},{"damage":21,"enemies":"2 Fungi Beasts","floor":5,"turns":4},{"damage":5,"enemies":"Red Slaver","floor":7,"turns":3},{"damage":27,"enemies":"Lots of Slimes","floor":8,"turns":4},{"damage":5,"enemies":"2 Fungi Beasts","floor":10,"turns":4},{"damage":8,"enemies":"Looter","floor":11,"turns":4},{"damage":54,"enemies":"Hexaghost","floor":16,"turns":16},{"damage":24,"enemies":"2 Thieves","floor":18,"turns":4},{"damage":37,"enemies":"3 Byrds","floor":19,"turns":4}],"relics_obtained":[{"floor":9,"key":"Anchor"}],"event_choices":[{"event_name":"Big Fish","player_choice":"Box","floor":4,"damage_taken":0},{"event_name":"Upgrade Shrine","player_choice":"Upgraded","floor":13,"damage_taken":0}],"boss_relics":[{"not_picked":["Sozu","Velvet Choker"],"picked":"Inserter"}],"items_purged_floors":[14],"potions_floor_spawned":[2,8,10,16],"seed_played":"4036262393120558797","killed_by":"3 Byrds","ascension_level":9,"potions_obtained":[{"floor":2,"key":"Poison Potion"},{"floor":8,"key":"FairyPotion"},{"floor":10,"key":"SpeedPotion"},{"floor":16,"key":"Ancient Potion"}],"is_trial":false}