{"gold_per_floor":[112,131,150,75,91,91,118,118,164,164,164,178,178,195,195,269,269,279,299,299],"floor_reached":20,"playtime":1188,"items_purged":["Strike_B"],"score":290,"play_id":"b55eb28e-286c-45b9-bcef-4a99631a77b0","local_time":"20190224160453","is_ascension_mode":true,"campfire_choices":[{"data":"Zap","floor":6,"key":"SMITH"},{"floor":8,"key":"REST"},{"data":"Defragment","floor":11,"key":"SMITH"},{"floor":15,"key":"REST"}],"neow_cost":"NONE","seed_source_timestamp":851674333692194,"circlet_count":0,"master_deck":["AscendersBane","Strike_B","Strike_B","Strike_B","Defend_B","Defend_B","Defend_B","Defend_B","Zap+1","Dualcast","Go for the Eyes","Defragment+1","Gash","Stack","Barrage","Core Surge","Gash","All For One","Gash","Beam Cell"],"relics":["Cracked Core","Frozen Egg 2","Happy Flower","Snecko Eye"],"potions_floor_usage":[12,20,20],"damage_taken":[{"damage":1,"enemies":"Cultist","floor":1,"turns":3},{"damage":2,"enemies":"Jaw Worm","floor":2,"turns":3},{"damage":3,"enemies":"Small Slimes","floor":3,"turns":4},{"damage":13,"enemies":"Exordium Thugs","floor":5,"turns":5},{"damage":40,"enemies":"3 Sentries","floor":7,"turns":8},{"damage":4,"enemies":"Lots of Slimes","floor":12,"turns":4},{"damage":6,"enemies":"Looter","floor":14,"turns":2},{"damage":29,"enemies":"The Guardian","floor":16,"turns":11},{"damage":15,"enemies":"2 Thieves","floor":18,"turns":3},{"damage":2,"enemies":"Chosen","floor":19,"turns":4},{"damage":23,"enemies":"Colosseum Slavers","floor":20,"turns":6},{"damage":28,"enemies":"Colosseum Nobs","floor":20,"turns":3}],"seed_played":"-765859650814759837","potions_obtained":[{"floor":3,"key":"Energy Potion"},{"floor":5,"key":"Dexterity Potion"},{"floor":7,"key":"Block Potion"},{"floor":19,"key":"SpeedPotion"}],"is_trial":false,"path_per_floor":["M","M","M","$","M","R","E","R","T","?","R","M","?","M","R","B",null,"M","M","?"],"character_chosen":"DEFECT","items_purchased":[],"campfire_rested":2,"item_purchase_floors":[],"current_hp_per_floor":[74,72,69,69,56,56,16,40,40,28,28,24,24,18,42,13,65,50,48,0],"gold":299,"neow_bonus":"TEN_PERCENT_HP_BONUS","is_prod":false,"is_daily":false,"chose_seed":false,"campfire_upgraded":2,"win_rate":0,"timestamp":1551045893,"path_taken":["M","M","M","$","M","R","E","R","T","?","R","M","?","M","R","BOSS","M","?","?"],"build_version":"2019-01-23","purchased_purges":1,"victory":false,"max_hp_per_floor":[82,82,82,82,82,82,82,82,82,82,82,82,82,82,82,82,82,82,82,82],"card_choices":[{"not_picked":["Cold Snap","Leap"],"picked":"Go for the Eyes","floor":1},{"not_picked":["Steam","Go for the Eyes"],"picked":"Defragment","floor":2},{"not_picked":["Scrape","Stack"],"picked":"Gash","floor":3},{"not_picked":["Redo","Doom and Gloom"],"picked":"Stack","floor":5},{"not_picked":["Cold Snap","FTL"],"picked":"Barrage","floor":7},{"not_picked":["Skim","Steam"],"picked":"Core Surge","floor":12},{"not_picked":["Steam","Double Energy"],"picked":"Gash","floor":14},{"not_picked":["Amplify","Core Surge"],"picked":"All For One","floor":16},{"not_picked":["Sweeping Beam","Chill"],"picked":"Gash","floor":18},{"not_picked":["Chaos","Loop+1"],"picked":"Beam Cell","floor":19}],"player_experience":520593,"relics_obtained":[{"floor":7,"key":"Frozen Egg 2"},{"floor":9,"key":"Happy Flower"}],"event_choices":[{"damage_healed":0,"gold_gain":0,"player_choice":"Fled","damage_taken":12,"max_hp_gain":0,"max_hp_loss":0,"event_name":"Scrap Ooze","floor":10,"gold_loss":0},{"damage_healed":0,"gold_gain":0,"player_choice":"0 cards matched","damage_taken":0,"max_hp_gain":0,"max_hp_loss":0,"event_name":"Match and Keep!","floor":13,"gold_loss":0,"cards_obtained":[]},{"damage_healed":0,"gold_gain":0,"player_choice":"Fight","damage_taken":0,"max_hp_gain":0,"max_hp_loss":0,"event_name":"Colosseum","floor":20,"gold_loss":0},{"damage_healed":0,"gold_gain":0,"player_choice":"Fought Nobs","damage_taken":0,"max_hp_gain":0,"max_hp_loss":0,"event_name":"Colosseum","floor":20,"gold_loss":0}],"is_beta":false,"boss_relics":[{"not_picked":["Velvet Choker","White Beast Statue"],"picked":"Snecko Eye"}],"items_purged_floors":[4],"is_endless":false,"potions_floor_spawned":[3,5,7,19],"killed_by":"Colosseum Nobs","ascension_level":13}