{"gold_per_floor":[368,368,543,558,58,58,76,117,141,141,161,161,181,206,206,302,302,320,12,12],"floor_reached":20,"playtime":1022,"items_purged":["Doubt"],"score":296,"play_id":"807dad56-2057-49db-969c-fdb7cf90d52d","local_time":"20190204231746","is_ascension_mode":true,"campfire_choices":[{"data":"Loop","floor":6,"key":"SMITH"},{"data":"Zap","floor":10,"key":"SMITH"},{"floor":12,"key":"REST"},{"floor":15,"key":"REST"}],"neow_cost":"TEN_PERCENT_HP_LOSS","seed_source_timestamp":1485060490268719,"circlet_count":0,"master_deck":["AscendersBane","Strike_B","Strike_B","Strike_B","Strike_B","Defend_B","Defend_B","Defend_B","Defend_B","Zap+1","Dualcast","Glacier","Scrape","Loop+1","Capacitor","Echo Form","Ball Lightning","Self Repair","Barrage","Creative AI","Go for the Eyes"],"relics":["Cracked Core","Golden Idol","Happy Flower","Sling","Oddly Smooth Stone","Vajra","Philosopher\u0027s Stone","Ancient Tea Set","Pen Nib"],"potions_floor_usage":[8,16],"damage_taken":[{"damage":14,"enemies":"Jaw Worm","floor":1,"turns":3},{"damage":0,"enemies":"Small Slimes","floor":4,"turns":3},{"damage":3,"enemies":"2 Louse","floor":7,"turns":3},{"damage":19,"enemies":"3 Sentries","floor":8,"turns":8},{"damage":24,"enemies":"Gremlin Gang","floor":11,"turns":3},{"damage":0,"enemies":"Large Slime","floor":13,"turns":4},{"damage":16,"enemies":"Exordium Thugs","floor":14,"turns":3},{"damage":28,"enemies":"Slime Boss","floor":16,"turns":5},{"damage":42,"enemies":"2 Thieves","floor":18,"turns":4},{"damage":13,"enemies":"Chosen","floor":20,"turns":4}],"seed_played":"4036420289511776008","potions_obtained":[{"floor":1,"key":"Dexterity Potion"},{"floor":4,"key":"Regen Potion"},{"floor":14,"key":"AttackPotion"}],"is_trial":false,"path_per_floor":["M","?","?","M","$","R","M","E","T","R","M","R","M","M","R","B",null,"M","$","M"],"character_chosen":"DEFECT","items_purchased":["Happy Flower","Sling","Loop","Ancient Tea Set","Pen Nib"],"campfire_rested":2,"item_purchase_floors":[5,5,5,19,19],"current_hp_per_floor":[50,50,50,50,50,50,47,43,43,43,19,36,36,20,37,9,47,12,12,0],"gold":12,"neow_bonus":"TWO_FIFTY_GOLD","is_prod":false,"is_daily":false,"chose_seed":false,"campfire_upgraded":2,"win_rate":0,"timestamp":1549347466,"path_taken":["M","?","?","?","$","R","M","E","T","R","M","R","M","M","R","BOSS","M","$","M"],"build_version":"2019-01-23","purchased_purges":1,"victory":false,"max_hp_per_floor":[64,59,59,59,59,59,59,59,59,59,59,59,59,59,59,59,59,59,59,59],"card_choices":[{"not_picked":["Turbo","Conserve Battery"],"picked":"Glacier","floor":1},{"not_picked":["Gash","Steam"],"picked":"Scrape","floor":4},{"not_picked":["Lockon","Steam Power"],"picked":"Capacitor","floor":7},{"not_picked":["Streamline","FTL"],"picked":"Echo Form","floor":8},{"not_picked":["Leap","Blizzard"],"picked":"Ball Lightning","floor":11},{"not_picked":["Go for the Eyes","Streamline"],"picked":"Self Repair","floor":13},{"not_picked":["Darkness","Fusion"],"picked":"Barrage","floor":14},{"not_picked":["Core Surge","Reboot"],"picked":"Creative AI","floor":16},{"not_picked":["Beam Cell","Gash"],"picked":"Go for the Eyes","floor":18}],"player_experience":970324,"relics_obtained":[{"floor":8,"key":"Oddly Smooth Stone"},{"floor":9,"key":"Vajra"}],"event_choices":[{"damage_healed":0,"gold_gain":0,"player_choice":"Lose Max HP","damage_taken":0,"relics_obtained":["Golden Idol"],"max_hp_gain":0,"max_hp_loss":5,"event_name":"Golden Idol","floor":2,"gold_loss":0},{"damage_healed":0,"gold_gain":175,"player_choice":"AGREE","damage_taken":0,"max_hp_gain":0,"max_hp_loss":0,"event_name":"Liars Game","floor":3,"gold_loss":0,"cards_obtained":["Doubt"]}],"is_beta":false,"boss_relics":[{"not_picked":["Orrery","Empty Cage"],"picked":"Philosopher\u0027s Stone"}],"items_purged_floors":[5],"is_endless":false,"potions_floor_spawned":[1,4,14],"killed_by":"Chosen","ascension_level":14}