{"gold_per_floor":[118,134,59,134,150,150,170,170,170,95,95,95,95,125,125,203,203,219,47,0],"floor_reached":20,"playtime":962,"items_purged":["Strike_R"],"score":335,"play_id":"72fc549c-bc62-4397-833a-ea45935b66fc","local_time":"20190227230938","is_ascension_mode":true,"campfire_choices":[{"data":"Thunderclap","floor":6,"key":"SMITH"},{"data":"Armaments","floor":8,"key":"SMITH"},{"floor":11,"key":"REST"},{"data":"Bash","floor":13,"key":"SMITH"},{"data":"Berserk","floor":15,"key":"SMITH"}],"neow_cost":"NONE","seed_source_timestamp":448296055346274,"circlet_count":0,"master_deck":["AscendersBane","Strike_R","Strike_R","Strike_R","Defend_R","Defend_R","Defend_R","Defend_R","Bash+1","Feed","Thunderclap+1","Evolve","Armaments+1","Berserk+1","Immolate","Parasite","Normality","Clumsy","Searing Blow"],"relics":["Burning Blood","Paper Frog","Centennial Puzzle","Calling Bell","Art of War","Sundial","Shovel","Juzu Bracelet"],"potions_floor_usage":[12,14,16],"damage_taken":[{"damage":14,"enemies":"Small Slimes","floor":1,"turns":4},{"damage":2,"enemies":"Jaw Worm","floor":2,"turns":3},{"damage":4,"enemies":"2 Louse","floor":5,"turns":4},{"damage":24,"enemies":"Blue Slaver","floor":7,"turns":5},{"damage":0,"enemies":"Gremlin Gang","floor":12,"turns":1},{"damage":49,"enemies":"Lagavulin","floor":14,"turns":7},{"damage":45,"enemies":"Hexaghost","floor":16,"turns":9},{"damage":52,"enemies":"Shell Parasite","floor":18,"turns":4},{"damage":26,"enemies":"2 Thieves","floor":20,"turns":2}],"seed_played":"6223104617762334554","potions_obtained":[{"floor":5,"key":"Regen Potion"},{"floor":7,"key":"SmokeBomb"},{"floor":14,"key":"Strength Potion"}],"is_trial":false,"path_per_floor":["M","M","?","?","M","R","M","R","T","$","R","M","R","E","R","B",null,"M","$","M"],"character_chosen":"IRONCLAD","items_purchased":["Juzu Bracelet"],"campfire_rested":1,"item_purchase_floors":[19],"current_hp_per_floor":[63,70,70,59,64,64,49,49,49,49,75,81,81,50,50,11,68,26,26,0],"gold":0,"neow_bonus":"ONE_RANDOM_RARE_CARD","is_prod":false,"is_daily":false,"chose_seed":false,"campfire_upgraded":4,"win_rate":0,"timestamp":1551334178,"path_taken":["M","M","?","?","M","R","M","R","T","?","R","?","R","E","R","BOSS","M","$","M"],"build_version":"2019-01-23","purchased_purges":1,"victory":false,"max_hp_per_floor":[78,81,81,81,84,84,87,87,87,87,87,87,87,87,87,87,87,91,91,91],"card_choices":[{"not_picked":["Intimidate","Clash"],"picked":"Thunderclap","floor":1},{"not_picked":["Shrug It Off","Burning Pact"],"picked":"Evolve","floor":2},{"not_picked":["Clothesline","Warcry","Perfected Strike"],"picked":"SKIP","floor":5},{"not_picked":["Reckless Charge","Flex"],"picked":"Armaments","floor":7},{"not_picked":["Power Through","Evolve"],"picked":"Berserk","floor":14},{"not_picked":["Feed","Double Tap"],"picked":"Immolate","floor":16},{"not_picked":["Combust","Body Slam"],"picked":"Searing Blow","floor":18}],"player_experience":1290861,"relics_obtained":[{"floor":9,"key":"Paper Frog"},{"floor":14,"key":"Centennial Puzzle"},{"floor":17,"key":"Art of War"},{"floor":17,"key":"Sundial"},{"floor":17,"key":"Shovel"}],"event_choices":[{"cards_removed":["Strike_R"],"damage_healed":0,"gold_gain":0,"player_choice":"Card Removal","damage_taken":0,"max_hp_gain":0,"max_hp_loss":0,"event_name":"The Cleric","floor":3,"gold_loss":75},{"damage_healed":0,"gold_gain":75,"player_choice":"Gather Gold","damage_taken":11,"max_hp_gain":0,"max_hp_loss":0,"event_name":"World of Goop","floor":4,"gold_loss":0}],"is_beta":false,"boss_relics":[{"not_picked":["Black Blood","Black Star"],"picked":"Calling Bell"}],"items_purged_floors":[10],"is_endless":false,"potions_floor_spawned":[5,7,12,14],"killed_by":"2 Thieves","ascension_level":19}