{"gold_per_floor":[110,120,195,195,213,213,232,232],"floor_reached":8,"playtime":255,"items_purged":[],"score":91,"play_id":"128f0825-99ee-4643-bc5f-aec0def8b097","local_time":"20190306013915","is_ascension_mode":true,"campfire_choices":[{"floor":6,"key":"REST"}],"neow_cost":"NONE","seed_source_timestamp":349841493719331,"circlet_count":0,"master_deck":["AscendersBane","Strike_B","Strike_B","Strike_B","Strike_B","Defend_B","Defend_B","Defend_B","Defend_B","Zap","Dualcast","Recycle","Genetic Algorithm","Genetic Algorithm","Self Repair"],"relics":["Cracked Core","Vajra","Gremlin Horn"],"potions_floor_usage":[8,8],"damage_taken":[{"damage":10,"enemies":"Small Slimes","floor":1,"turns":3},{"damage":4,"enemies":"2 Louse","floor":2,"turns":3},{"damage":6,"enemies":"Cultist","floor":5,"turns":4},{"damage":25,"enemies":"Large Slime","floor":7,"turns":6},{"damage":62,"enemies":"Gremlin Nob","floor":8,"turns":4}],"seed_played":"5008152776867638780","potions_obtained":[{"floor":1,"key":"Energy Potion"},{"floor":2,"key":"Poison Potion"},{"floor":7,"key":"Block Potion"}],"is_trial":false,"path_per_floor":["M","M","?","?","M","R","M","E"],"character_chosen":"DEFECT","items_purchased":[],"campfire_rested":1,"item_purchase_floors":[],"current_hp_per_floor":[54,50,39,39,33,54,29,0],"gold":232,"neow_bonus":"RANDOM_COMMON_RELIC","is_prod":false,"is_daily":false,"chose_seed":false,"campfire_upgraded":0,"win_rate":0,"timestamp":1551829155,"path_taken":["M","M","?","?","M","R","M","E"],"build_version":"2019-01-23","purchased_purges":0,"victory":false,"max_hp_per_floor":[71,71,71,71,71,71,71,71],"card_choices":[{"not_picked":["Steam","Force Field"],"picked":"Recycle","floor":1},{"not_picked":["Blizzard","Barrage"],"picked":"Genetic Algorithm","floor":2},{"not_picked":["Compile Driver","Redo"],"picked":"Genetic Algorithm","floor":5},{"not_picked":["Streamline","Sweeping Beam"],"picked":"Self Repair","floor":7}],"player_experience":759133,"relics_obtained":[{"floor":4,"key":"Gremlin Horn"}],"event_choices":[{"damage_healed":0,"gold_gain":75,"player_choice":"Gather Gold","damage_taken":11,"max_hp_gain":0,"max_hp_loss":0,"event_name":"World of Goop","floor":3,"gold_loss":0},{"damage_healed":0,"gold_gain":0,"player_choice":"Relic","damage_taken":0,"max_hp_gain":0,"max_hp_loss":0,"event_name":"Wheel of Change","floor":4,"gold_loss":0}],"is_beta":false,"boss_relics":[],"items_purged_floors":[],"is_endless":false,"potions_floor_spawned":[1,2,7],"killed_by":"Gremlin Nob","ascension_level":18}