{"gold_per_floor":[114,114,4,16,16,16,45,45,90,110,144,144,44,60,60,157,157,172,23,23,40,40,40,104,116,116,116,136,136,136,149,149,254,254,271,95,95,0,11,11,38,38,38,63,82,96,109,109,109,109],"floor_reached":50,"playtime":4282,"items_purged":["Strike_G","Concentrate","Defend_G"],"score":498,"play_id":"3c511f91-fac7-495f-af67-3bc25eca531a","local_time":"20190124111033","is_ascension_mode":false,"campfire_choices":[{"data":"Caltrops","floor":6,"key":"SMITH"},{"data":"Doppelganger","floor":12,"key":"SMITH"},{"data":"Phantasmal Killer","floor":15,"key":"SMITH"},{"data":"Doppelganger","floor":23,"key":"SMITH"},{"data":"Flechettes","floor":27,"key":"SMITH"},{"data":"Terror","floor":29,"key":"SMITH"},{"floor":32,"key":"REST"},{"data":"Storm of Steel","floor":40,"key":"SMITH"},{"floor":42,"key":"REST"},{"floor":49,"key":"REST"}],"neow_cost":"NONE","seed_source_timestamp":490984809902413,"circlet_count":0,"master_deck":["Defend_G","Defend_G","Defend_G","Defend_G","Strike_G","Strike_G","Survivor","Neutralize","Predator","Caltrops+1","Heel Hook","Doppelganger+1","Leg Sweep","Backflip","Phantasmal Killer+1","Doppelganger+1","Deflect","Predator","Terror+1","Prepared+1","Flechettes+1","Skewer+1","Underhanded Strike+1","Storm of Steel+1","Slice+1","Dagger Throw","Escape Plan+1","Footwork+1","Escape Plan+1","Calculated Gamble+1","Calculated Gamble+1"],"relics":["Ring of the Snake","Darkstone Periapt","Potion Belt","Ninja Scroll","Philosopher\u0027s Stone","Enchiridion","Tiny Chest","Meat on the Bone","Snake Skull","WristBlade","PreservedInsect","Red Mask","Centennial Puzzle","Ancient Tea Set","Bronze Scales"],"potions_floor_usage":[47,50],"damage_taken":[{"damage":1,"enemies":"Jaw Worm","floor":1,"turns":6},{"damage":0,"enemies":"Cultist","floor":4,"turns":3},{"damage":25,"enemies":"Lagavulin","floor":7,"turns":7},{"damage":0,"enemies":"Small Slimes","floor":10,"turns":3},{"damage":25,"enemies":"Gremlin Nob","floor":11,"turns":6},{"damage":0,"enemies":"Exordium Wildlife","floor":14,"turns":3},{"damage":28,"enemies":"Slime Boss","floor":16,"turns":10},{"damage":0,"enemies":"Shell Parasite","floor":18,"turns":6},{"damage":9,"enemies":"2 Thieves","floor":21,"turns":4},{"damage":13,"enemies":"Book of Stabbing","floor":24,"turns":4},{"damage":0,"enemies":"Cultist and Chosen","floor":25,"turns":6},{"damage":6,"enemies":"Centurion and Healer","floor":28,"turns":4},{"damage":0,"enemies":"Snecko","floor":31,"turns":2},{"damage":53,"enemies":"Champ","floor":33,"turns":7},{"damage":0,"enemies":"3 Shapes","floor":35,"turns":2},{"damage":0,"enemies":"3 Darklings","floor":39,"turns":4},{"damage":27,"enemies":"Reptomancer","floor":41,"turns":4},{"damage":11,"enemies":"Jaw Worm Horde","floor":45,"turns":2},{"damage":10,"enemies":"Sphere and 2 Shapes","floor":46,"turns":4},{"damage":1,"enemies":"Maw","floor":47,"turns":5},{"damage":78,"enemies":"Awakened One","floor":50,"turns":10}],"seed_played":"-4996238376667685578","potions_obtained":[{"floor":4,"key":"Energy Potion"},{"floor":7,"key":"SkillPotion"},{"floor":11,"key":"Ancient Potion"},{"floor":14,"key":"GamblersBrew"},{"floor":21,"key":"Regen Potion"},{"floor":35,"key":"GhostInAJar"},{"floor":39,"key":"Explosive Potion"}],"is_trial":false,"path_per_floor":["M","?","$","M","?","R","E","$","T","M","E","R","$","M","R","B",null,"M","$","?","M","?","R","E","M","T","R","M","R","T","M","R","B",null,"M","$","?","?","M","R","E","R","T","T","M","M","M","?","R","B"],"character_chosen":"THE_SILENT","items_purchased":["Caltrops","Deflect","PreservedInsect","Dagger Throw"],"campfire_rested":3,"item_purchase_floors":[3,19,36,36],"current_hp_per_floor":[76,81,81,81,81,81,56,56,56,56,31,31,31,31,31,3,82,82,82,82,73,57,57,44,44,44,44,50,50,50,50,74,33,82,82,82,82,82,82,82,55,79,79,79,68,58,57,57,78,0],"gold":109,"neow_bonus":"TEN_PERCENT_HP_BONUS","is_prod":false,"is_daily":false,"chose_seed":false,"campfire_upgraded":7,"win_rate":0,"timestamp":1548353433,"path_taken":["M","?","$","M","?","R","E","?","T","M","E","R","?","M","R","BOSS","M","$","?","?","?","R","E","M","T","R","M","R","?","?","R","BOSS","M","$","?","?","M","R","E","R","T","?","M","M","M","?","R","BOSS"],"build_version":"2019-01-23","purchased_purges":3,"victory":false,"max_hp_per_floor":[77,82,82,82,82,82,82,82,82,82,82,82,82,82,82,82,82,82,82,82,82,82,82,82,82,82,82,82,82,82,82,82,82,82,82,82,82,82,82,82,82,82,82,82,82,82,82,78,78,78],"card_choices":[{"not_picked":["Prepared","Escape Plan"],"picked":"Predator","floor":1},{"not_picked":["Distraction","Dagger Spray"],"picked":"Heel Hook","floor":4},{"not_picked":["Catalyst","Well Laid Plans"],"picked":"Doppelganger","floor":7},{"not_picked":["Bane","Bouncing Flask"],"picked":"Leg Sweep","floor":10},{"not_picked":["Dagger Throw","Deflect"],"picked":"Backflip","floor":11},{"not_picked":["Outmaneuver","Flechettes"],"picked":"Phantasmal Killer","floor":14},{"not_picked":["Malaise","Wraith Form v2"],"picked":"Doppelganger","floor":16},{"not_picked":["Noxious Fumes+1","Acrobatics","Distraction"],"picked":"SKIP","floor":18},{"not_picked":["Deflect","Reflex"],"picked":"Terror","floor":21},{"not_picked":["Reflex","Backflip"],"picked":"Prepared+1","floor":24},{"not_picked":["Well Laid Plans","Dodge and Roll"],"picked":"Flechettes","floor":25},{"not_picked":["Blade Dance","Well Laid Plans"],"picked":"Skewer+1","floor":28},{"not_picked":["Poisoned Stab","Envenom"],"picked":"Underhanded Strike+1","floor":31},{"not_picked":["Die Die Die","Grand Finale"],"picked":"Storm of Steel","floor":33},{"not_picked":["Acrobatics+1","Bane+1"],"picked":"Slice+1","floor":35},{"not_picked":["Deadly Poison+1","Sucker Punch"],"picked":"Escape Plan+1","floor":39},{"not_picked":["Deflect","Bullet Time"],"picked":"Footwork+1","floor":41},{"not_picked":["All Out Attack","Deadly Poison+1"],"picked":"Escape Plan+1","floor":45},{"not_picked":["Dagger Spray","Quick Slash"],"picked":"Calculated Gamble+1","floor":46},{"not_picked":["Dodge and Roll+1","Flying Knee+1"],"picked":"Calculated Gamble+1","floor":47}],"player_experience":458411,"relics_obtained":[{"floor":7,"key":"Darkstone Periapt"},{"floor":9,"key":"Potion Belt"},{"floor":11,"key":"Ninja Scroll"},{"floor":22,"key":"Enchiridion"},{"floor":24,"key":"Tiny Chest"},{"floor":26,"key":"Meat on the Bone"},{"floor":30,"key":"Snake Skull"},{"floor":41,"key":"Centennial Puzzle"},{"floor":43,"key":"Ancient Tea Set"},{"floor":44,"key":"Bronze Scales"}],"event_choices":[{"damage_healed":0,"gold_gain":0,"player_choice":"Donut","damage_taken":0,"max_hp_gain":5,"max_hp_loss":0,"event_name":"Big Fish","floor":2,"gold_loss":0},{"damage_healed":0,"gold_gain":0,"cards_transformed":["Strike_G"],"player_choice":"Change","damage_taken":0,"max_hp_gain":0,"max_hp_loss":0,"event_name":"Living Wall","floor":5,"gold_loss":0,"cards_obtained":["Concentrate"]},{"damage_healed":0,"gold_gain":0,"player_choice":"Copied","damage_taken":0,"max_hp_gain":0,"max_hp_loss":0,"event_name":"Duplicator","floor":20,"gold_loss":0,"cards_obtained":["Predator"]},{"damage_healed":0,"gold_gain":0,"player_choice":"Obtained Book","damage_taken":16,"max_hp_gain":0,"max_hp_loss":0,"event_name":"Cursed Tome","floor":22,"gold_loss":0},{"cards_removed":["Strike_G"],"damage_healed":0,"gold_gain":0,"player_choice":"Removed Attack","damage_taken":0,"max_hp_gain":0,"max_hp_loss":0,"event_name":"Falling","floor":37,"gold_loss":0},{"damage_healed":0,"gold_gain":0,"player_choice":"Paid","damage_taken":0,"relics_obtained":["Red Mask"],"max_hp_gain":0,"max_hp_loss":0,"event_name":"Tomb of Lord Red Mask","floor":38,"gold_loss":95},{"damage_healed":0,"gold_gain":0,"player_choice":"Max HP","damage_taken":0,"max_hp_gain":0,"max_hp_loss":4,"event_name":"Winding Halls","floor":48,"gold_loss":0}],"is_beta":false,"boss_relics":[{"not_picked":["Orrery","Snecko Eye"],"picked":"Philosopher\u0027s Stone"},{"not_picked":["Lizard Tail","Runic Dome"],"picked":"WristBlade"}],"items_purged_floors":[3,13,19],"is_endless":false,"potions_floor_spawned":[4,7,11,14,21,33,35,39],"killed_by":"Awakened One","ascension_level":0}