{"gold_per_floor":[112,112,112,112,129,161,161,187,187,187,197,197,21,39,39,116,116,136,5,21,21,39,39,68,68],"floor_reached":25,"playtime":1590,"items_purged":["Strike_R"],"score":608,"play_id":"deae5909-e7b0-4e87-8a92-422139c57af3","local_time":"20190307025142","is_ascension_mode":true,"campfire_choices":[{"data":"Headbutt","floor":7,"key":"SMITH"},{"floor":10,"key":"REST"},{"data":"Demon Form","floor":12,"key":"SMITH"},{"data":"True Grit","floor":15,"key":"SMITH"},{"floor":23,"key":"REST"}],"neow_cost":"NONE","seed_source_timestamp":11419243124478,"circlet_count":0,"master_deck":["AscendersBane","Bash+1","Battle Trance+1","True Grit+1","Headbutt+1","Demon Form+1","Intimidate","Feel No Pain","Flex","Feel No Pain","Berserk","Fiend Fire","Metallicize","Blood for Blood","Double Tap","Sentinel","Offering","Ghostly Armor","Spot Weakness","Heavy Blade","Wild Strike","Body Slam","Shrug It Off","Wild Strike+1","Decay","Cleave+1","Berserk"],"relics":["Burning Blood","NeowsBlessing","Mercury Hourglass","Blue Candle","Mummified Hand","Pandora\u0027s Box","Paper Frog"],"potions_floor_usage":[8,24,25],"damage_taken":[{"damage":0,"enemies":"Small Slimes","floor":1,"turns":1},{"damage":0,"enemies":"Jaw Worm","floor":5,"turns":1},{"damage":0,"enemies":"3 Sentries","floor":6,"turns":2},{"damage":40,"enemies":"Lagavulin","floor":8,"turns":4},{"damage":1,"enemies":"Cultist","floor":11,"turns":3},{"damage":0,"enemies":"Lots of Slimes","floor":14,"turns":3},{"damage":0,"enemies":"The Guardian","floor":16,"turns":7},{"damage":10,"enemies":"Spheric Guardian","floor":18,"turns":3},{"damage":15,"enemies":"Shell Parasite","floor":20,"turns":4},{"damage":37,"enemies":"Snake Plant","floor":22,"turns":3},{"damage":41,"enemies":"Gremlin Leader","floor":24,"turns":5},{"damage":6,"enemies":"Colosseum Slavers","floor":25,"turns":4},{"damage":21,"enemies":"Colosseum Nobs","floor":25,"turns":2}],"seed_played":"-589656036508394293","potions_obtained":[{"floor":6,"key":"SteroidPotion"},{"floor":11,"key":"SpeedPotion"},{"floor":24,"key":"EssenceOfSteel"}],"is_trial":false,"path_per_floor":["M","?","?","?","M","E","R","E","T","R","M","R","$","M","R","B",null,"M","$","M","?","M","R","E","?"],"character_chosen":"IRONCLAD","items_purchased":["Feel No Pain","Flex","Wild Strike","Body Slam","Shrug It Off"],"campfire_rested":2,"item_purchase_floors":[13,13,19,19,19],"current_hp_per_floor":[74,51,51,51,57,63,63,29,29,51,56,56,56,62,62,68,73,69,69,60,60,29,51,16,0],"gold":68,"neow_bonus":"THREE_ENEMY_KILL","is_prod":false,"is_daily":false,"chose_seed":false,"campfire_upgraded":3,"win_rate":0,"timestamp":1551952302,"path_taken":["M","?","?","?","M","E","R","E","T","R","M","R","$","?","R","BOSS","M","$","?","?","M","R","E","?"],"build_version":"2019-01-23","purchased_purges":1,"victory":false,"max_hp_per_floor":[75,75,75,75,75,75,75,75,75,75,75,75,75,75,75,75,75,75,75,75,75,75,75,75,75],"card_choices":[{"not_picked":["True Grit","Havoc"],"picked":"Battle Trance","floor":1},{"not_picked":["Hemokinesis","Perfected Strike"],"picked":"True Grit","floor":5},{"not_picked":["Dual Wield","Armaments"],"picked":"Headbutt","floor":6},{"not_picked":["Pummel","Sever Soul"],"picked":"Demon Form","floor":8},{"not_picked":["Blood for Blood","Flex"],"picked":"Intimidate","floor":11},{"not_picked":["Disarm","Cleave"],"picked":"Feel No Pain","floor":14},{"not_picked":["Offering","Feed"],"picked":"Berserk","floor":16},{"not_picked":["Thunderclap","Sword Boomerang"],"picked":"Heavy Blade","floor":18},{"not_picked":["Armaments","Pommel Strike"],"picked":"Wild Strike+1","floor":20},{"not_picked":["Entrench","Searing Blow"],"picked":"Cleave+1","floor":22},{"not_picked":["Wild Strike+1","Searing Blow"],"picked":"Berserk","floor":24}],"player_experience":1374691,"relics_obtained":[{"floor":6,"key":"Mercury Hourglass"},{"floor":8,"key":"Blue Candle"},{"floor":9,"key":"Mummified Hand"},{"floor":24,"key":"Paper Frog"}],"event_choices":[{"damage_healed":0,"gold_gain":0,"player_choice":"Entered Light","damage_taken":23,"max_hp_gain":0,"max_hp_loss":0,"event_name":"Shining Light","floor":2,"gold_loss":0,"cards_upgraded":["Bash","Defend_R"]},{"damage_healed":0,"gold_gain":0,"player_choice":"Ignored","damage_taken":0,"max_hp_gain":0,"max_hp_loss":0,"event_name":"Liars Game","floor":3,"gold_loss":0},{"damage_healed":0,"gold_gain":0,"player_choice":"Upgraded","damage_taken":0,"max_hp_gain":0,"max_hp_loss":0,"event_name":"Upgrade Shrine","floor":4,"gold_loss":0,"cards_upgraded":["Battle Trance"]},{"damage_healed":0,"gold_gain":0,"player_choice":"Smashed Altar","damage_taken":0,"max_hp_gain":0,"max_hp_loss":0,"event_name":"Forgotten Altar","floor":21,"gold_loss":0,"cards_obtained":["Decay"]},{"damage_healed":0,"gold_gain":0,"player_choice":"Fight","damage_taken":0,"max_hp_gain":0,"max_hp_loss":0,"event_name":"Colosseum","floor":25,"gold_loss":0},{"damage_healed":0,"gold_gain":0,"player_choice":"Fought Nobs","damage_taken":0,"max_hp_gain":0,"max_hp_loss":0,"event_name":"Colosseum","floor":25,"gold_loss":0}],"is_beta":false,"boss_relics":[{"not_picked":["Eternal Feather","Runic Cube"],"picked":"Pandora\u0027s Box"}],"items_purged_floors":[13],"is_endless":false,"potions_floor_spawned":[6,11,24,25],"killed_by":"Colosseum Nobs","ascension_level":20}