{"gold_per_floor":[112,35,35,35,35,35,52,52,52,64,76,88,103,115,115,115],"floor_reached":16,"playtime":579,"items_purged":[],"score":103,"play_id":"6abb0777-0d1b-479b-a1ab-84d2295ddea9","local_time":"20190314024615","is_ascension_mode":true,"campfire_choices":[{"data":"Searing Blow+1","floor":6,"key":"SMITH"},{"floor":15,"key":"REST"}],"neow_cost":"NONE","seed_source_timestamp":76977814678936,"circlet_count":0,"master_deck":["Strike_R","Strike_R","Strike_R","Strike_R","Strike_R","Defend_R","Defend_R","Defend_R","Defend_R","Bash+1","Searing Blow+2","Battle Trance","Uppercut"],"relics":["Burning Blood","Lantern"],"potions_floor_usage":[16,16,16],"damage_taken":[{"damage":9,"enemies":"2 Louse","floor":1,"turns":3},{"damage":12,"enemies":"Jaw Worm","floor":7,"turns":2},{"damage":0,"enemies":"Cultist","floor":10,"turns":2},{"damage":6,"enemies":"3 Louse","floor":11,"turns":3},{"damage":21,"enemies":"Lots of Slimes","floor":12,"turns":4},{"damage":21,"enemies":"Exordium Thugs","floor":13,"turns":3},{"damage":13,"enemies":"Blue Slaver","floor":14,"turns":2},{"damage":69,"enemies":"The Guardian","floor":16,"turns":16}],"seed_played":"-6856122830125709002","potions_obtained":[{"floor":7,"key":"Block Potion"},{"floor":11,"key":"GamblersBrew"},{"floor":12,"key":"BloodPotion"},{"floor":13,"key":"LiquidBronze"}],"is_trial":false,"path_per_floor":["M","$","?","?","?","R","M","$","T","M","M","M","M","M","R","B"],"character_chosen":"IRONCLAD","items_purchased":["Searing Blow"],"campfire_rested":1,"item_purchase_floors":[2],"current_hp_per_floor":[77,77,77,77,77,77,71,71,71,77,77,62,47,40,64,3],"gold":115,"neow_bonus":"UPGRADE_CARD","is_prod":false,"is_daily":false,"chose_seed":false,"campfire_upgraded":1,"win_rate":0,"timestamp":1552545975,"path_taken":["M","$","?","?","?","R","M","?","T","M","M","M","M","M","R","BOSS"],"build_version":"2019-01-23","purchased_purges":0,"victory":false,"max_hp_per_floor":[80,80,80,80,80,80,80,80,80,80,80,80,80,80,80,80],"card_choices":[{"not_picked":["Clothesline","Combust","Havoc"],"picked":"SKIP","floor":1},{"not_picked":["Flex","Ghostly Armor","Sever Soul"],"picked":"SKIP","floor":7},{"not_picked":["Sword Boomerang","Corruption","Whirlwind"],"picked":"SKIP","floor":10},{"not_picked":["Intimidate","Clash","Iron Wave"],"picked":"SKIP","floor":11},{"not_picked":["Cleave","Anger","Searing Blow"],"picked":"SKIP","floor":12},{"not_picked":["Heavy Blade","Perfected Strike"],"picked":"Battle Trance","floor":13},{"not_picked":["Perfected Strike","Anger"],"picked":"Uppercut","floor":14}],"player_experience":1237270,"relics_obtained":[{"floor":9,"key":"Lantern"}],"event_choices":[{"damage_healed":0,"gold_gain":0,"player_choice":"Ignored","damage_taken":0,"max_hp_gain":0,"max_hp_loss":0,"event_name":"Liars Game","floor":3,"gold_loss":0},{"damage_healed":0,"gold_gain":0,"player_choice":"Leave","damage_taken":0,"max_hp_gain":0,"max_hp_loss":0,"event_name":"The Cleric","floor":4,"gold_loss":0},{"damage_healed":0,"gold_gain":0,"player_choice":"Grow","damage_taken":0,"max_hp_gain":0,"max_hp_loss":0,"event_name":"Living Wall","floor":5,"gold_loss":0,"cards_upgraded":["Searing Blow"]}],"is_beta":false,"boss_relics":[],"items_purged_floors":[],"is_endless":false,"potions_floor_spawned":[7,11,12,13,14],"killed_by":"The Guardian","ascension_level":2}