{"path_per_floor":["M","M","?","$","M","R","$","R","T","R","M","E","T","$","R","B",null,"M","$","M","T","T","R","?","E","T","R","M","M","R","M","R","B",null,"M","?","M","$"],"character_chosen":"DEFECT","items_purchased":["Scrape","Shuriken"],"gold_per_floor":[112,122,122,47,67,67,67,67,67,67,81,146,170,34,34,136,136,149,24,37,86,86,86,9,41,92,92,102,112,112,127,127,227,257,270,270,283,28,28],"floor_reached":39,"campfire_rested":3,"playtime":1893,"item_purchase_floors":[14,38],"current_hp_per_floor":[75,65,58,58,57,57,57,57,57,57,57,31,31,31,53,47,75,63,63,63,63,63,63,63,35,35,60,48,50,50,18,44,3,94,59,59,48,48,0],"items_purged":["Strike_B","Strike_B","Strike_B"],"gold":28,"score":482,"play_id":"485d4602-cbf5-422f-8e00-c73989b03926","local_time":"20180605231515","is_prod":false,"is_daily":false,"chose_seed":false,"is_ascension_mode":true,"campfire_upgraded":5,"win_rate":0,"timestamp":1528262115,"campfire_choices":[{"data":"Scrape","floor":6,"key":"SMITH"},{"data":"Dualcast","floor":8,"key":"SMITH"},{"data":"Beam Cell","floor":10,"key":"SMITH"},{"floor":15,"key":"REST"},{"data":"Redo","floor":23,"key":"SMITH"},{"floor":27,"key":"REST"},{"data":"Echo Form","floor":30,"key":"SMITH"},{"floor":32,"key":"REST"}],"path_taken":["M","M","?","$","M","R","?","R","T","R","M","E","?","$","R","BOSS","M","$","M","?","?","R","?","E","T","R","M","M","R","?","R","BOSS","M","?","M","$","?"],"build_version":"2018-05-31","seed_source_timestamp":537117499418895,"purchased_purges":3,"victory":false,"master_deck":["Defend_B","Defend_B","Defend_B","Defend_B","Zap+1","Dualcast+1","Beam Cell","Beam Cell+1","Scrape+1","Gash","Go for the Eyes","Scrape","Echo Form+1","Redo+1","White Noise","J.A.X.+1","Steam+1","Buffer","Force Field","Buffer","Gash"],"max_hp_per_floor":[75,75,75,75,75,75,75,75,75,75,75,75,75,75,75,75,75,75,75,75,75,75,75,75,85,85,85,85,87,87,89,89,89,94,96,96,96,96,96],"relics":["Cracked Core","Pantograph","Tiny Chest","Bag of Preparation","Black Star","Oddly Smooth Stone","Ornamental Fan","Kunai","Pear","Singing Bowl","Tiny House","Shuriken"],"card_choices":[{"not_picked":["Coolheaded","Steam"],"picked":"Beam Cell","floor":1},{"not_picked":["Ball Lightning","Leap"],"picked":"Beam Cell","floor":2},{"not_picked":["Glacier","Leap"],"picked":"Scrape","floor":5},{"not_picked":["Hello World","Cold Snap"],"picked":"Gash","floor":11},{"not_picked":["Fission","Hologram"],"picked":"Go for the Eyes","floor":12},{"not_picked":["Biased Cognition","Electrodynamics"],"picked":"Echo Form","floor":16},{"not_picked":["Beam Cell","Streamline+1"],"picked":"Redo","floor":18},{"not_picked":["Ball Lightning","Conserve Battery"],"picked":"White Noise","floor":20},{"not_picked":["Ball Lightning","Sweeping Beam","Skim"],"picked":"SKIP","floor":25},{"not_picked":["Seek","Streamline"],"picked":"Steam+1","floor":28},{"not_picked":["Conserve Battery","Leap","Sweeping Beam+1"],"picked":"Singing Bowl","floor":29},{"not_picked":["Sweeping Beam","Go for the Eyes","Stack"],"picked":"Singing Bowl","floor":31},{"not_picked":["Biased Cognition","Meteor Strike"],"picked":"Buffer","floor":33},{"not_picked":["Coolheaded","Go for the Eyes"],"picked":"Force Field","floor":34},{"not_picked":["Conserve Battery","Cold Snap","Streamline"],"picked":"Singing Bowl","floor":35},{"not_picked":["Stack+1","Steam Power+1"],"picked":"Gash","floor":37}],"player_experience":857331,"potions_floor_usage":[12,31,33,33,33,39,39],"damage_taken":[{"damage":0,"enemies":"2 Louse","floor":1,"turns":1},{"damage":10,"enemies":"Small Slimes","floor":2,"turns":2},{"damage":1,"enemies":"Cultist","floor":5,"turns":3},{"damage":0,"enemies":"2 Fungi Beasts","floor":11,"turns":2},{"damage":26,"enemies":"Lagavulin","floor":12,"turns":4},{"damage":28,"enemies":"The Guardian","floor":16,"turns":7},{"damage":12,"enemies":"Shell Parasite","floor":18,"turns":3},{"damage":0,"enemies":"Chosen","floor":20,"turns":2},{"damage":38,"enemies":"Book of Stabbing","floor":25,"turns":4},{"damage":12,"enemies":"3 Cultists","floor":28,"turns":4},{"damage":0,"enemies":"Snake Plant","floor":29,"turns":4},{"damage":34,"enemies":"Slaver and Parasite","floor":31,"turns":4},{"damage":66,"enemies":"Champ","floor":33,"turns":10},{"damage":37,"enemies":"3 Darklings","floor":35,"turns":5},{"damage":11,"enemies":"3 Shapes","floor":37,"turns":4},{"damage":57,"enemies":"Mysterious Sphere","floor":39,"turns":4}],"relics_obtained":[{"floor":9,"key":"Pantograph"},{"floor":12,"key":"Tiny Chest"},{"floor":13,"key":"Bag of Preparation"},{"floor":21,"key":"Oddly Smooth Stone"},{"floor":22,"key":"Ornamental Fan"},{"floor":25,"key":"Kunai"},{"floor":25,"key":"Pear"},{"floor":26,"key":"Singing Bowl"}],"event_choices":[{"event_name":"Golden Wing","player_choice":"Card Removal","floor":3,"damage_taken":0},{"event_name":"Drug Dealer","player_choice":"Got JAXXED","floor":24,"damage_taken":0},{"event_name":"Duplicator","player_choice":"One dupe","floor":36,"damage_taken":0},{"event_name":"Mysterious Sphere","player_choice":"Fight","floor":39,"damage_taken":0}],"boss_relics":[{"not_picked":["Philosopher\u0027s Stone","Nuclear Battery"],"picked":"Black Star"},{"not_picked":["Snecko Eye","Orrery"],"picked":"Tiny House"}],"items_purged_floors":[4,14,19],"potions_floor_spawned":[5,11,12,18,29,31,35],"seed_played":"7662337722354117175","killed_by":"Mysterious Sphere","ascension_level":3,"potions_obtained":[{"floor":5,"key":"AttackPotion"},{"floor":11,"key":"LiquidBronze"},{"floor":12,"key":"Dexterity Potion"},{"floor":18,"key":"Poison Potion"},{"floor":31,"key":"SpeedPotion"},{"floor":34,"key":"SpeedPotion"},{"floor":35,"key":"PowerPotion"}],"is_trial":false}