{"path_per_floor":["M","M","M","$","?","R","M","E","T","T","E","M","$","M","R","B",null,"M","?","?","?","M","R"],"character_chosen":"IRONCLAD","items_purchased":["Metallicize"],"gold_per_floor":[118,136,156,10,10,10,20,49,49,49,81,92,92,102,102,199,199,211,211,211,244,258,258,258],"floor_reached":24,"campfire_rested":1,"playtime":3013,"current_hp_per_floor":[80,80,80,80,80,80,69,55,55,55,54,42,42,40,40,8,80,73,73,73,36,16,40,0],"items_purged":["Defend_R"],"gold":258,"score":206,"play_id":"cdcd718a-7325-41e9-a51d-71bd6e9056c4","local_time":"20180521194551","is_prod":false,"is_daily":false,"chose_seed":false,"is_ascension_mode":false,"campfire_upgraded":2,"timestamp":1526946351,"campfire_choices":[{"data":"Armaments","floor":6,"key":"SMITH"},{"data":"Metallicize","floor":15,"key":"SMITH"},{"floor":23,"key":"REST"}],"path_taken":["M","M","M","$","?","R","?","E","T","?","E","M","$","M","R","BOSS","M","?","?","?","?","R","E"],"build_version":"2018-05-17","seed_source_timestamp":0,"purchased_purges":1,"victory":false,"master_deck":["Strike_R","Strike_R","Strike_R","Strike_R","Defend_R","Defend_R","Defend_R","Bash","Metallicize+1","Armaments+1","Iron Wave","Pommel Strike","Metallicize","Regret","Pommel Strike","Juggernaut","Perfected Strike","Perfected Strike","Barricade","Seeing Red","Iron Wave","Entrench+1"],"max_hp_per_floor":[80,80,80,80,80,80,80,80,80,80,80,80,80,80,80,80,80,80,80,80,80,80,80,80],"relics":["Black Blood","Sundial","Self Forming Clay","Letter Opener","Dodecahedron","Centennial Puzzle","Lantern","Red Mask"],"card_choices":[{"not_picked":["Burning Pact","Second Wind"],"picked":"Armaments","floor":1},{"not_picked":["Bloodletting","Headbutt"],"picked":"Iron Wave","floor":2},{"not_picked":["Heavy Blade","Clothesline"],"picked":"Pommel Strike","floor":3},{"not_picked":["Perfected Strike","Heavy Blade"],"picked":"Pommel Strike","floor":7},{"not_picked":["Flex","Power Through","Twin Strike"],"picked":"SKIP","floor":8},{"not_picked":["Armaments","Intimidate"],"picked":"Juggernaut","floor":11},{"not_picked":["Headbutt","Dropkick"],"picked":"Perfected Strike","floor":12},{"not_picked":["Clothesline","Clash"],"picked":"Perfected Strike","floor":14},{"not_picked":["Double Tap","Berserk"],"picked":"Barricade","floor":16},{"not_picked":["Rupture+1","Pommel Strike"],"picked":"Seeing Red","floor":18},{"not_picked":["Cleave+1","Anger"],"picked":"Iron Wave","floor":21},{"not_picked":["Clash","Fiend Fire"],"picked":"Entrench+1","floor":22}],"player_experience":25980,"potions_floor_usage":[11,16,22],"damage_taken":[{"damage":3,"enemies":"Jaw Worm","floor":1,"turns":5},{"damage":6,"enemies":"Small Slimes","floor":2,"turns":4},{"damage":0,"enemies":"Cultist","floor":3,"turns":5},{"damage":17,"enemies":"Exordium Thugs","floor":7,"turns":6},{"damage":20,"enemies":"3 Sentries","floor":8,"turns":8},{"damage":7,"enemies":"Lagavulin","floor":11,"turns":7},{"damage":18,"enemies":"Large Slime","floor":12,"turns":8},{"damage":8,"enemies":"Looter","floor":14,"turns":3},{"damage":38,"enemies":"Hexaghost","floor":16,"turns":11},{"damage":17,"enemies":"Shell Parasite","floor":18,"turns":8},{"damage":47,"enemies":"Masked Bandits","floor":21,"turns":6},{"damage":44,"enemies":"3 Byrds","floor":22,"turns":8},{"damage":42,"enemies":"Book of Stabbing","floor":24,"turns":8}],"relics_obtained":[{"floor":8,"key":"Self Forming Clay"},{"floor":9,"key":"Letter Opener"},{"floor":10,"key":"Dodecahedron"},{"floor":11,"key":"Centennial Puzzle"},{"floor":21,"key":"Red Mask"}],"event_choices":[{"event_name":"Big Fish","player_choice":"Box","floor":5,"damage_taken":0},{"event_name":"The Mausoleum","player_choice":"Yes","floor":19,"damage_taken":0},{"event_name":"Vampires","player_choice":"Ignored","floor":20,"damage_taken":0},{"event_name":"Masked Bandits","player_choice":"Fought over 211 gold","floor":21,"damage_taken":0}],"boss_relics":[{"not_picked":["Ectoplasm","Philosopher\u0027s Stone"],"picked":"Black Blood"}],"potions_floor_spawned":[1,8,16],"seed_played":"5288874235041509627","killed_by":"Book of Stabbing","ascension_level":0,"potions_obtained":[{"floor":1,"key":"AttackPotion"},{"floor":8,"key":"Weak Potion"},{"floor":16,"key":"Regen Potion"}],"is_trial":false}