{"gold_per_floor":[112,62,137,66,78,78,106,106,106,119,137,171,187,207,207,328,328,341,341,341,441,356,391,406,421,472,472],"floor_reached":27,"playtime":2154,"items_purged":[],"score":255,"play_id":"c0f3e0e2-6aae-4970-b602-48ff4de4e9e4","local_time":"20181005201002","is_ascension_mode":true,"campfire_choices":[{"data":"Armaments","floor":6,"key":"SMITH"},{"floor":15,"key":"REST"}],"neow_cost":"NONE","seed_source_timestamp":1205185763135002,"circlet_count":0,"master_deck":["Strike_R+1","Strike_R+1","Strike_R+1","Strike_R+1","Defend_R+1","Defend_R+1","Defend_R+1","Defend_R+1","Bash+1","Headbutt","Metallicize","Armaments+1","Flame Barrier+1","Injury","Flex","Barricade+1","Anger","Battle Trance","Burning Pact+1","Dark Embrace+1","Metallicize+1","Iron Wave","Juggernaut+1","Pommel Strike","Thunderclap","Warcry+1","Shrug It Off"],"relics":["Burning Blood","Frozen Egg 2","Golden Idol","Matryoshka","Blue Candle","Orrery","Letter Opener","War Paint","Ancient Tea Set","Pen Nib"],"potions_floor_usage":[7,7,12,12,12,13,16,16,16,23,23,27],"damage_taken":[{"damage":1,"enemies":"Cultist","floor":1,"turns":3},{"damage":6,"enemies":"Jaw Worm","floor":5,"turns":3},{"damage":38,"enemies":"Gremlin Nob","floor":7,"turns":5},{"damage":0,"enemies":"Small Slimes","floor":10,"turns":3},{"damage":4,"enemies":"Looter","floor":11,"turns":4},{"damage":20,"enemies":"Lagavulin","floor":12,"turns":9},{"damage":16,"enemies":"Exordium Thugs","floor":13,"turns":4},{"damage":6,"enemies":"Blue Slaver","floor":14,"turns":3},{"damage":6,"enemies":"Slime Boss","floor":16,"turns":14},{"damage":11,"enemies":"Shell Parasite","floor":18,"turns":7},{"damage":45,"enemies":"Gremlin Leader","floor":23,"turns":9},{"damage":19,"enemies":"2 Thieves","floor":24,"turns":5},{"damage":12,"enemies":"Shelled Parasite and Fungi","floor":25,"turns":7},{"damage":18,"enemies":"Book of Stabbing","floor":27,"turns":4}],"seed_played":"2829942399307602452","potions_obtained":[{"floor":5,"key":"EntropicBrew"},{"floor":11,"key":"EntropicBrew"},{"floor":13,"key":"Poison Potion"},{"floor":16,"key":"EssenceOfSteel"},{"floor":18,"key":"Weak Potion"},{"floor":19,"key":"Dexterity Potion"},{"floor":19,"key":"Ancient Potion"},{"floor":25,"key":"LiquidBronze"}],"is_trial":false,"path_per_floor":["M","?","?","$","M","R","E","?","T","M","M","E","M","M","R","B",null,"M","?","?","?","?","E","M","M","T"],"character_chosen":"IRONCLAD","items_purchased":["Metallicize"],"campfire_rested":1,"item_purchase_floors":[4],"current_hp_per_floor":[80,80,69,69,69,69,37,37,37,43,45,31,21,21,45,45,80,75,75,75,75,75,36,23,17,17,0],"gold":472,"neow_bonus":"UPGRADE_CARD","is_prod":false,"is_daily":false,"chose_seed":false,"campfire_upgraded":1,"win_rate":0,"timestamp":1538784602,"path_taken":["M","?","?","$","?","R","E","?","T","?","?","E","M","M","R","BOSS","M","?","?","?","?","E","M","?","T","E"],"build_version":"2018-10-04","purchased_purges":0,"victory":false,"max_hp_per_floor":[80,80,80,80,80,80,80,80,80,80,80,80,80,80,80,80,80,80,80,80,80,80,80,80,80,80,80],"card_choices":[{"not_picked":["Thunderclap","Clothesline"],"picked":"Headbutt","floor":1},{"not_picked":["Uppercut","Seeing Red"],"picked":"Armaments","floor":5},{"not_picked":["Warcry","Fiend Fire"],"picked":"Flame Barrier","floor":7},{"not_picked":["Clash","True Grit"],"picked":"Flex","floor":10},{"not_picked":["Twin Strike","Anger"],"picked":"Barricade+1","floor":11},{"not_picked":["Power Through","Carnage"],"picked":"Anger","floor":12},{"not_picked":["Shockwave","Clothesline"],"picked":"Battle Trance","floor":13},{"not_picked":["Body Slam","Anger"],"picked":"Burning Pact","floor":14},{"not_picked":["Exhume","Offering"],"picked":"Dark Embrace+1","floor":16},{"not_picked":["Clash","Sword Boomerang"],"picked":"Metallicize+1","floor":17},{"not_picked":["Havoc","Spot Weakness"],"picked":"Iron Wave","floor":17},{"not_picked":["Headbutt","Body Slam"],"picked":"Juggernaut+1","floor":17},{"not_picked":["Clash","Twin Strike"],"picked":"Pommel Strike","floor":17},{"not_picked":["Sword Boomerang","Anger"],"picked":"Thunderclap","floor":17},{"not_picked":["Sever Soul","Iron Wave"],"picked":"Warcry+1","floor":18},{"not_picked":["Anger","Clash"],"picked":"Shrug It Off","floor":23},{"not_picked":["Anger","Thunderclap","Bludgeon"],"picked":"SKIP","floor":24},{"not_picked":["Clothesline","Flame Barrier","Thunderclap"],"picked":"SKIP","floor":25}],"player_experience":149960,"relics_obtained":[{"floor":7,"key":"Frozen Egg 2"},{"floor":9,"key":"Matryoshka"},{"floor":12,"key":"Blue Candle"},{"floor":23,"key":"War Paint"},{"floor":26,"key":"Ancient Tea Set"},{"floor":26,"key":"Pen Nib"}],"event_choices":[{"event_name":"The Cleric","player_choice":"Card Removal","floor":2,"damage_taken":0},{"event_name":"World of Goop","player_choice":"Gather Gold","floor":3,"damage_taken":0},{"event_name":"Golden Idol","player_choice":"Take Wound","floor":8,"damage_taken":0},{"event_name":"The Lab","player_choice":"Got Potions","floor":19,"damage_taken":0},{"event_name":"Back to Basics","player_choice":"Simplicity","floor":20,"damage_taken":0},{"event_name":"Golden Shrine","player_choice":"Pray","floor":21,"damage_taken":0},{"event_name":"Addict","player_choice":"Obtained Relic","floor":22,"damage_taken":0}],"is_beta":false,"boss_relics":[{"not_picked":["Runic Dome","Busted Crown"],"picked":"Orrery"}],"items_purged_floors":[],"is_endless":false,"potions_floor_spawned":[5,11,13,16,18,25],"killed_by":"Book of Stabbing","ascension_level":1}