{"gold_per_floor":[14,25,38,38,57,57,82,82,82,117,127,142,142,67,67,67],"floor_reached":16,"playtime":727,"items_purged":["Strike_R"],"score":218,"play_id":"f19825b0-042f-4b5f-9c6a-895f5e2ac993","local_time":"20190223204625","is_ascension_mode":true,"campfire_choices":[{"data":"Thunderclap","floor":6,"key":"SMITH"},{"floor":8,"key":"REST"},{"floor":15,"key":"REST"}],"neow_cost":"NO_GOLD","seed_source_timestamp":94324210454417,"circlet_count":0,"master_deck":["AscendersBane","Strike_R","Strike_R","Strike_R","Defend_R","Defend_R","Defend_R","Defend_R","Bash","Thunderclap+1","Cleave","Anger","Shrug It Off","Feed","Flex","Cleave","Dark Embrace","Thunderclap"],"relics":["Burning Blood","Bird Faced Urn","Thread and Needle","Matryoshka","Blue Candle"],"potions_floor_usage":[5,7,16,16],"damage_taken":[{"damage":4,"enemies":"2 Louse","floor":1,"turns":4},{"damage":1,"enemies":"Cultist","floor":2,"turns":3},{"damage":14,"enemies":"Jaw Worm","floor":3,"turns":5},{"damage":20,"enemies":"Gremlin Gang","floor":5,"turns":2},{"damage":15,"enemies":"3 Sentries","floor":7,"turns":4},{"damage":56,"enemies":"Lagavulin","floor":10,"turns":7},{"damage":0,"enemies":"2 Fungi Beasts","floor":11,"turns":2},{"damage":0,"enemies":"Looter","floor":12,"turns":2},{"damage":66,"enemies":"Slime Boss","floor":16,"turns":7}],"seed_played":"-3717582977671870443","potions_obtained":[{"floor":1,"key":"PowerPotion"},{"floor":2,"key":"FearPotion"},{"floor":5,"key":"Explosive Potion"},{"floor":12,"key":"Swift Potion"}],"is_trial":false,"path_per_floor":["M","M","M","?","M","R","E","R","T","E","M","M","?","$","R","B"],"character_chosen":"IRONCLAD","items_purchased":[],"campfire_rested":2,"item_purchase_floors":[],"current_hp_per_floor":[70,75,67,67,55,55,46,68,68,18,27,36,36,36,60,0],"gold":67,"neow_bonus":"ONE_RARE_RELIC","is_prod":false,"is_daily":false,"chose_seed":false,"campfire_upgraded":1,"win_rate":0,"timestamp":1550979985,"path_taken":["M","M","M","?","?","R","E","R","T","E","M","M","?","$","R","BOSS"],"build_version":"2019-01-23","purchased_purges":1,"victory":false,"max_hp_per_floor":[75,75,75,75,75,75,75,75,75,75,78,81,81,81,81,81],"card_choices":[{"not_picked":["Second Wind","Iron Wave"],"picked":"Thunderclap","floor":1},{"not_picked":["Perfected Strike","Clothesline"],"picked":"Cleave","floor":2},{"not_picked":["Heavy Blade","Wild Strike"],"picked":"Anger","floor":3},{"not_picked":["True Grit","Sword Boomerang"],"picked":"Shrug It Off","floor":5},{"not_picked":["Dropkick","Thunderclap"],"picked":"Feed","floor":7},{"not_picked":["True Grit","Heavy Blade"],"picked":"Flex","floor":10},{"not_picked":["Headbutt","True Grit"],"picked":"Cleave","floor":11},{"not_picked":["Clothesline","Twin Strike","Burning Pact"],"picked":"SKIP","floor":12}],"player_experience":1230390,"relics_obtained":[{"floor":7,"key":"Thread and Needle"},{"floor":9,"key":"Matryoshka"},{"floor":10,"key":"Blue Candle"}],"event_choices":[{"cards_removed":["Strike_R"],"damage_healed":0,"gold_gain":0,"player_choice":"Purged","damage_taken":0,"max_hp_gain":0,"max_hp_loss":0,"event_name":"Purifier","floor":4,"gold_loss":0},{"damage_healed":0,"gold_gain":0,"player_choice":"2 cards matched","damage_taken":0,"max_hp_gain":0,"max_hp_loss":0,"event_name":"Match and Keep!","floor":13,"gold_loss":0,"cards_obtained":["Dark Embrace","Thunderclap"]}],"is_beta":false,"boss_relics":[],"items_purged_floors":[14],"is_endless":false,"potions_floor_spawned":[1,2,5,12],"killed_by":"Slime Boss","ascension_level":19}