{"gold_per_floor":[110,121,46,46,46,46,57,85,138,213,213,233,233,251,251,324,324,335,114,114,114,124,124,124,124,195,195,195,195],"floor_reached":29,"playtime":1414,"items_purged":["Strike_R"],"score":416,"play_id":"0dffd807-2cdb-42a9-a81b-793ae8e9e8c8","local_time":"20190220233730","is_ascension_mode":true,"campfire_choices":[{"data":"Metallicize","floor":6,"key":"SMITH"},{"floor":11,"key":"REST"},{"data":"Body Slam","floor":13,"key":"SMITH"},{"floor":15,"key":"REST"},{"data":"Barricade","floor":23,"key":"SMITH"},{"data":"Iron Wave","floor":25,"key":"SMITH"},{"floor":27,"key":"REST"}],"neow_cost":"NONE","seed_source_timestamp":457860273864255,"circlet_count":0,"master_deck":["AscendersBane","Strike_R","Strike_R","Defend_R","Defend_R","Defend_R","Defend_R","Bash","Disarm","Dropkick","Metallicize+1","Flex","Body Slam+1","Iron Wave+1","Spot Weakness","Barricade+1","Pommel Strike+1","Impervious","Shrug It Off","Writhe"],"relics":["Burning Blood","Smiling Mask","Centennial Puzzle","Vajra","Velvet Choker","Nilry\u0027s Codex","Molten Egg 2","StoneCalendar"],"potions_floor_usage":[2,2,8,16,22,29],"damage_taken":[{"damage":8,"enemies":"Small Slimes","floor":1,"turns":6},{"damage":2,"enemies":"Jaw Worm","floor":2,"turns":4},{"damage":5,"enemies":"2 Louse","floor":7,"turns":4},{"damage":28,"enemies":"Gremlin Nob","floor":8,"turns":4},{"damage":2,"enemies":"2 Fungi Beasts","floor":12,"turns":4},{"damage":13,"enemies":"Gremlin Gang","floor":14,"turns":6},{"damage":27,"enemies":"Hexaghost","floor":16,"turns":9},{"damage":23,"enemies":"2 Thieves","floor":18,"turns":4},{"damage":11,"enemies":"Shell Parasite","floor":22,"turns":2},{"damage":62,"enemies":"Slavers","floor":29,"turns":6}],"seed_played":"6243955998681939046","potions_obtained":[{"floor":1,"key":"EntropicBrew"},{"floor":7,"key":"Dexterity Potion"},{"floor":16,"key":"Swift Potion"},{"floor":18,"key":"Strength Potion"}],"is_trial":false,"path_per_floor":["M","M","?","$","?","R","M","E","T","?","R","M","R","M","R","B",null,"M","$","?","?","M","R","?","R","T","R","?","E"],"character_chosen":"IRONCLAD","items_purchased":["Impervious"],"campfire_rested":3,"item_purchase_floors":[19],"current_hp_per_floor":[66,70,70,70,59,59,60,38,38,27,49,53,53,46,68,47,68,51,51,66,45,40,40,40,40,40,62,62,0],"gold":195,"neow_bonus":"TRANSFORM_CARD","is_prod":false,"is_daily":false,"chose_seed":false,"campfire_upgraded":4,"win_rate":0,"timestamp":1550731050,"path_taken":["M","M","?","$","?","R","M","E","T","?","R","M","R","M","R","BOSS","M","$","?","?","M","R","?","R","T","R","?","E"],"build_version":"2019-01-23","purchased_purges":1,"victory":false,"max_hp_per_floor":[75,75,75,75,75,75,75,75,75,75,75,75,75,75,75,75,75,75,75,75,75,75,75,75,75,75,75,75,75],"card_choices":[{"not_picked":["Pummel","Clash"],"picked":"Dropkick","floor":1},{"not_picked":["True Grit","Flex"],"picked":"Metallicize","floor":2},{"not_picked":["Disarm","Havoc"],"picked":"Flex","floor":7},{"not_picked":["Searing Blow","Anger"],"picked":"Body Slam","floor":8},{"not_picked":["Headbutt","Armaments"],"picked":"Iron Wave","floor":12},{"not_picked":["Feel No Pain","True Grit"],"picked":"Spot Weakness","floor":14},{"not_picked":["Fiend Fire","Double Tap"],"picked":"Barricade","floor":16},{"not_picked":["Inflame","Havoc"],"picked":"Pommel Strike+1","floor":18},{"not_picked":["Sword Boomerang","Feed"],"picked":"Shrug It Off","floor":22}],"player_experience":1189166,"relics_obtained":[{"floor":8,"key":"Centennial Puzzle"},{"floor":9,"key":"Vajra"},{"floor":21,"key":"Nilry\u0027s Codex"},{"floor":26,"key":"Molten Egg 2"}],"event_choices":[{"cards_removed":["Strike_R"],"damage_healed":0,"gold_gain":0,"player_choice":"Card Removal","damage_taken":0,"max_hp_gain":0,"max_hp_loss":0,"event_name":"The Cleric","floor":3,"gold_loss":75},{"damage_healed":0,"gold_gain":0,"player_choice":"Success","damage_taken":11,"relics_obtained":["Smiling Mask"],"max_hp_gain":0,"max_hp_loss":0,"event_name":"Scrap Ooze","floor":5,"gold_loss":0},{"damage_healed":0,"gold_gain":75,"player_choice":"Gather Gold","damage_taken":11,"max_hp_gain":0,"max_hp_loss":0,"event_name":"World of Goop","floor":10,"gold_loss":0},{"damage_healed":15,"gold_gain":0,"player_choice":"Heal","damage_taken":0,"max_hp_gain":0,"max_hp_loss":0,"event_name":"The Library","floor":20,"gold_loss":0},{"damage_healed":0,"gold_gain":0,"player_choice":"Obtained Book","damage_taken":21,"max_hp_gain":0,"max_hp_loss":0,"event_name":"Cursed Tome","floor":21,"gold_loss":0},{"damage_healed":0,"gold_gain":0,"player_choice":"Ignored","damage_taken":0,"max_hp_gain":0,"max_hp_loss":0,"event_name":"Vampires","floor":24,"gold_loss":0},{"damage_healed":0,"gold_gain":0,"player_choice":"Opened","damage_taken":0,"relics_obtained":["StoneCalendar"],"max_hp_gain":0,"max_hp_loss":0,"event_name":"The Mausoleum","floor":28,"gold_loss":0,"cards_obtained":["Writhe"]}],"is_beta":false,"boss_relics":[{"not_picked":["Eternal Feather","Orrery"],"picked":"Velvet Choker"}],"items_purged_floors":[19],"is_endless":false,"potions_floor_spawned":[1,7,16,18],"killed_by":"Slavers","ascension_level":18}