{"gold_per_floor":[112,92,102,118,13,13,41,41,41,67,67,84,98,117,117,191,191,202,217,235,235],"floor_reached":21,"playtime":1325,"items_purged":[],"score":367,"play_id":"321ba295-54d9-446c-aa3e-551e3f013eee","local_time":"20190217224904","is_ascension_mode":true,"campfire_choices":[{"data":"Second Wind","floor":6,"key":"SMITH"},{"data":"Wild Strike","floor":8,"key":"SMITH"},{"floor":11,"key":"REST"},{"data":"Infernal Blade","floor":15,"key":"SMITH"}],"neow_cost":"PERCENT_DAMAGE","seed_source_timestamp":195831466623538,"circlet_count":0,"master_deck":["AscendersBane","Bash","Warcry","Second Wind+1","Wild Strike+1","Discovery","Pummel","Inflame+1","Infernal Blade+1","Limit Break","Power Through","Dark Embrace+1","Sever Soul","Intimidate","Disarm","Sword Boomerang","Havoc","Sever Soul","Pummel","Wild Strike","Bludgeon","Clash+1","Warcry","Blood for Blood+1"],"relics":["Burning Blood","Charon\u0027s Ashes","Blood Vial","Frozen Egg 2","Paper Frog","Pandora\u0027s Box"],"potions_floor_usage":[10,12,16,18],"damage_taken":[{"damage":4,"enemies":"Small Slimes","floor":1,"turns":3},{"damage":2,"enemies":"Cultist","floor":3,"turns":4},{"damage":1,"enemies":"2 Louse","floor":4,"turns":2},{"damage":14,"enemies":"Gremlin Nob","floor":7,"turns":3},{"damage":26,"enemies":"Lagavulin","floor":10,"turns":4},{"damage":0,"enemies":"2 Fungi Beasts","floor":12,"turns":2},{"damage":20,"enemies":"Exordium Wildlife","floor":13,"turns":3},{"damage":14,"enemies":"Red Slaver","floor":14,"turns":2},{"damage":34,"enemies":"Hexaghost","floor":16,"turns":8},{"damage":9,"enemies":"Shell Parasite","floor":18,"turns":3},{"damage":28,"enemies":"2 Thieves","floor":19,"turns":4},{"damage":21,"enemies":"Shelled Parasite and Fungi","floor":20,"turns":2},{"damage":30,"enemies":"Snake Plant","floor":21,"turns":3}],"seed_played":"-3413464842707915693","potions_obtained":[{"floor":1,"key":"Explosive Potion"},{"floor":2,"key":"Swift Potion"},{"floor":13,"key":"AttackPotion"},{"floor":16,"key":"SteroidPotion"}],"is_trial":false,"path_per_floor":["M","?","M","M","$","R","E","R","T","E","R","M","M","M","R","B",null,"M","M","M","M"],"character_chosen":"IRONCLAD","items_purchased":["Discovery"],"campfire_rested":1,"item_purchase_floors":[5],"current_hp_per_floor":[52,52,56,61,61,61,53,53,53,35,57,65,53,47,47,21,62,61,41,28,0],"gold":235,"neow_bonus":"ONE_RARE_RELIC","is_prod":false,"is_daily":false,"chose_seed":false,"campfire_upgraded":3,"win_rate":0,"timestamp":1550468944,"path_taken":["M","?","?","M","$","R","E","R","T","E","R","M","M","?","R","BOSS","M","M","M","M"],"build_version":"2019-01-23","purchased_purges":0,"victory":false,"max_hp_per_floor":[75,75,75,75,75,75,75,75,75,75,75,75,75,75,75,75,75,75,75,75,75],"card_choices":[{"not_picked":["Rage","Clash"],"picked":"Warcry","floor":1},{"not_picked":["Carnage","Cleave"],"picked":"Second Wind","floor":3},{"not_picked":["Perfected Strike","Burning Pact"],"picked":"Wild Strike","floor":4},{"not_picked":["Twin Strike","Anger"],"picked":"Pummel","floor":7},{"not_picked":["Headbutt","Shrug It Off"],"picked":"Inflame+1","floor":10},{"not_picked":["Pommel Strike","Body Slam"],"picked":"Infernal Blade","floor":12},{"not_picked":["Sentinel","Rampage"],"picked":"Limit Break","floor":13},{"not_picked":["Rage","Ghostly Armor"],"picked":"Power Through","floor":14},{"not_picked":["Offering","Exhume"],"picked":"Dark Embrace+1","floor":16},{"not_picked":["Flex","Dual Wield"],"picked":"Clash+1","floor":18},{"not_picked":["Wild Strike","Bloodletting"],"picked":"Warcry","floor":19},{"not_picked":["Sword Boomerang","Uppercut"],"picked":"Blood for Blood+1","floor":20}],"player_experience":1147388,"relics_obtained":[{"floor":7,"key":"Blood Vial"},{"floor":9,"key":"Frozen Egg 2"},{"floor":10,"key":"Paper Frog"}],"event_choices":[{"damage_healed":0,"gold_gain":0,"player_choice":"Bought 1 Potion","damage_taken":0,"max_hp_gain":0,"max_hp_loss":0,"event_name":"The Woman in Blue","floor":2,"gold_loss":0}],"is_beta":false,"boss_relics":[{"not_picked":["Velvet Choker","White Beast Statue"],"picked":"Pandora\u0027s Box"}],"items_purged_floors":[],"is_endless":false,"potions_floor_spawned":[1,7,13,16],"killed_by":"Snake Plant","ascension_level":18}