{"gold_per_floor":[210,220,295,312,56,56,75,75,154,154,164,164,192,210,210,281,281,294,209,209,229,239,239,239,239,239,239,239,255,255,283,283,357,357,367,32,0,19,19,45,45,45,45,145,145,145,145,164,164,164],"floor_reached":51,"playtime":3961,"items_purged":[],"score":1058,"play_id":"e4033c19-afe7-48dc-92f7-4a73b9ae6622","local_time":"20190227001100","is_ascension_mode":true,"campfire_choices":[{"data":"Zap","floor":6,"key":"SMITH"},{"data":"Dualcast","floor":10,"key":"SMITH"},{"floor":12,"key":"REST"},{"data":"Coolheaded","floor":15,"key":"SMITH"},{"floor":23,"key":"REST"},{"data":"Creative AI","floor":25,"key":"SMITH"},{"data":"Doom and Gloom","floor":27,"key":"SMITH"},{"floor":32,"key":"REST"},{"data":"Defragment","floor":41,"key":"SMITH"},{"data":"Consume","floor":45,"key":"SMITH"},{"floor":47,"key":"REST"},{"data":"Strike_B+1","floor":49,"key":"PURGE"}],"neow_cost":"NONE","seed_source_timestamp":1050844556586233,"circlet_count":0,"master_deck":["AscendersBane","Strike_B+1","Strike_B+1","Defend_B+1","Defend_B+1","Defend_B+1","Zap+1","Dualcast+1","Glacier+1","Sweeping Beam","Leap","Ball Lightning","Coolheaded+1","Doom and Gloom+1","Genetic Algorithm","Creative AI+1","Coolheaded+1","Defragment+1","Consume+1","Ball Lightning"],"relics":["Cracked Core","Matryoshka","Regal Pillow","Sundial","Letter Opener","Busted Crown","Calipers","Juzu Bracelet","Bottled Flame","Meat on the Bone","Nuclear Battery","Mummified Hand","Red Mask","Omamori","Pear","Peace Pipe"],"potions_floor_usage":[13,16,22,50,50],"damage_taken":[{"damage":2,"enemies":"2 Louse","floor":1,"turns":3},{"damage":0,"enemies":"Small Slimes","floor":2,"turns":6},{"damage":1,"enemies":"Cultist","floor":4,"turns":3},{"damage":7,"enemies":"Large Slime","floor":7,"turns":6},{"damage":1,"enemies":"Looter","floor":11,"turns":3},{"damage":8,"enemies":"Lagavulin","floor":13,"turns":7},{"damage":8,"enemies":"3 Louse","floor":14,"turns":4},{"damage":27,"enemies":"Slime Boss","floor":16,"turns":8},{"damage":12,"enemies":"3 Byrds","floor":18,"turns":4},{"damage":22,"enemies":"Colosseum Slavers","floor":20,"turns":4},{"damage":1,"enemies":"2 Thieves","floor":21,"turns":4},{"damage":13,"enemies":"Cultist and Chosen","floor":22,"turns":7},{"damage":21,"enemies":"Snecko","floor":29,"turns":4},{"damage":13,"enemies":"Slavers","floor":31,"turns":5},{"damage":71,"enemies":"Collector","floor":33,"turns":14},{"damage":0,"enemies":"Orb Walker","floor":35,"turns":4},{"damage":2,"enemies":"3 Shapes","floor":38,"turns":4},{"damage":5,"enemies":"Reptomancer","floor":40,"turns":7},{"damage":9,"enemies":"Mind Bloom Boss Battle","floor":44,"turns":7},{"damage":4,"enemies":"Spire Growth","floor":48,"turns":7},{"damage":20,"enemies":"Awakened One","floor":50,"turns":22}],"seed_played":"4100274808412636121","potions_obtained":[{"floor":1,"key":"AttackPotion"},{"floor":2,"key":"SneckoOil"},{"floor":7,"key":"SkillPotion"},{"floor":14,"key":"Ancient Potion"},{"floor":22,"key":"SpeedPotion"},{"floor":33,"key":"Fire Potion"},{"floor":38,"key":"Fire Potion"},{"floor":44,"key":"Weak Potion"}],"is_trial":false,"path_per_floor":["M","M","?","M","$","R","M","?","T","R","M","R","E","M","R","B",null,"M","?","?","M","M","R","?","R","T","R","?","M","?","E","R","B",null,"M","$","?","M","?","E","R","$","T","?","R","?","R","M","R","B",null],"character_chosen":"DEFECT","items_purchased":["Matryoshka","Mummified Hand","Defragment"],"campfire_rested":4,"item_purchase_floors":[5,36,36],"current_hp_per_floor":[66,66,55,54,54,54,47,47,47,47,46,75,67,59,59,32,64,52,52,30,29,16,53,53,53,53,53,53,32,57,44,75,16,60,60,60,60,58,58,53,53,53,63,54,54,54,81,77,77,57],"gold":164,"neow_bonus":"HUNDRED_GOLD","is_prod":false,"is_daily":false,"chose_seed":false,"campfire_upgraded":7,"win_rate":0,"timestamp":1551247860,"path_taken":["M","M","?","M","$","R","M","?","T","R","M","R","E","?","R","BOSS","M","?","?","M","M","R","?","R","T","R","?","M","?","E","R","BOSS","M","$","?","M","?","E","R","$","T","?","R","?","R","M","R","BOSS"],"build_version":"2019-01-23","purchased_purges":0,"victory":true,"max_hp_per_floor":[75,75,75,75,75,75,75,75,75,75,75,75,75,75,75,75,75,75,75,75,75,75,75,75,75,75,75,75,75,75,75,75,75,75,75,75,75,75,75,75,75,75,85,85,85,81,81,81,81,81],"card_choices":[{"not_picked":["Genetic Algorithm","Coolheaded"],"picked":"Glacier","floor":1},{"not_picked":["Turbo","Sunder"],"picked":"Sweeping Beam","floor":2},{"not_picked":["FTL","Beam Cell"],"picked":"Leap","floor":4},{"not_picked":["Sweeping Beam","Coolheaded"],"picked":"Ball Lightning","floor":7},{"not_picked":["Steam","Sweeping Beam"],"picked":"Coolheaded","floor":11},{"not_picked":["Hyperbeam","Turbo"],"picked":"Doom and Gloom","floor":13},{"not_picked":["Tempest","Fusion"],"picked":"Genetic Algorithm","floor":14},{"not_picked":["Rainbow","Reboot"],"picked":"Creative AI","floor":16},{"not_picked":[],"picked":"Coolheaded+1","floor":18},{"not_picked":["Go for the Eyes"],"picked":"SKIP","floor":21},{"not_picked":["Hello World"],"picked":"SKIP","floor":22},{"not_picked":["Turbo"],"picked":"SKIP","floor":29},{"not_picked":["Stack"],"picked":"SKIP","floor":31},{"not_picked":["Coolheaded"],"picked":"SKIP","floor":35},{"not_picked":[],"picked":"Consume","floor":38},{"not_picked":["Melter+1"],"picked":"SKIP","floor":40},{"not_picked":[],"picked":"Ball Lightning","floor":48}],"player_experience":523180,"relics_obtained":[{"floor":9,"key":"Regal Pillow"},{"floor":9,"key":"Sundial"},{"floor":13,"key":"Letter Opener"},{"floor":26,"key":"Juzu Bracelet"},{"floor":26,"key":"Bottled Flame"},{"floor":31,"key":"Meat on the Bone"},{"floor":40,"key":"Omamori"},{"floor":43,"key":"Pear"},{"floor":44,"key":"Peace Pipe"}],"event_choices":[{"damage_healed":0,"gold_gain":75,"player_choice":"Gather Gold","damage_taken":11,"max_hp_gain":0,"max_hp_loss":0,"event_name":"World of Goop","floor":3,"gold_loss":0},{"cards_removed":["Strike_B"],"damage_healed":0,"gold_gain":0,"player_choice":"Card Removal","damage_taken":0,"max_hp_gain":0,"max_hp_loss":0,"event_name":"Wheel of Change","floor":8,"gold_loss":0},{"damage_healed":0,"gold_gain":0,"player_choice":"Obtained Relic","damage_taken":0,"relics_obtained":["Calipers"],"max_hp_gain":0,"max_hp_loss":0,"event_name":"Addict","floor":19,"gold_loss":85},{"damage_healed":0,"gold_gain":0,"player_choice":"Fight","damage_taken":0,"max_hp_gain":0,"max_hp_loss":0,"event_name":"Colosseum","floor":20,"gold_loss":0},{"damage_healed":0,"gold_gain":0,"player_choice":"Fled From Nobs","damage_taken":0,"max_hp_gain":0,"max_hp_loss":0,"event_name":"Colosseum","floor":20,"gold_loss":0},{"damage_healed":0,"gold_gain":0,"player_choice":"Simplicity","damage_taken":0,"max_hp_gain":0,"max_hp_loss":0,"event_name":"Back to Basics","floor":24,"gold_loss":0,"cards_upgraded":["Strike_B","Strike_B","Strike_B","Defend_B","Defend_B","Defend_B","Defend_B"]},{"damage_healed":0,"gold_gain":0,"player_choice":"Forge","damage_taken":0,"max_hp_gain":0,"max_hp_loss":0,"event_name":"Accursed Blacksmith","floor":28,"gold_loss":0,"cards_upgraded":["Glacier"]},{"damage_healed":25,"gold_gain":0,"player_choice":"Heal","damage_taken":0,"max_hp_gain":0,"max_hp_loss":0,"event_name":"The Library","floor":30,"gold_loss":0},{"damage_healed":0,"gold_gain":0,"player_choice":"Paid","damage_taken":0,"relics_obtained":["Red Mask"],"max_hp_gain":0,"max_hp_loss":0,"event_name":"Tomb of Lord Red Mask","floor":37,"gold_loss":32},{"cards_removed":["Defend_B"],"damage_healed":0,"gold_gain":0,"player_choice":"Removed Skill","damage_taken":0,"max_hp_gain":0,"max_hp_loss":0,"event_name":"Falling","floor":39,"gold_loss":0},{"damage_healed":0,"gold_gain":0,"player_choice":"Fight","damage_taken":0,"max_hp_gain":0,"max_hp_loss":0,"event_name":"MindBloom","floor":44,"gold_loss":0},{"damage_healed":0,"gold_gain":0,"player_choice":"Max HP","damage_taken":0,"max_hp_gain":0,"max_hp_loss":4,"event_name":"Winding Halls","floor":46,"gold_loss":0}],"is_beta":false,"boss_relics":[{"not_picked":["Calling Bell","Black Star"],"picked":"Busted Crown"},{"not_picked":["Philosopher\u0027s Stone","Cursed Key"],"picked":"Nuclear Battery"}],"items_purged_floors":[],"is_endless":false,"potions_floor_spawned":[1,2,7,14,22,33,38,40,44,48],"ascension_level":13}