{"gold_per_floor":[114,129,140,59,79,113,38,38,61,61,96,116,116,126,126,221,221,221,221,73,73,73,73,73,73,73,73,73,73,73,73,73,73],"floor_reached":33,"playtime":2445,"items_purged":["Strike_R"],"score":374,"play_id":"ae05d907-c055-49a1-bd70-7f7a7191c859","local_time":"20190314202613","is_ascension_mode":true,"campfire_choices":[{"floor":8.0,"key":"REST"},{"data":"True Grit","floor":10.0,"key":"SMITH"},{"floor":13.0,"key":"REST"},{"data":"Ghostly Armor","floor":15.0,"key":"SMITH"},{"floor":24,"key":"REST"},{"floor":32,"key":"REST"}],"neow_cost":"TEN_PERCENT_HP_LOSS","seed_source_timestamp":153272913550337,"circlet_count":0,"master_deck":["Strike_R+1","Strike_R+1","Strike_R+1","Strike_R+1","Defend_R+1","Defend_R+1","Defend_R+1","Defend_R+1","Bash","Barricade","Feel No Pain","True Grit+1","Shockwave","Disarm","Headbutt","True Grit","Iron Wave","Headbutt","Ghostly Armor+1","Double Tap","Body Slam","Sentinel+1","Uppercut","Body Slam","Panacea","Clothesline+1","Headbutt","Shockwave","True Grit","Spot Weakness"],"special_seed":0,"relics":["Burning Blood","Regal Pillow","Bronze Scales","Strawberry","Ectoplasm","PreservedInsect","Vajra","Pear","Juzu Bracelet"],"potions_floor_usage":[23,29,29,30,30,33],"damage_taken":[{"damage":14.0,"enemies":"Small Slimes","floor":1.0,"turns":5.0},{"damage":10.0,"enemies":"Cultist","floor":2.0,"turns":5.0},{"damage":12.0,"enemies":"2 Louse","floor":3.0,"turns":3.0},{"damage":17.0,"enemies":"Blue Slaver","floor":5.0,"turns":5.0},{"damage":32.0,"enemies":"Lagavulin","floor":6.0,"turns":12.0},{"damage":49.0,"enemies":"Gremlin Nob","floor":11.0,"turns":5.0},{"damage":9.0,"enemies":"Exordium Thugs","floor":12.0,"turns":8.0},{"damage":13.0,"enemies":"Gremlin Gang","floor":14.0,"turns":5.0},{"damage":4.0,"enemies":"Hexaghost","floor":16.0,"turns":17.0},{"damage":0.0,"enemies":"Shell Parasite","floor":18.0,"turns":7.0},{"damage":0,"enemies":"3 Byrds","floor":19,"turns":4},{"damage":38,"enemies":"Snecko","floor":21,"turns":7},{"damage":28,"enemies":"Book of Stabbing","floor":23,"turns":4},{"damage":21,"enemies":"3 Cultists","floor":25,"turns":6},{"damage":14,"enemies":"Centurion and Healer","floor":27,"turns":7},{"damage":23,"enemies":"Slavers","floor":29,"turns":5},{"damage":13,"enemies":"Snake Plant","floor":30,"turns":3},{"damage":67,"enemies":"Automaton","floor":33,"turns":8}],"seed_played":"5216730621111054003","potions_obtained":[{"floor":1.0,"key":"FearPotion"},{"floor":3.0,"key":"Dexterity Potion"},{"floor":6.0,"key":"FearPotion"},{"floor":11.0,"key":"Block Potion"},{"floor":16.0,"key":"PowerPotion"},{"floor":25,"key":"EntropicBrew"}],"is_trial":false,"path_per_floor":["M","M","M","$","M","E","$","R","T","R","E","M","R","M","R","B",null,"M","M","$","M","?","E","R","M","T","M","?","E","M","?","R","B"],"character_chosen":"IRONCLAD","items_purchased":["Disarm","PreservedInsect"],"campfire_rested":4,"item_purchase_floors":[4,20],"current_hp_per_floor":[64,60,54,54,43,17,17,53,53,53,17,14,52,45,45,47,71,77,79,79,47,47,25,63,48,58,50,50,33,26,26,67,0],"gold":73,"neow_bonus":"THREE_RARE_CARDS","is_prod":false,"is_daily":false,"chose_seed":false,"campfire_upgraded":2,"win_rate":0,"timestamp":1552616773,"path_taken":["M","M","M","$","M","E","$","R","T","R","E","M","R","M","R","BOSS","M","M","$","M","?","E","R","M","T","?","?","E","M","?","R","BOSS"],"build_version":"2019-01-23","purchased_purges":1,"victory":false,"max_hp_per_floor":[72,72,72,72,72,72,72,72,72,72,79,79,79,79,79,79,79,79,79,79,79,79,79,79,79,89,89,89,89,89,89,89,89],"card_choices":[{"not_picked":["Limit Break","Berserk"],"picked":"Barricade","floor":0.0},{"not_picked":["Whirlwind","Evolve"],"picked":"Feel No Pain","floor":1.0},{"not_picked":["Headbutt","Body Slam"],"picked":"True Grit","floor":2.0},{"not_picked":["Shrug It Off","Feel No Pain"],"picked":"Shockwave","floor":3.0},{"not_picked":["Twin Strike","Thunderclap"],"picked":"Headbutt","floor":5.0},{"not_picked":["Bludgeon","Cleave"],"picked":"True Grit","floor":6.0},{"not_picked":["Dual Wield","Clothesline"],"picked":"Iron Wave","floor":11.0},{"not_picked":["Anger","Rupture"],"picked":"Headbutt","floor":12.0},{"not_picked":["Warcry","Headbutt"],"picked":"Ghostly Armor","floor":14.0},{"not_picked":["Barricade","Exhume"],"picked":"Double Tap","floor":16.0},{"not_picked":["Iron Wave","Thunderclap"],"picked":"Body Slam","floor":18.0},{"not_picked":["Iron Wave","Reckless Charge"],"picked":"Sentinel+1","floor":19},{"not_picked":["Sword Boomerang","Wild Strike"],"picked":"Uppercut","floor":21},{"not_picked":["Dark Embrace","Heavy Blade"],"picked":"Clothesline+1","floor":23},{"not_picked":["Hemokinesis","Blood for Blood"],"picked":"Headbutt","floor":25},{"not_picked":["Twin Strike","Evolve+1"],"picked":"Shockwave","floor":27},{"not_picked":["Reckless Charge","Sword Boomerang"],"picked":"True Grit","floor":29},{"not_picked":["Barricade","Clash"],"picked":"Spot Weakness","floor":30}],"player_experience":85607,"relics_obtained":[{"floor":6.0,"key":"Regal Pillow"},{"floor":9.0,"key":"Bronze Scales"},{"floor":11.0,"key":"Strawberry"},{"floor":23,"key":"Vajra"},{"floor":26,"key":"Pear"},{"floor":29,"key":"Juzu Bracelet"}],"event_choices":[{"damage_healed":0,"gold_gain":0,"player_choice":"2 cards matched","damage_taken":0,"max_hp_gain":0,"max_hp_loss":0,"event_name":"Match and Keep!","floor":22,"gold_loss":0,"cards_obtained":["Body Slam","Panacea"]},{"damage_healed":0,"gold_gain":0,"player_choice":"Simplicity","damage_taken":0,"max_hp_gain":0,"max_hp_loss":0,"event_name":"Back to Basics","floor":28,"gold_loss":0,"cards_upgraded":["Strike_R","Strike_R","Strike_R","Strike_R","Defend_R","Defend_R","Defend_R","Defend_R"]},{"damage_healed":0,"gold_gain":0,"player_choice":"Ignored","damage_taken":0,"max_hp_gain":0,"max_hp_loss":0,"event_name":"Vampires","floor":31,"gold_loss":0}],"is_beta":false,"boss_relics":[{"not_picked":["Calling Bell","Tiny House"],"picked":"Ectoplasm"}],"items_purged_floors":[7],"is_endless":false,"potions_floor_spawned":[1,3,6,11,16,21,25,27],"killed_by":"Automaton","ascension_level":5}