{"gold_per_floor":[109,109,125,125,139,139,214,139,185,214,214,226,226],"floor_reached":13,"playtime":668,"items_purged":["Regret"],"score":83,"play_id":"ca2e8734-299a-451a-8df2-9c9cae5f4000","local_time":"20190125084501","is_ascension_mode":false,"campfire_choices":[{"data":"Zap","floor":6,"key":"SMITH"},{"floor":11,"key":"REST"}],"neow_cost":"PERCENT_DAMAGE","seed_source_timestamp":572270342880457,"circlet_count":0,"master_deck":["Strike_B","Strike_B","Defend_B","Defend_B","Defend_B","Defend_B","Zap+1","Dualcast","White Noise","Defragment","Capacitor","Double Energy","Tempest","Force Field","Steam Power","Seek"],"relics":["Cracked Core","WingedGreaves","Dream Catcher","Potion Belt","Shuriken"],"potions_floor_usage":[],"damage_taken":[{"damage":0,"enemies":"Small Slimes","floor":1,"turns":3},{"damage":0,"enemies":"Cultist","floor":3,"turns":2},{"damage":8,"enemies":"Jaw Worm","floor":5,"turns":3},{"damage":32,"enemies":"Gremlin Nob","floor":10,"turns":4},{"damage":6,"enemies":"Red Slaver","floor":12,"turns":4},{"damage":7,"enemies":"2 Fungi Beasts","floor":13,"turns":2}],"seed_played":"8149233343007433840","potions_obtained":[{"floor":1,"key":"FocusPotion"},{"floor":5,"key":"LiquidBronze"}],"is_trial":false,"path_per_floor":["M","?","M","?","M","R","?","$","T","E","R","M","M"],"character_chosen":"DEFECT","items_purchased":[],"campfire_rested":1,"item_purchase_floors":[],"current_hp_per_floor":[54,54,54,54,46,46,35,35,35,3,25,19,12],"gold":226,"neow_bonus":"TRANSFORM_TWO_CARDS","is_prod":false,"is_daily":false,"chose_seed":false,"campfire_upgraded":1,"win_rate":0,"timestamp":1548431101,"path_taken":["M","?","M","?","?","R","?","?","T","E","R","M","?"],"build_version":"2019-01-23","purchased_purges":1,"victory":false,"max_hp_per_floor":[75,75,75,75,75,75,75,75,75,75,75,75,75],"card_choices":[{"not_picked":["Cold Snap","Defragment"],"picked":"Capacitor","floor":1},{"not_picked":["Stack","Turbo"],"picked":"Double Energy","floor":3},{"not_picked":["Auto Shields","Leap"],"picked":"Tempest","floor":5},{"not_picked":["Capacitor","Reprogram"],"picked":"Force Field","floor":10},{"not_picked":["Doom and Gloom","Redo"],"picked":"Steam Power","floor":11},{"not_picked":["Turbo","Barrage"],"picked":"Seek","floor":12}],"player_experience":474295,"relics_obtained":[{"floor":9,"key":"Potion Belt"},{"floor":10,"key":"Shuriken"}],"event_choices":[{"damage_healed":0,"gold_gain":0,"player_choice":"Box","damage_taken":0,"relics_obtained":["WingedGreaves"],"max_hp_gain":0,"max_hp_loss":0,"event_name":"Big Fish","floor":2,"gold_loss":0,"cards_obtained":["Regret"]},{"damage_healed":0,"gold_gain":0,"player_choice":"Gave Potion","damage_taken":0,"relics_obtained":["Dream Catcher"],"max_hp_gain":0,"max_hp_loss":0,"event_name":"WeMeetAgain","floor":4,"gold_loss":0},{"damage_healed":0,"gold_gain":75,"player_choice":"Gather Gold","damage_taken":11,"max_hp_gain":0,"max_hp_loss":0,"event_name":"World of Goop","floor":7,"gold_loss":0}],"is_beta":false,"boss_relics":[],"items_purged_floors":[8],"is_endless":false,"potions_floor_spawned":[1,5],"killed_by":"2 Fungi Beasts","ascension_level":0}