{"path_per_floor":["M","M","?","?","$","E","R","M","T","E","M","R","M","E","R","B",null,"M","$","?","M","M","R","T","R","T","?","M","E","M","E","R","B",null,"M","?","?","M","?","E","M","R","T","E","M","R","M","M","R","B"],"character_chosen":"DEFECT","items_purchased":["Genetic Algorithm"],"gold_per_floor":[114,127,127,127,17,58,58,79,79,118,143,143,166,205,205,333,333,347,247,247,265,278,278,301,301,377,292,313,349,364,408,408,529,529,549,549,549,568,568,608,622,622,622,665,681,681,700,715,715,715],"floor_reached":51,"campfire_rested":6,"playtime":4210,"current_hp_per_floor":[68,68,68,50,50,50,50,50,50,60,56,56,55,43,68,62,79,65,65,65,40,40,40,40,65,65,65,65,62,45,11,36,15,68,68,68,58,57,46,38,33,62,62,62,64,93,86,93,99,55],"items_purged":["Strike_B","Strike_B"],"gold":715,"score":1055,"play_id":"81e66153-6872-4fbb-973d-05c5637fe4ef","local_time":"20180515224104","is_prod":false,"is_daily":false,"chose_seed":false,"is_ascension_mode":true,"campfire_upgraded":3,"timestamp":1526445664,"path_taken":["M","M","?","?","$","E","R","M","T","E","M","R","M","E","R","BOSS","M","$","?","M","?","R","?","R","T","?","M","E","M","E","R","BOSS","M","?","?","M","?","E","M","R","T","E","M","R","?","M","R","BOSS"],"build_version":"2018-05-14v2","seed_source_timestamp":521630284530926,"purchased_purges":2,"victory":true,"master_deck":["Strike_B","Defend_B","Defend_B","Defend_B","Defend_B","Zap","Dualcast","Glacier","Go for the Eyes","Genetic Algorithm+1","White Noise","Blizzard+1","Electrodynamics","Streamline+1","Glacier","Thunder Strike+1","Cold Snap+1","Recycle+1","Sweeping Beam","Storm","Meteor Strike","Buffer","Rebound","Magnetism","Sadistic Nature","Swift Strike","Madness","Madness","Buffer","Ball Lightning+1","Self Repair","Capacitor"],"max_hp_per_floor":[75,75,75,75,75,75,75,75,75,85,85,85,85,85,85,85,85,85,85,85,85,85,85,85,85,85,85,85,85,85,85,85,85,85,85,85,85,85,85,99,99,99,99,99,99,99,99,99,99,99],"relics":["Cracked Core","NeowsBlessing","Golden Idol","Turnip","Ice Cream","Pear","Ancient Tea Set","Sozu","Whetstone","Gremlin Horn","Dodecahedron","Unceasing Top","Thread and Needle","Black Star","Calipers","Mango","DataDisk","Ginger","Emotion Chip"],"card_choices":[{"not_picked":["Aggregate","Steam"],"picked":"Glacier","floor":1},{"not_picked":["Steam","Reprogram"],"picked":"Go for the Eyes","floor":2},{"not_picked":["Consume","Rebound"],"picked":"White Noise","floor":6},{"not_picked":["Doom and Gloom","Cold Snap"],"picked":"Blizzard","floor":8},{"not_picked":["Axe Kick","Blizzard"],"picked":"Electrodynamics","floor":10},{"not_picked":["Darkness","Skim"],"picked":"Streamline","floor":11},{"not_picked":["Reprogram","Axe Kick"],"picked":"Glacier","floor":13},{"not_picked":["Steam","Reprogram","Hello World"],"picked":"SKIP","floor":14},{"not_picked":["Echo Form","Reboot"],"picked":"Thunder Strike","floor":16},{"not_picked":["Turbo+1","Stack"],"picked":"Cold Snap","floor":18},{"not_picked":["Consume","Sunder+1","Axe Kick"],"picked":"SKIP","floor":21},{"not_picked":["Force Field","Auto Shields"],"picked":"Recycle+1","floor":22},{"not_picked":["Hello World","Go for the Eyes"],"picked":"Sweeping Beam","floor":28},{"not_picked":["Turbo","Darkness"],"picked":"Storm","floor":29},{"not_picked":["Axe Kick","Skim","Steam Power"],"picked":"SKIP","floor":30},{"not_picked":["Turbo","Beam Cell+1"],"picked":"Meteor Strike","floor":31},{"not_picked":["Reboot","Fusion"],"picked":"Buffer","floor":33},{"not_picked":["Axe Kick+1","Steam+1"],"picked":"Rebound","floor":35},{"not_picked":["Deep Breath","Enlightenment"],"picked":"Magnetism","floor":37},{"not_picked":["Flash of Steel","Swift Strike"],"picked":"Sadistic Nature","floor":37},{"not_picked":["Dramatic Entrance","Transmutation"],"picked":"Swift Strike","floor":37},{"not_picked":["Axe Kick","Aggregate+1","Turbo"],"picked":"SKIP","floor":38},{"not_picked":["Go for the Eyes","Capacitor+1"],"picked":"Buffer","floor":40},{"not_picked":["Consume","Rebound+1"],"picked":"Ball Lightning+1","floor":41},{"not_picked":["Cold Snap","Stack"],"picked":"Self Repair","floor":44},{"not_picked":["Turbo+1","Rainbow","Streamline"],"picked":"SKIP","floor":45},{"not_picked":["Recycle","Hologram+1"],"picked":"Capacitor","floor":47},{"not_picked":["Nova","Streamline","Axe Kick"],"picked":"SKIP","floor":48}],"player_experience":127191,"potions_floor_usage":[8,10,14,16,16,16,16,18,29,31],"damage_taken":[{"damage":0,"enemies":"Jaw Worm","floor":1,"turns":1},{"damage":0,"enemies":"Cultist","floor":2,"turns":1},{"damage":0,"enemies":"Lagavulin","floor":6,"turns":1},{"damage":0,"enemies":"Small Slimes","floor":8,"turns":2},{"damage":0,"enemies":"3 Sentries","floor":10,"turns":8},{"damage":4,"enemies":"2 Fungi Beasts","floor":11,"turns":5},{"damage":1,"enemies":"Red Slaver","floor":13,"turns":4},{"damage":12,"enemies":"Lagavulin","floor":14,"turns":5},{"damage":6,"enemies":"Hexaghost","floor":16,"turns":15},{"damage":14,"enemies":"2 Thieves","floor":18,"turns":5},{"damage":25,"enemies":"Chosen","floor":21,"turns":6},{"damage":0,"enemies":"Centurion and Healer","floor":22,"turns":8},{"damage":0,"enemies":"Snake Plant","floor":28,"turns":5},{"damage":3,"enemies":"Gremlin Leader","floor":29,"turns":7},{"damage":17,"enemies":"Snecko","floor":30,"turns":4},{"damage":41,"enemies":"Slavers","floor":31,"turns":6},{"damage":21,"enemies":"Automaton","floor":33,"turns":11},{"damage":0,"enemies":"Orb Walker","floor":35,"turns":6},{"damage":1,"enemies":"3 Darklings","floor":38,"turns":5},{"damage":22,"enemies":"Giant Head","floor":40,"turns":10},{"damage":5,"enemies":"Flame Bruiser 2 Orb","floor":41,"turns":4},{"damage":0,"enemies":"2 Orb Walkers","floor":44,"turns":3},{"damage":5,"enemies":"Spire Growth","floor":45,"turns":6},{"damage":14,"enemies":"4 Shapes","floor":47,"turns":4},{"damage":0,"enemies":"Maw","floor":48,"turns":7},{"damage":51,"enemies":"Time Eater","floor":50,"turns":10}],"relics_obtained":[{"floor":6,"key":"Turnip"},{"floor":9,"key":"Ice Cream"},{"floor":10,"key":"Pear"},{"floor":14,"key":"Ancient Tea Set"},{"floor":24,"key":"Whetstone"},{"floor":26,"key":"Gremlin Horn"},{"floor":29,"key":"Unceasing Top"},{"floor":31,"key":"Thread and Needle"},{"floor":40,"key":"Calipers"},{"floor":40,"key":"Mango"},{"floor":43,"key":"DataDisk"},{"floor":44,"key":"Ginger"},{"floor":44,"key":"Emotion Chip"}],"event_choices":[{"event_name":"The Lab","player_choice":"Got Potions","floor":3,"damage_taken":0},{"event_name":"Golden Idol","player_choice":"Take Damage","floor":4,"damage_taken":0},{"event_name":"Bonfire Elementals","player_choice":"BASIC","floor":20,"damage_taken":0},{"event_name":"Addict","player_choice":"Obtained Relic","floor":27,"damage_taken":0},{"event_name":"SecretPortal","player_choice":"Rejected Portal.","floor":36,"damage_taken":0},{"event_name":"SensoryStone","player_choice":"Memory 3","floor":37,"damage_taken":0},{"event_name":"Winding Halls","player_choice":"Embrace Madness","floor":39,"damage_taken":0}],"boss_relics":[{"not_picked":["Calling Bell","Cursed Key"],"picked":"Sozu"},{"not_picked":["Runic Dome","Orrery"],"picked":"Black Star"}],"potions_floor_spawned":[1,8,11,13,14,16,22,28,31,40,44,45],"seed_played":"-2439658429748724347","ascension_level":6,"potions_obtained":[{"floor":1,"key":"Explosive Potion"},{"floor":3,"key":"EntropicBrew"},{"floor":3,"key":"AttackPotion"},{"floor":8,"key":"EssenceOfSteel"},{"floor":11,"key":"PowerPotion"},{"floor":13,"key":"Block Potion"},{"floor":14,"key":"Weak Potion"},{"floor":16,"key":"Strength Potion"}],"is_trial":false}