{"gold_per_floor":[114,129,129,146,146,146,178,188,188,30,105,5,39,64,64,138,138,149,24,42,42,55,55,67,83,165,165],"floor_reached":27,"playtime":1398,"items_purged":["Strike_R","Bash","Strike_R"],"score":413,"play_id":"85edf367-f1e9-4177-9fff-4b03e6bf3e6b","local_time":"20190217002853","is_ascension_mode":true,"campfire_choices":[{"floor":6,"key":"REST"},{"floor":15,"key":"REST"},{"floor":23,"key":"REST"}],"neow_cost":"CURSE","seed_source_timestamp":115360416062799,"circlet_count":0,"master_deck":["AscendersBane","Strike_R","Strike_R+1","Defend_R","Defend_R","Defend_R","Defend_R+1","Entrench","Pommel Strike","Carnage","Demon Form","Cleave","Rage","Fiend Fire","Impervious","Corruption","Shrug It Off","Evolve","Wild Strike","Dark Embrace"],"relics":["Burning Blood","Torii","Happy Flower","Pen Nib","Gremlin Horn","Fusion Hammer","Shuriken"],"potions_floor_usage":[13,13,16,24,25],"damage_taken":[{"damage":13,"enemies":"2 Louse","floor":1,"turns":3},{"damage":15,"enemies":"Small Slimes","floor":2,"turns":4},{"damage":0,"enemies":"Cultist","floor":4,"turns":3},{"damage":15,"enemies":"3 Sentries","floor":7,"turns":8},{"damage":1,"enemies":"2 Fungi Beasts","floor":8,"turns":4},{"damage":31,"enemies":"Lagavulin","floor":13,"turns":6},{"damage":19,"enemies":"Hexaghost","floor":16,"turns":9},{"damage":7,"enemies":"Spheric Guardian","floor":18,"turns":5},{"damage":23,"enemies":"Chosen","floor":20,"turns":5},{"damage":21,"enemies":"Centurion and Healer","floor":22,"turns":5},{"damage":7,"enemies":"Snake Plant","floor":24,"turns":4},{"damage":28,"enemies":"Snecko","floor":25,"turns":6},{"damage":35,"enemies":"3 Cultists","floor":27,"turns":3}],"seed_played":"2305944355161465845","potions_obtained":[{"floor":1,"key":"GamblersBrew"},{"floor":8,"key":"Fire Potion"},{"floor":13,"key":"LiquidBronze"},{"floor":16,"key":"Weak Potion"},{"floor":22,"key":"Weak Potion"}],"is_trial":false,"path_per_floor":["M","M","?","M","?","R","E","M","T","$","?","$","E","T","R","B",null,"M","$","M","?","M","R","M","M","T","M"],"character_chosen":"IRONCLAD","items_purchased":["Rage"],"campfire_rested":3,"item_purchase_floors":[10],"current_hp_per_floor":[61,52,29,35,35,57,48,53,53,53,42,42,17,17,39,26,63,62,62,45,45,30,52,51,29,29,0],"gold":165,"neow_bonus":"ONE_RARE_RELIC","is_prod":false,"is_daily":false,"chose_seed":false,"campfire_upgraded":0,"win_rate":0,"timestamp":1550388533,"path_taken":["M","M","?","M","?","R","E","M","T","$","?","$","E","?","R","BOSS","M","$","M","?","?","R","M","M","T","M"],"build_version":"2019-01-23","purchased_purges":3,"victory":false,"max_hp_per_floor":[75,75,75,75,75,75,75,75,75,75,75,75,75,75,75,75,75,75,75,75,75,75,75,75,75,75,75],"card_choices":[{"not_picked":["Warcry","Armaments"],"picked":"Entrench","floor":1},{"not_picked":["Heavy Blade","Battle Trance"],"picked":"Pommel Strike","floor":2},{"not_picked":["Sentinel","Headbutt"],"picked":"Carnage","floor":4},{"not_picked":["Bloodletting","Perfected Strike"],"picked":"Demon Form","floor":7},{"not_picked":["Pommel Strike","Headbutt"],"picked":"Cleave","floor":8},{"not_picked":["Clothesline","Wild Strike"],"picked":"Fiend Fire","floor":13},{"not_picked":["Double Tap","Fiend Fire"],"picked":"Impervious","floor":16},{"not_picked":["True Grit","Rampage","Perfected Strike+1"],"picked":"SKIP","floor":18},{"not_picked":["Cleave","Uppercut"],"picked":"Corruption","floor":20},{"not_picked":["Headbutt","Battle Trance+1"],"picked":"Evolve","floor":22},{"not_picked":["Second Wind","Anger"],"picked":"Wild Strike","floor":24},{"not_picked":["Fire Breathing","True Grit"],"picked":"Dark Embrace","floor":25}],"player_experience":1124841,"relics_obtained":[{"floor":7,"key":"Happy Flower"},{"floor":9,"key":"Pen Nib"},{"floor":13,"key":"Gremlin Horn"},{"floor":26,"key":"Shuriken"}],"event_choices":[{"damage_healed":0,"gold_gain":0,"player_choice":"Entered Light","damage_taken":23,"max_hp_gain":0,"max_hp_loss":0,"event_name":"Shining Light","floor":3,"gold_loss":0,"cards_upgraded":["Strike_R","Defend_R"]},{"cards_removed":["Normality"],"damage_healed":0,"gold_gain":0,"player_choice":"Forget","damage_taken":0,"max_hp_gain":0,"max_hp_loss":0,"event_name":"Living Wall","floor":5,"gold_loss":0},{"damage_healed":0,"gold_gain":75,"player_choice":"Gather Gold","damage_taken":11,"max_hp_gain":0,"max_hp_loss":0,"event_name":"World of Goop","floor":11,"gold_loss":0},{"damage_healed":0,"gold_gain":0,"cards_transformed":["Strike_R"],"player_choice":"Transformed","damage_taken":0,"max_hp_gain":0,"max_hp_loss":0,"event_name":"Transmorgrifier","floor":21,"gold_loss":0,"cards_obtained":["Shrug It Off"]}],"is_beta":false,"boss_relics":[{"not_picked":["Orrery","Snecko Eye"],"picked":"Fusion Hammer"}],"items_purged_floors":[10,12,19],"is_endless":false,"potions_floor_spawned":[1,8,13,16,22],"killed_by":"3 Cultists","ascension_level":17}