{"gold_per_floor":[20,20,95,108,108,108,128,141,198,212,243,243,243,277,277,372,372,382,105,123,73,87,87,119,119,119,41,41,60,60,70,70,70],"floor_reached":33,"playtime":2045,"items_purged":["Strike_R"],"score":289,"play_id":"78988893-57fd-4e68-b412-0b0bc9b528ed","local_time":"20181012135433","is_ascension_mode":true,"campfire_choices":[{"data":"Berserk","floor":6,"key":"SMITH"},{"floor":15,"key":"REST"},{"floor":23,"key":"REST"},{"data":"Whirlwind","floor":25,"key":"SMITH"},{"floor":28,"key":"REST"},{"data":"Offering","floor":32,"key":"SMITH"}],"neow_cost":"NO_GOLD","seed_source_timestamp":167305343748604,"circlet_count":0,"master_deck":["Strike_R","Strike_R","Strike_R","Defend_R","Defend_R","Defend_R+1","Defend_R","Bash","Berserk+1","Whirlwind+1","Headbutt","Warcry+1","Thunderclap","Offering+1","Dropkick+1","Perfected Strike","Flame Barrier+1","Headbutt+1","Writhe","Battle Trance"],"relics":["Burning Blood","Art of War","Tiny Chest","Bottled Lightning","Letter Opener","War Paint","White Beast Statue","Chemical X","Question Card","The Courier","Boot"],"potions_floor_usage":[11,11,16,24,24,24,29,33,33],"damage_taken":[{"damage":16,"enemies":"Jaw Worm","floor":1,"turns":3},{"damage":4,"enemies":"Cultist","floor":4,"turns":3},{"damage":2,"enemies":"Small Slimes","floor":7,"turns":3},{"damage":18,"enemies":"3 Louse","floor":8,"turns":3},{"damage":18,"enemies":"Exordium Thugs","floor":10,"turns":5},{"damage":9,"enemies":"Gremlin Nob","floor":11,"turns":3},{"damage":16,"enemies":"Lagavulin","floor":14,"turns":7},{"damage":46,"enemies":"The Guardian","floor":16,"turns":12},{"damage":23,"enemies":"Spheric Guardian","floor":18,"turns":5},{"damage":26,"enemies":"Shell Parasite","floor":20,"turns":6},{"damage":20,"enemies":"Cultist and Chosen","floor":22,"turns":4},{"damage":41,"enemies":"Book of Stabbing","floor":24,"turns":4},{"damage":6,"enemies":"Chosen and Byrds","floor":29,"turns":3},{"damage":16,"enemies":"Snake Plant","floor":31,"turns":4},{"damage":50,"enemies":"Collector","floor":33,"turns":5}],"seed_played":"1796700368268515924","potions_obtained":[{"floor":7,"key":"Block Potion"},{"floor":8,"key":"GamblersBrew"},{"floor":10,"key":"Fire Potion"},{"floor":18,"key":"PowerPotion"},{"floor":20,"key":"Poison Potion"},{"floor":22,"key":"Regen Potion"},{"floor":24,"key":"AttackPotion"},{"floor":29,"key":"SkillPotion"},{"floor":31,"key":"SpeedPotion"}],"is_trial":false,"path_per_floor":["M","?","?","M","?","R","M","M","T","M","E","T","?","E","R","B",null,"M","$","M","?","M","R","E","R","T","$","R","M","?","M","R"],"character_chosen":"IRONCLAD","items_purchased":["Chemical X","Fruit Juice"],"campfire_rested":3,"item_purchase_floors":[19,27],"current_hp_per_floor":[70,63,52,54,42,42,46,34,34,22,19,19,45,35,59,19,80,63,63,43,43,29,53,30,30,30,30,54,59,59,49,49,0],"gold":70,"neow_bonus":"THREE_RARE_CARDS","is_prod":false,"is_daily":false,"chose_seed":false,"campfire_upgraded":3,"win_rate":0,"timestamp":1539366873,"path_taken":["M","?","?","M","?","R","?","M","T","M","E","?","?","E","R","BOSS","M","$","M","?","M","R","E","R","T","?","R","M","?","M","R","BOSS"],"build_version":"2018-10-11","purchased_purges":1,"victory":false,"max_hp_per_floor":[80,80,80,80,80,80,80,80,80,80,80,80,80,80,80,80,80,80,80,80,80,80,80,80,80,80,80,80,85,85,85,85,85],"card_choices":[{"not_picked":["Reaper","Limit Break"],"picked":"Berserk","floor":0},{"not_picked":["Iron Wave","Rage"],"picked":"Whirlwind","floor":1},{"not_picked":["Sword Boomerang","Twin Strike"],"picked":"Headbutt","floor":4},{"not_picked":["Disarm","Flex","Anger"],"picked":"SKIP","floor":7},{"not_picked":["Barricade","Thunderclap"],"picked":"Warcry","floor":8},{"not_picked":["Havoc","Hemokinesis"],"picked":"Thunderclap","floor":10},{"not_picked":["True Grit","Power Through","Whirlwind"],"picked":"SKIP","floor":11},{"not_picked":["Disarm","Sword Boomerang","Corruption"],"picked":"SKIP","floor":14},{"not_picked":["Double Tap","Bludgeon"],"picked":"Offering","floor":16},{"not_picked":["Bloodletting","Body Slam"],"picked":"Dropkick+1","floor":18},{"not_picked":["Bloodletting","Flex","Clash"],"picked":"SKIP","floor":20},{"not_picked":["Burning Pact+1","Body Slam"],"picked":"Perfected Strike","floor":22},{"not_picked":["Reckless Charge","Barricade"],"picked":"Flame Barrier+1","floor":24},{"not_picked":["Perfected Strike+1","Feel No Pain","Thunderclap"],"picked":"Headbutt+1","floor":29},{"not_picked":["Uppercut","Iron Wave","Reckless Charge"],"picked":"Battle Trance","floor":31}],"player_experience":169836,"relics_obtained":[{"floor":9,"key":"Tiny Chest"},{"floor":11,"key":"Bottled Lightning"},{"floor":12,"key":"Letter Opener"},{"floor":14,"key":"War Paint"},{"floor":24,"key":"Question Card"},{"floor":26,"key":"The Courier"}],"event_choices":[{"event_name":"Golden Wing","player_choice":"Card Removal","floor":2,"damage_taken":0},{"event_name":"World of Goop","player_choice":"Gather Gold","floor":3,"damage_taken":0},{"event_name":"Scrap Ooze","player_choice":"success","floor":5,"damage_taken":12},{"event_name":"Big Fish","player_choice":"Banana","floor":13,"damage_taken":0},{"event_name":"The Joust","player_choice":"Bet on Murderer","floor":21,"damage_taken":0},{"event_name":"The Mausoleum","player_choice":"Yes","floor":30,"damage_taken":0}],"is_beta":false,"boss_relics":[{"not_picked":["Snecko Eye","Busted Crown"],"picked":"White Beast Statue"}],"items_purged_floors":[19],"is_endless":false,"potions_floor_spawned":[7,8,10,18,20,22,24,29,31],"killed_by":"Collector","ascension_level":1}