{"gold_per_floor":[109,122,397,417,92,92,117,117,117,130,110,128,128,128],"floor_reached":14,"playtime":514,"items_purged":["Regret"],"score":175,"play_id":"1dd81f61-df21-416c-80e1-9429cf628f1d","local_time":"20190306145804","is_ascension_mode":true,"campfire_choices":[{"floor":6,"key":"REST"},{"floor":8,"key":"REST"}],"neow_cost":"NONE","seed_source_timestamp":397514576814522,"circlet_count":0,"master_deck":["AscendersBane","Strike_B","Strike_B","Strike_B","Strike_B","Defend_B","Defend_B","Defend_B","Defend_B","Zap","Dualcast","Rip and Tear","Steam","Capacitor","Capacitor","Glacier","Melter","Doom and Gloom","Compile Driver","Injury"],"relics":["Fusion Hammer","DataDisk","Ancient Tea Set","Bottled Tornado","Golden Idol"],"potions_floor_usage":[7,14],"damage_taken":[{"damage":1,"enemies":"Cultist","floor":1,"turns":4},{"damage":7,"enemies":"Jaw Worm","floor":2,"turns":3},{"damage":2,"enemies":"2 Louse","floor":4,"turns":3},{"damage":34,"enemies":"3 Sentries","floor":7,"turns":8},{"damage":6,"enemies":"Blue Slaver","floor":10,"turns":5},{"damage":13,"enemies":"Exordium Thugs","floor":11,"turns":4},{"damage":5,"enemies":"Lots of Slimes","floor":12,"turns":5},{"damage":48,"enemies":"Gremlin Nob","floor":14,"turns":4}],"seed_played":"1788827476016850832","potions_obtained":[{"floor":1,"key":"LiquidBronze"},{"floor":12,"key":"Explosive Potion"}],"is_trial":false,"path_per_floor":["M","M","?","M","$","R","E","R","T","M","M","M","?","E"],"character_chosen":"DEFECT","items_purchased":["DataDisk","Capacitor"],"campfire_rested":2,"item_purchase_floors":[5,5],"current_hp_per_floor":[63,56,56,54,54,71,37,58,58,52,39,34,34,0],"gold":128,"neow_bonus":"BOSS_RELIC","is_prod":false,"is_daily":false,"chose_seed":false,"campfire_upgraded":0,"win_rate":0,"timestamp":1551877084,"path_taken":["M","?","?","M","$","R","E","R","T","?","M","M","?","E"],"build_version":"2019-01-23","purchased_purges":1,"victory":false,"max_hp_per_floor":[71,71,71,71,71,71,71,71,71,71,71,71,71,71],"card_choices":[{"not_picked":["Hologram","Streamline"],"picked":"Rip and Tear","floor":1},{"not_picked":["Force Field","Turbo"],"picked":"Steam","floor":2},{"not_picked":["Core Surge","Gash"],"picked":"Capacitor","floor":4},{"not_picked":["Turbo","Ball Lightning"],"picked":"Glacier","floor":7},{"not_picked":["Leap","Storm"],"picked":"Melter","floor":10},{"not_picked":["Skim","Rip and Tear"],"picked":"Doom and Gloom","floor":11},{"not_picked":["Leap","Streamline"],"picked":"Compile Driver","floor":12}],"player_experience":764064,"relics_obtained":[{"floor":7,"key":"Ancient Tea Set"},{"floor":9,"key":"Bottled Tornado"}],"event_choices":[{"damage_healed":0,"gold_gain":275,"player_choice":"Desecrate","damage_taken":0,"max_hp_gain":0,"max_hp_loss":0,"event_name":"Golden Shrine","floor":3,"gold_loss":0,"cards_obtained":["Regret"]},{"damage_healed":0,"gold_gain":0,"player_choice":"Take Wound","damage_taken":0,"relics_obtained":["Golden Idol"],"max_hp_gain":0,"max_hp_loss":0,"event_name":"Golden Idol","floor":13,"gold_loss":0,"cards_obtained":["Injury"]}],"is_beta":false,"boss_relics":[],"items_purged_floors":[5],"is_endless":false,"potions_floor_spawned":[1,12],"killed_by":"Gremlin Nob","ascension_level":18}