{"gold_per_floor":[111,111,123,142,162,162,162,183,229,229,240,240,272,64,64,165,165,176,30,30,30,46,46,59,59,59,59,69,69,79,93,93,190,190,206,206,225,240,240],"floor_reached":39,"playtime":2750,"items_purged":["Strike_B"],"score":440,"play_id":"185375ef-de53-4c86-9410-1202bacef4aa","local_time":"20190316211719","is_ascension_mode":true,"campfire_choices":[{"data":"Capacitor","floor":6,"key":"SMITH"},{"data":"Zap","floor":10,"key":"SMITH"},{"floor":12,"key":"REST"},{"data":"Coolheaded","floor":15,"key":"SMITH"},{"data":"Consume","floor":23,"key":"SMITH"},{"floor":27,"key":"REST"},{"data":"Barrage","floor":29,"key":"SMITH"},{"floor":32,"key":"REST"}],"neow_cost":"NONE","seed_source_timestamp":314270203033640,"circlet_count":0,"master_deck":["Zap+1","Dualcast","Go for the Eyes","Capacitor+1","Coolheaded+1","Aggregate","BootSequence","Conserve Battery","Steam","Cold Snap","Barrage+1","Redo","Hello World","Machine Learning","Reinforced Body+1","Echo Form","Reboot","Consume+1","Loop+1","Double Energy+1","Coolheaded","Turbo","Buffer","Tempest+1","Stack+1","Coolheaded+1","Echo Form","Stack+1","Conserve Battery+1"],"relics":["Cracked Core","Letter Opener","Odd Mushroom","DataDisk","Sundial","Empty Cage","Bronze Scales","Bag of Marbles","Astrolabe"],"potions_floor_usage":[],"damage_taken":[{"damage":0,"enemies":"2 Louse","floor":1,"turns":2},{"damage":2,"enemies":"Jaw Worm","floor":3,"turns":4},{"damage":2,"enemies":"Small Slimes","floor":4,"turns":4},{"damage":5,"enemies":"Blue Slaver","floor":5,"turns":5},{"damage":27,"enemies":"The Mushroom Lair","floor":8,"turns":6},{"damage":12,"enemies":"Exordium Thugs","floor":11,"turns":4},{"damage":16,"enemies":"Lagavulin","floor":13,"turns":8},{"damage":3,"enemies":"Hexaghost","floor":16,"turns":12},{"damage":0,"enemies":"Shell Parasite","floor":18,"turns":6},{"damage":0,"enemies":"Chosen","floor":22,"turns":5},{"damage":6,"enemies":"Shelled Parasite and Fungi","floor":24,"turns":4},{"damage":36,"enemies":"Colosseum Slavers","floor":25,"turns":4},{"damage":7,"enemies":"Snecko","floor":28,"turns":5},{"damage":0,"enemies":"Cultist and Chosen","floor":30,"turns":6},{"damage":23,"enemies":"Shelled Parasite and Fungi","floor":31,"turns":6},{"damage":12,"enemies":"Automaton","floor":33,"turns":10},{"damage":0,"enemies":"3 Shapes","floor":35,"turns":6},{"damage":44,"enemies":"3 Darklings","floor":37,"turns":5},{"damage":19,"enemies":"Writhing Mass","floor":38,"turns":7},{"damage":12,"enemies":"4 Shapes","floor":39,"turns":1}],"seed_played":"5339575334736861622","potions_obtained":[{"floor":4,"key":"Fire Potion"},{"floor":8,"key":"Dexterity Potion"},{"floor":16,"key":"Ancient Potion"},{"floor":18,"key":"LiquidBronze"},{"floor":24,"key":"EssenceOfSteel"},{"floor":38,"key":"LiquidBronze"}],"is_trial":false,"path_per_floor":["M","?","M","M","M","R","T","?","T","R","M","R","E","$","R","B",null,"M","$","?","?","M","R","M","?","T","R","M","R","M","M","R","B",null,"M","?","M","M","M"],"character_chosen":"DEFECT","items_purchased":["Barrage","Redo","Hello World","Bronze Scales"],"campfire_rested":3,"item_purchase_floors":[14,14,14,19],"current_hp_per_floor":[75,75,73,71,66,66,66,39,39,39,27,49,33,33,33,30,75,75,75,75,75,75,75,69,33,33,55,48,48,48,25,47,35,75,75,75,31,12,0],"gold":240,"neow_bonus":"ONE_RANDOM_RARE_CARD","is_prod":false,"is_daily":false,"chose_seed":false,"campfire_upgraded":5,"win_rate":0,"timestamp":1552785439,"path_taken":["M","?","M","M","M","R","?","?","T","R","?","R","E","$","R","BOSS","M","$","?","?","M","R","M","?","T","R","M","R","M","M","R","BOSS","M","?","?","M","M"],"build_version":"2019-01-23","purchased_purges":1,"victory":false,"max_hp_per_floor":[75,75,75,75,75,75,75,75,75,75,75,75,75,75,75,75,75,75,75,75,75,75,75,75,75,75,75,75,75,75,75,75,75,75,75,75,75,75,75],"card_choices":[{"not_picked":["Rebound","Beam Cell"],"picked":"Go for the Eyes","floor":1},{"not_picked":["Compile Driver","Ball Lightning"],"picked":"Coolheaded","floor":3},{"not_picked":["Beam Cell","Ball Lightning"],"picked":"Aggregate","floor":4},{"not_picked":["Melter","Turbo"],"picked":"BootSequence","floor":5},{"not_picked":["Chaos","Leap"],"picked":"Conserve Battery","floor":8},{"not_picked":["Rainbow","Sweeping Beam"],"picked":"Steam","floor":11},{"not_picked":["Force Field","Stack"],"picked":"Cold Snap","floor":13},{"not_picked":["Fission","Multi-Cast"],"picked":"Machine Learning","floor":16},{"not_picked":["Reprogram","Ball Lightning+1"],"picked":"Reinforced Body+1","floor":18},{"not_picked":["Gash+1","Conserve Battery"],"picked":"Consume","floor":22},{"not_picked":["Scrape","Go for the Eyes+1"],"picked":"Loop+1","floor":24},{"not_picked":["Chaos","Conserve Battery"],"picked":"Double Energy+1","floor":28},{"not_picked":["Gash","Ball Lightning"],"picked":"Coolheaded","floor":30},{"not_picked":["Double Energy","Beam Cell"],"picked":"Turbo","floor":31},{"not_picked":["Reboot","Meteor Strike"],"picked":"Buffer","floor":33},{"not_picked":["Compile Driver","Rebound+1","Go for the Eyes+1"],"picked":"SKIP","floor":35},{"not_picked":["Compile Driver+1","Redo"],"picked":"Stack+1","floor":37},{"not_picked":["Go for the Eyes+1","Self Repair"],"picked":"Conserve Battery+1","floor":38}],"player_experience":1249000,"relics_obtained":[{"floor":7,"key":"Letter Opener"},{"floor":8,"key":"Odd Mushroom"},{"floor":9,"key":"DataDisk"},{"floor":13,"key":"Sundial"},{"floor":26,"key":"Bag of Marbles"}],"event_choices":[{"damage_healed":0,"gold_gain":0,"cards_transformed":["Fission"],"player_choice":"Change","damage_taken":0,"max_hp_gain":0,"max_hp_loss":0,"event_name":"Living Wall","floor":2,"gold_loss":0,"cards_obtained":["Capacitor"]},{"damage_healed":0,"gold_gain":0,"player_choice":"Fought Mushrooms","damage_taken":0,"max_hp_gain":0,"max_hp_loss":0,"event_name":"Mushrooms","floor":8,"gold_loss":0},{"damage_healed":0,"gold_gain":0,"player_choice":"Ignored","damage_taken":0,"max_hp_gain":0,"max_hp_loss":0,"event_name":"Vampires","floor":20,"gold_loss":0},{"damage_healed":0,"gold_gain":0,"cards_transformed":["Strike_B","Defend_B"],"player_choice":"Became Test Subject","damage_taken":0,"max_hp_gain":0,"max_hp_loss":0,"event_name":"Drug Dealer","floor":21,"gold_loss":0,"cards_obtained":["Echo Form","Reboot"]},{"damage_healed":0,"gold_gain":0,"player_choice":"Fight","damage_taken":0,"max_hp_gain":0,"max_hp_loss":0,"event_name":"Colosseum","floor":25,"gold_loss":0},{"damage_healed":0,"gold_gain":0,"player_choice":"Fled From Nobs","damage_taken":0,"max_hp_gain":0,"max_hp_loss":0,"event_name":"Colosseum","floor":25,"gold_loss":0},{"damage_healed":0,"gold_gain":0,"player_choice":"Copied","damage_taken":0,"max_hp_gain":0,"max_hp_loss":0,"event_name":"Duplicator","floor":36,"gold_loss":0,"cards_obtained":["Echo Form"]}],"is_beta":false,"boss_relics":[{"not_picked":["White Beast Statue","Calling Bell"],"picked":"Empty Cage"},{"not_picked":["Black Star","Snecko Eye"],"picked":"Astrolabe"}],"items_purged_floors":[14],"is_endless":false,"potions_floor_spawned":[4,8,16,18,24,25,31,38],"killed_by":"4 Shapes","ascension_level":3}