{"gold_per_floor":[117,46,66,241,252,281,296,315,315,326,19,19,19,47,47,152,152,165,176,59,59,74,74,99,99,149,183,183,183,201,213,213,315,315,327,339,339,354,368,401,401,96,167,267,142,142,107,122,122,122,122,122,51,85,85],"floor_reached":56,"playtime":4833,"items_purged":["Doubt","Strike_B","Strike_B"],"score":1430,"play_id":"ec7d2644-35e1-4300-aecc-dbcfee5f76e1","local_time":"20190307231626","is_ascension_mode":true,"campfire_choices":[{"data":"Defragment","floor":12.0,"key":"SMITH"},{"data":"Hologram","floor":15.0,"key":"SMITH"},{"floor":23.0,"key":"REST"},{"floor":25.0,"key":"REST"},{"data":"Loop","floor":29.0,"key":"SMITH"},{"floor":32,"key":"REST"},{"data":"Defragment","floor":41,"key":"SMITH"},{"floor":49,"key":"RECALL"},{"data":"Heatsinks","floor":52,"key":"SMITH"}],"neow_cost":"NONE","seed_source_timestamp":0,"circlet_count":0,"master_deck":["Defend_B","Defend_B","Defend_B","Defend_B","Zap","Dualcast","Cold Snap","Loop+1","Ball Lightning","Aggregate","Steam","Hologram+1","White Noise","Conserve Battery","Defragment+1","FTL","Echo Form","Hologram","Force Field","Defragment","Defragment+1","Defragment+1","BootSequence","Cold Snap","Electrodynamics","Steam","Go for the Eyes+1","Self Repair","Auto Shields","Loop+1","Hologram","Heatsinks+1","Hello World","Lockon+1"],"special_seed":0,"relics":["Cracked Core","NeowsBlessing","Oddly Smooth Stone","Regal Pillow","Art of War","Dream Catcher","Busted Crown","Mummified Hand","Thread and Needle","Eternal Feather","Ancient Tea Set","ClockworkSouvenir","Molten Egg 2","FossilizedHelix","Pantograph"],"potions_floor_usage":[55,55,55],"damage_taken":[{"damage":0.0,"enemies":"Jaw Worm","floor":1.0,"turns":1.0},{"damage":0.0,"enemies":"2 Louse","floor":3.0,"turns":1.0},{"damage":0.0,"enemies":"Cultist","floor":5.0,"turns":1.0},{"damage":17.0,"enemies":"3 Sentries","floor":6.0,"turns":7.0},{"damage":7.0,"enemies":"Exordium Thugs","floor":7.0,"turns":4.0},{"damage":2.0,"enemies":"Blue Slaver","floor":8.0,"turns":3.0},{"damage":2.0,"enemies":"3 Louse","floor":10.0,"turns":3.0},{"damage":21.0,"enemies":"Gremlin Nob","floor":14.0,"turns":5.0},{"damage":4.0,"enemies":"The Guardian","floor":16.0,"turns":10.0},{"damage":35.0,"enemies":"2 Thieves","floor":18.0,"turns":4.0},{"damage":6.0,"enemies":"Chosen","floor":19.0,"turns":5.0},{"damage":28.0,"enemies":"Snake Plant","floor":22.0,"turns":4.0},{"damage":43.0,"enemies":"Gremlin Leader","floor":24.0,"turns":7.0},{"damage":23.0,"enemies":"Slavers","floor":27.0,"turns":6.0},{"damage":0,"enemies":"Centurion and Healer","floor":30,"turns":5},{"damage":1,"enemies":"Sentry and Sphere","floor":31,"turns":5},{"damage":0,"enemies":"Automaton","floor":33,"turns":10},{"damage":0,"enemies":"3 Shapes","floor":35,"turns":3},{"damage":0,"enemies":"Orb Walker","floor":36,"turns":3},{"damage":61,"enemies":"Jaw Worm Horde","floor":38,"turns":5},{"damage":20,"enemies":"Spire Growth","floor":39,"turns":6},{"damage":0,"enemies":"Giant Head","floor":40,"turns":11},{"damage":2,"enemies":"Mind Bloom Boss Battle","floor":44,"turns":7},{"damage":0,"enemies":"Sphere and 2 Shapes","floor":48,"turns":4},{"damage":0,"enemies":"Time Eater","floor":50,"turns":8},{"damage":59,"enemies":"Shield and Spear","floor":54,"turns":7},{"damage":46,"enemies":"The Heart","floor":55,"turns":11}],"seed_played":"8031965160215042152","potions_obtained":[{"floor":1.0,"key":"Fruit Juice"},{"floor":5.0,"key":"GamblersBrew"},{"floor":6.0,"key":"AttackPotion"},{"floor":8.0,"key":"Weak Potion"},{"floor":22.0,"key":"SpeedPotion"}],"is_trial":false,"path_per_floor":["M","$","M","?","M","E","M","M","T","M","$","R","?","E","R","B",null,"M","M","$","?","M","R","E","R","T","E","?","R","M","M","R","B",null,"M","M","?","M","M","E","R","$","T","?","$","?","$","M","R","B",null,"R","$","E","B",null],"character_chosen":"DEFECT","items_purchased":["Loop","Art of War","Defragment","Force Field","Defragment","ClockworkSouvenir","Heatsinks","Hello World"],"campfire_rested":3,"item_purchase_floors":[2,11,11,20,20,42,47,53],"current_hp_per_floor":[75,75,75,75,75,58,51,54,54,52,52,52,45,24,24,20,80,45,39,39,39,11,50,7,46,46,23,23,23,23,22,61,61,80,80,80,80,26,13,20,38,38,38,43,43,43,43,50,68,75,80,80,80,28,14],"gold":85,"neow_bonus":"THREE_ENEMY_KILL","is_prod":false,"is_daily":false,"chose_seed":false,"campfire_upgraded":5,"win_rate":0,"timestamp":1552025786,"path_taken":["M","$","M","?","M","E","M","M","T","M","$","R","?","E","R","BOSS","M","M","$","?","?","R","E","R","T","E","?","R","M","M","R","BOSS","M","M","?","M","M","E","R","$","T","?","$","?","$","M","R","BOSS","R","$","E","BOSS"],"build_version":"2019-01-23","purchased_purges":3,"victory":true,"max_hp_per_floor":[75,75,75,75,75,75,75,80,80,80,80,80,80,80,80,80,80,80,80,80,80,80,80,80,80,80,80,80,80,80,80,80,80,80,80,80,80,80,80,80,80,80,80,80,80,80,80,80,80,80,80,80,80,80,80],"card_choices":[{"not_picked":["Fusion","Rebound"],"picked":"Cold Snap","floor":1.0},{"not_picked":["Darkness","Stack"],"picked":"Ball Lightning","floor":3.0},{"not_picked":["Steam Power","Turbo"],"picked":"Aggregate","floor":5.0},{"not_picked":["Force Field","Turbo"],"picked":"Steam","floor":6.0},{"not_picked":["Rebound","Doom and Gloom"],"picked":"Hologram","floor":7.0},{"not_picked":["Double Energy","Aggregate"],"picked":"White Noise","floor":8.0},{"not_picked":["Multi-Cast","Compile Driver"],"picked":"Conserve Battery","floor":10.0},{"not_picked":["Compile Driver","Recycle"],"picked":"FTL","floor":14.0},{"not_picked":["Biased Cognition","Fission"],"picked":"Echo Form","floor":16.0},{"not_picked":["Barrage"],"picked":"SKIP","floor":18.0},{"not_picked":[],"picked":"Hologram","floor":19.0},{"not_picked":[],"picked":"Defragment","floor":22.0},{"not_picked":[],"picked":"BootSequence","floor":23.0},{"not_picked":["Streamline"],"picked":"SKIP","floor":24.0},{"not_picked":[],"picked":"Cold Snap","floor":25.0},{"not_picked":[],"picked":"Electrodynamics","floor":27.0},{"not_picked":[],"picked":"Steam","floor":30},{"not_picked":["Rebound+1"],"picked":"SKIP","floor":31},{"not_picked":[],"picked":"Go for the Eyes+1","floor":32},{"not_picked":["Go for the Eyes"],"picked":"SKIP","floor":35},{"not_picked":[],"picked":"Self Repair","floor":36},{"not_picked":[],"picked":"Auto Shields","floor":38},{"not_picked":[],"picked":"Loop+1","floor":39},{"not_picked":[],"picked":"Hologram","floor":40},{"not_picked":["Streamline+1"],"picked":"SKIP","floor":48},{"not_picked":[],"picked":"Lockon+1","floor":54}],"player_experience":65641,"relics_obtained":[{"floor":6.0,"key":"Oddly Smooth Stone"},{"floor":9.0,"key":"Regal Pillow"},{"floor":14.0,"key":"Dream Catcher"},{"floor":24.0,"key":"Mummified Hand"},{"floor":27.0,"key":"Thread and Needle"},{"floor":40,"key":"Ancient Tea Set"},{"floor":43,"key":"Molten Egg 2"},{"floor":44,"key":"FossilizedHelix"},{"floor":54,"key":"Pantograph"}],"event_choices":[{"damage_healed":0.0,"max_hp_gain":0.0,"max_hp_loss":0.0,"gold_gain":175.0,"event_name":"Liars Game","player_choice":"AGREE","floor":4.0,"gold_loss":0.0,"damage_taken":0.0,"cards_obtained":["Doubt"]},{"cards_removed":["Strike_B"],"damage_healed":0.0,"max_hp_gain":0.0,"max_hp_loss":0.0,"gold_gain":0.0,"event_name":"Golden Wing","player_choice":"Card Removal","floor":13.0,"gold_loss":0.0,"damage_taken":7.0},{"damage_healed":0.0,"max_hp_gain":0.0,"max_hp_loss":0.0,"gold_gain":0.0,"event_name":"Duplicator","player_choice":"Copied","floor":21.0,"gold_loss":0.0,"damage_taken":0.0,"cards_obtained":["Defragment"]},{"damage_healed":0.0,"max_hp_gain":0.0,"max_hp_loss":0.0,"gold_gain":0.0,"event_name":"The Mausoleum","player_choice":"Ignored","floor":28.0,"gold_loss":0.0,"damage_taken":0.0},{"cards_removed":["Strike_B"],"damage_healed":0,"gold_gain":0,"player_choice":"Removed Attack","damage_taken":0,"max_hp_gain":0,"max_hp_loss":0,"event_name":"Falling","floor":37,"gold_loss":0},{"damage_healed":0,"gold_gain":0,"player_choice":"Fight","damage_taken":0,"max_hp_gain":0,"max_hp_loss":0,"event_name":"MindBloom","floor":44,"gold_loss":0},{"damage_healed":0,"gold_gain":0,"player_choice":"Memory 1","damage_taken":0,"max_hp_gain":0,"max_hp_loss":0,"event_name":"SensoryStone","floor":46,"gold_loss":0}],"is_beta":false,"boss_relics":[{"not_picked":["Velvet Choker","Fusion Hammer"],"picked":"Busted Crown"},{"not_picked":["Calling Bell","Astrolabe"],"picked":"Eternal Feather"}],"items_purged_floors":[11,42,45],"is_endless":false,"potions_floor_spawned":[1,5,6,8,22,27,31,33,39,40,44,48],"ascension_level":2}