{"gold_per_floor":[119,131,22,42,42,42,57,57,82,82,94,94,107,141,141,213,213,227,37,53,53,14,14,41,41,41,41,55,55,55,68,68,140,140,153,153,166,183,7,7,23,23,23,23,23,23,54,54,54,54],"floor_reached":50,"playtime":3290,"items_purged":["Strike_B","Pain"],"score":915,"play_id":"71bd4fed-6e23-49a5-bd64-df52c738628f","local_time":"20190205224519","is_ascension_mode":true,"campfire_choices":[{"data":"Zap","floor":6,"key":"SMITH"},{"data":"Dualcast","floor":10,"key":"SMITH"},{"floor":12,"key":"REST"},{"data":"Scrape","floor":15,"key":"SMITH"},{"floor":23,"key":"REST"},{"data":"Barrage","floor":25,"key":"SMITH"},{"floor":27,"key":"REST"},{"data":"Blizzard","floor":32,"key":"SMITH"},{"floor":40,"key":"REST"},{"data":"Buffer","floor":42,"key":"SMITH"},{"data":"Static Discharge","floor":46,"key":"SMITH"},{"data":"Reinforced Body","floor":49,"key":"SMITH"}],"neow_cost":"NONE","seed_source_timestamp":1567247037503264,"circlet_count":0,"master_deck":["AscendersBane","Defend_B","Defend_B","Defend_B","Zap+1","Dualcast+1","Skim","Go for the Eyes","Reinforced Body+1","Melter","Compile Driver","Glacier","FTL","Scrape+1","Seek","Tempest","Mayhem","Blizzard+1","Mayhem","Static Discharge+1","Barrage+1","Hologram+1","Shame","Glacier+1","Buffer+1","Ball Lightning+1","Beam Cell","Sunder","Undo+1"],"relics":["FrozenCore","Juzu Bracelet","Anchor","Toxic Egg 2","Bag of Marbles","Blue Candle","Eternal Feather","WarpedTongs","Strawberry","Ornamental Fan"],"potions_floor_usage":[7,16,16,20,33,38,47,50],"damage_taken":[{"damage":8,"enemies":"Small Slimes","floor":1,"turns":4},{"damage":1,"enemies":"2 Louse","floor":2,"turns":2},{"damage":1,"enemies":"Cultist","floor":4,"turns":4},{"damage":13,"enemies":"Lots of Slimes","floor":7,"turns":4},{"damage":1,"enemies":"Blue Slaver","floor":11,"turns":3},{"damage":8,"enemies":"Exordium Thugs","floor":13,"turns":4},{"damage":4,"enemies":"Lagavulin","floor":14,"turns":5},{"damage":0,"enemies":"Hexaghost","floor":16,"turns":8},{"damage":0,"enemies":"Shell Parasite","floor":18,"turns":3},{"damage":23,"enemies":"2 Thieves","floor":20,"turns":4},{"damage":27,"enemies":"Book of Stabbing","floor":24,"turns":5},{"damage":10,"enemies":"Snake Plant","floor":28,"turns":4},{"damage":14,"enemies":"Centurion and Healer","floor":31,"turns":7},{"damage":44,"enemies":"Champ","floor":33,"turns":12},{"damage":8,"enemies":"Orb Walker","floor":35,"turns":6},{"damage":15,"enemies":"3 Shapes","floor":37,"turns":6},{"damage":20,"enemies":"Jaw Worm Horde","floor":38,"turns":4},{"damage":14,"enemies":"Spire Growth","floor":41,"turns":6},{"damage":26,"enemies":"Nemesis","floor":47,"turns":9},{"damage":74,"enemies":"Awakened One","floor":50,"turns":4}],"seed_played":"-3386915050240603706","potions_obtained":[{"floor":1,"key":"GamblersBrew"},{"floor":2,"key":"Strength Potion"},{"floor":4,"key":"Block Potion"},{"floor":13,"key":"Energy Potion"},{"floor":14,"key":"LiquidBronze"},{"floor":18,"key":"Energy Potion"},{"floor":24,"key":"Swift Potion"},{"floor":28,"key":"LiquidBronze"},{"floor":35,"key":"SteroidPotion"},{"floor":38,"key":"Weak Potion"},{"floor":41,"key":"Dexterity Potion"}],"is_trial":false,"path_per_floor":["M","M","$","M","?","R","M","?","T","R","M","R","M","E","R","B",null,"M","$","M","?","$","R","E","R","T","R","M","?","?","M","R","B",null,"M","?","M","M","$","R","M","R","T","$","?","R","E","?","R","B"],"character_chosen":"DEFECT","items_purchased":["Reinforced Body","Mayhem","Static Discharge","Sunder"],"campfire_rested":4,"item_purchase_floors":[3,19,22,39],"current_hp_per_floor":[56,55,55,54,47,47,34,34,34,34,33,54,46,42,42,42,64,64,64,41,41,41,62,35,35,35,56,46,46,69,55,55,11,56,48,48,33,13,13,49,35,53,60,60,60,78,52,52,67,0],"gold":54,"neow_bonus":"REMOVE_CARD","is_prod":false,"is_daily":false,"chose_seed":false,"campfire_upgraded":8,"win_rate":0,"timestamp":1549431919,"path_taken":["M","M","$","M","?","R","M","?","T","R","M","R","M","E","R","BOSS","M","$","M","?","?","R","E","R","T","R","M","?","?","M","R","BOSS","M","?","M","M","$","R","M","R","T","$","?","R","E","?","R","BOSS"],"build_version":"2019-01-23","purchased_purges":2,"victory":false,"max_hp_per_floor":[71,71,71,71,71,71,71,71,71,71,71,71,71,71,71,71,71,71,71,71,71,71,71,71,71,71,71,71,71,71,71,71,71,71,71,71,71,71,71,71,71,71,78,78,78,78,78,78,78,78],"card_choices":[{"not_picked":["Fusion","Heatsinks"],"picked":"Skim","floor":1},{"not_picked":["Hologram","Rebound"],"picked":"Go for the Eyes","floor":2},{"not_picked":["Aggregate","Sweeping Beam"],"picked":"Melter","floor":4},{"not_picked":["Capacitor","Turbo"],"picked":"Compile Driver","floor":7},{"not_picked":["Undo","Barrage"],"picked":"Glacier","floor":11},{"not_picked":["Compile Driver","Conserve Battery"],"picked":"FTL","floor":13},{"not_picked":["Recycle","Beam Cell"],"picked":"Scrape","floor":14},{"not_picked":["Multi-Cast","Biased Cognition"],"picked":"Seek","floor":16},{"not_picked":["Rebound","Doom and Gloom"],"picked":"Tempest","floor":18},{"not_picked":["Ball Lightning","Go for the Eyes"],"picked":"Blizzard","floor":20},{"not_picked":["Steam","Gash"],"picked":"Barrage","floor":24},{"not_picked":["Leap+1","Sweeping Beam"],"picked":"Hologram+1","floor":28},{"not_picked":["Beam Cell","Tempest+1"],"picked":"Glacier+1","floor":31},{"not_picked":["Hyperbeam","Rainbow+1"],"picked":"Buffer","floor":33},{"not_picked":["Hologram+1","Loop"],"picked":"Ball Lightning+1","floor":35},{"not_picked":["Melter+1","Rebound"],"picked":"Beam Cell","floor":37},{"not_picked":["Hologram+1","Turbo+1","Streamline+1"],"picked":"SKIP","floor":38},{"not_picked":["Scrape+1","Sunder"],"picked":"Undo+1","floor":41},{"not_picked":["Biased Cognition","Force Field+1","Lockon+1"],"picked":"SKIP","floor":47}],"player_experience":981970,"relics_obtained":[{"floor":9,"key":"Juzu Bracelet"},{"floor":14,"key":"Anchor"},{"floor":24,"key":"Toxic Egg 2"},{"floor":26,"key":"Bag of Marbles"},{"floor":43,"key":"Strawberry"},{"floor":47,"key":"Ornamental Fan"}],"event_choices":[{"cards_removed":["Strike_B"],"damage_healed":0,"gold_gain":0,"player_choice":"Card Removal","damage_taken":7,"max_hp_gain":0,"max_hp_loss":0,"event_name":"Golden Wing","floor":5,"gold_loss":0},{"cards_removed":["Strike_B"],"damage_healed":0,"gold_gain":0,"player_choice":"Offered Basic","damage_taken":0,"max_hp_gain":0,"max_hp_loss":0,"event_name":"Bonfire Elementals","floor":8,"gold_loss":0},{"damage_healed":0,"gold_gain":0,"player_choice":"Copied","damage_taken":0,"max_hp_gain":0,"max_hp_loss":0,"event_name":"Duplicator","floor":21,"gold_loss":0,"cards_obtained":["Mayhem"]},{"damage_healed":0,"gold_gain":0,"player_choice":"Stole Relic","damage_taken":0,"relics_obtained":["Blue Candle"],"max_hp_gain":0,"max_hp_loss":0,"event_name":"Addict","floor":29,"gold_loss":0,"cards_obtained":["Shame"]},{"damage_healed":23,"gold_gain":0,"player_choice":"Heal","damage_taken":0,"max_hp_gain":0,"max_hp_loss":0,"event_name":"The Library","floor":30,"gold_loss":0},{"damage_healed":0,"gold_gain":0,"player_choice":"Rummage","damage_taken":0,"relics_obtained":["WarpedTongs"],"max_hp_gain":0,"max_hp_loss":0,"event_name":"Accursed Blacksmith","floor":36,"gold_loss":0,"cards_obtained":["Pain"]},{"damage_healed":0,"gold_gain":0,"player_choice":"Ignored","damage_taken":0,"max_hp_gain":0,"max_hp_loss":0,"event_name":"SecretPortal","floor":45,"gold_loss":0},{"cards_removed":["Defend_B"],"damage_healed":0,"gold_gain":0,"player_choice":"Purged","damage_taken":0,"max_hp_gain":0,"max_hp_loss":0,"event_name":"Purifier","floor":48,"gold_loss":0}],"is_beta":false,"boss_relics":[{"not_picked":["Philosopher\u0027s Stone","Orrery"],"picked":"FrozenCore"},{"not_picked":["Velvet Choker","Fusion Hammer"],"picked":"Eternal Feather"}],"items_purged_floors":[3,39],"is_endless":false,"potions_floor_spawned":[1,2,4,13,14,18,24,28,35,38,41],"killed_by":"Awakened One","ascension_level":14}