{"gold_per_floor":[112,112,37,52,52,52,64,96,166,166,20,33,33,58,58,58],"floor_reached":16,"playtime":745,"items_purged":["Defend_G","Strike_G"],"score":108,"play_id":"003d6e7a-f837-4d65-a5ad-acc6ae7cb557","local_time":"20190310183504","is_ascension_mode":true,"campfire_choices":[{"data":"PiercingWail","floor":6,"key":"SMITH"},{"data":"Footwork","floor":10,"key":"SMITH"},{"floor":13,"key":"REST"},{"data":"Catalyst","floor":15,"key":"SMITH"}],"neow_cost":"NONE","seed_source_timestamp":626235688518863,"circlet_count":0,"master_deck":["Defend_G","Defend_G","Defend_G","Defend_G","Strike_G","Strike_G","Strike_G","Strike_G","Survivor","Neutralize","PiercingWail+1","Footwork+1","Blade Dance","Catalyst+1"],"relics":["Ring of the Snake","PreservedInsect","Matryoshka","Blood Vial","Centennial Puzzle"],"potions_floor_usage":[8,8],"damage_taken":[{"damage":0,"enemies":"2 Louse","floor":1,"turns":2},{"damage":4,"enemies":"Jaw Worm","floor":4,"turns":4},{"damage":0,"enemies":"Cultist","floor":7,"turns":3},{"damage":16,"enemies":"Lagavulin","floor":8,"turns":7},{"damage":22,"enemies":"Exordium Thugs","floor":12,"turns":7},{"damage":0,"enemies":"Slime Boss","floor":16,"turns":3}],"seed_played":"2423310766115767962","potions_obtained":[{"floor":4,"key":"AttackPotion"},{"floor":7,"key":"Fire Potion"}],"is_trial":false,"path_per_floor":["M","?","$","M","?","R","M","E","T","R","$","M","R","T","R","B"],"character_chosen":"THE_SILENT","items_purchased":["Blade Dance"],"campfire_rested":1,"item_purchase_floors":[11],"current_hp_per_floor":[77,82,82,78,70,70,70,54,54,54,54,32,56,56,56,58],"gold":58,"neow_bonus":"TEN_PERCENT_HP_BONUS","is_prod":false,"is_daily":false,"chose_seed":false,"campfire_upgraded":3,"win_rate":0,"timestamp":1552253704,"path_taken":["M","?","$","M","?","R","?","E","T","R","$","M","R","?","R","BOSS"],"build_version":"2019-01-23","purchased_purges":2,"victory":false,"max_hp_per_floor":[77,82,82,82,82,82,82,82,82,82,82,82,82,82,82,82],"card_choices":[{"not_picked":["Slice","Footwork"],"picked":"PiercingWail","floor":1},{"not_picked":["Slice","Deadly Poison","Expertise"],"picked":"SKIP","floor":4},{"not_picked":["Flechettes","Caltrops","Dagger Spray"],"picked":"SKIP","floor":7},{"not_picked":["Dash","Bullet Time"],"picked":"Footwork","floor":8},{"not_picked":["Sucker Punch","Distraction"],"picked":"Catalyst","floor":12}],"player_experience":156234,"relics_obtained":[{"floor":8,"key":"PreservedInsect"},{"floor":9,"key":"Matryoshka"},{"floor":14,"key":"Blood Vial"},{"floor":14,"key":"Centennial Puzzle"}],"event_choices":[{"damage_healed":0,"gold_gain":0,"player_choice":"Donut","damage_taken":0,"max_hp_gain":5,"max_hp_loss":0,"event_name":"Big Fish","floor":2,"gold_loss":0},{"damage_healed":0,"gold_gain":0,"player_choice":"Damaged","damage_taken":8,"max_hp_gain":0,"max_hp_loss":0,"event_name":"Wheel of Change","floor":5,"gold_loss":0}],"is_beta":false,"boss_relics":[],"items_purged_floors":[3,11],"is_endless":false,"potions_floor_spawned":[4,7],"killed_by":"Slime Boss","ascension_level":2}