{"gold_per_floor":[113,0,10,10,30,30,30,356,356,368,368,20,50,50,50,128,128,141,141,159,159,159,159,221,221,299,224,240,269,269,18,18,92,92,102,113,127,127,146,146,160,160,211,245,245],"floor_reached":45,"playtime":3020,"items_purged":["Strike_B","Strike_B"],"score":916,"play_id":"bc0edcec-bdf0-4c4a-a0d2-967d8929e8e2","local_time":"20190205000825","is_ascension_mode":true,"campfire_choices":[{"floor":6,"key":"REST"},{"floor":11,"key":"REST"},{"floor":15,"key":"REST"},{"floor":23,"key":"REST"},{"data":"RitualDagger","floor":25,"key":"SMITH"},{"data":"1","floor":32,"key":"LIFT"},{"floor":40,"key":"REST"},{"floor":42,"key":"REST"}],"neow_cost":"NONE","seed_source_timestamp":1486096784820369,"circlet_count":0,"master_deck":["AscendersBane","Defend_B","Defend_B","Defend_B","Zap","Dualcast+1","Conserve Battery","Defragment","Go for the Eyes","Static Discharge","All For One+1","Glacier","Beam Cell","Buffer","Tempest","RitualDagger+1","Rebound","FTL","Streamline+1","Cold Snap+1","Defragment","Blizzard+1","Seek","Stack+1","Genetic Algorithm+1","Capacitor","Darkness","Scrape+1","Barrage+1"],"relics":["Cracked Core","Incense Burner","Old Coin","Peace Pipe","Singing Bowl","DataDisk","Busted Crown","MutagenicStrength","Tiny Chest","Molten Egg 2","Pear","Girya","Pen Nib","Lizard Tail","Bag of Preparation","Ancient Tea Set"],"potions_floor_usage":[13,13,20,33,45,45],"damage_taken":[{"damage":2,"enemies":"Jaw Worm","floor":1,"turns":4},{"damage":9,"enemies":"2 Louse","floor":3,"turns":3},{"damage":15,"enemies":"Small Slimes","floor":5,"turns":3},{"damage":6,"enemies":"Gremlin Nob","floor":8,"turns":4},{"damage":11,"enemies":"2 Fungi Beasts","floor":10,"turns":3},{"damage":2,"enemies":"3 Sentries","floor":13,"turns":6},{"damage":1,"enemies":"The Guardian","floor":16,"turns":11},{"damage":5,"enemies":"Shell Parasite","floor":18,"turns":8},{"damage":9,"enemies":"Chosen","floor":20,"turns":5},{"damage":12,"enemies":"Book of Stabbing","floor":24,"turns":5},{"damage":0,"enemies":"Snecko","floor":28,"turns":5},{"damage":5,"enemies":"Gremlin Leader","floor":29,"turns":5},{"damage":0,"enemies":"Champ","floor":33,"turns":11},{"damage":33,"enemies":"Orb Walker","floor":35,"turns":3},{"damage":26,"enemies":"3 Darklings","floor":36,"turns":5},{"damage":19,"enemies":"4 Shapes","floor":37,"turns":5},{"damage":23,"enemies":"Jaw Worm Horde","floor":39,"turns":5},{"damage":6,"enemies":"Maw","floor":41,"turns":8},{"damage":56,"enemies":"Reptomancer","floor":44,"turns":8},{"damage":21,"enemies":"Transient","floor":45,"turns":3}],"seed_played":"-5299373728930396815","potions_obtained":[{"floor":1,"key":"Fire Potion"},{"floor":8,"key":"SteroidPotion"},{"floor":18,"key":"Swift Potion"},{"floor":28,"key":"EssenceOfSteel"},{"floor":37,"key":"Dexterity Potion"},{"floor":44,"key":"AttackPotion"}],"is_trial":false,"path_per_floor":["M","$","M","?","M","R","?","E","T","M","R","$","E","?","R","B",null,"M","?","M","?","?","R","E","R","T","?","M","E","T","$","R","B",null,"M","M","M","?","M","R","M","R","T","E","M"],"character_chosen":"DEFECT","items_purchased":["Defragment","Singing Bowl","Pen Nib","Defragment","Blizzard+1"],"campfire_rested":6,"item_purchase_floors":[2,12,31,31,31],"current_hp_per_floor":[62,62,53,53,38,59,52,46,46,35,56,56,54,40,61,60,68,63,57,48,48,48,69,57,57,57,57,57,62,62,62,62,62,76,43,17,39,39,16,40,34,58,58,4,0],"gold":245,"neow_bonus":"REMOVE_CARD","is_prod":false,"is_daily":false,"chose_seed":false,"campfire_upgraded":1,"win_rate":0,"timestamp":1549350505,"path_taken":["M","$","M","?","M","R","?","E","T","M","R","$","E","?","R","BOSS","M","?","M","?","?","R","E","R","T","?","M","E","?","$","R","BOSS","M","M","M","?","M","R","M","R","T","E","?"],"build_version":"2019-01-23","purchased_purges":2,"victory":false,"max_hp_per_floor":[71,71,71,71,71,71,71,71,71,71,71,71,71,71,71,71,71,71,71,71,71,71,71,71,71,71,71,71,81,81,81,81,81,81,81,81,81,81,81,81,81,81,81,83,83],"card_choices":[{"not_picked":["Undo","Barrage"],"picked":"Conserve Battery","floor":1},{"not_picked":["Stack","Gash"],"picked":"Go for the Eyes","floor":3},{"not_picked":["Streamline","Gash"],"picked":"Static Discharge","floor":5},{"not_picked":["Heatsinks","Lockon"],"picked":"All For One","floor":8},{"not_picked":["Leap","Rebound"],"picked":"Glacier","floor":10},{"not_picked":["Conserve Battery","Gash"],"picked":"Beam Cell","floor":13},{"not_picked":["Rainbow","Electrodynamics"],"picked":"Buffer","floor":16},{"not_picked":[],"picked":"Tempest","floor":18},{"not_picked":[],"picked":"Rebound","floor":20},{"not_picked":[],"picked":"FTL","floor":24},{"not_picked":[],"picked":"Streamline+1","floor":28},{"not_picked":[],"picked":"Cold Snap+1","floor":29},{"not_picked":[],"picked":"Seek","floor":33},{"not_picked":[],"picked":"Stack+1","floor":35},{"not_picked":[],"picked":"Genetic Algorithm+1","floor":36},{"not_picked":[],"picked":"Capacitor","floor":37},{"not_picked":[],"picked":"Scrape+1","floor":39},{"not_picked":[],"picked":"Barrage+1","floor":41},{"not_picked":["Steam"],"picked":"Singing Bowl","floor":44}],"player_experience":971346,"relics_obtained":[{"floor":8,"key":"Old Coin"},{"floor":9,"key":"Peace Pipe"},{"floor":13,"key":"DataDisk"},{"floor":24,"key":"Tiny Chest"},{"floor":26,"key":"Molten Egg 2"},{"floor":29,"key":"Pear"},{"floor":30,"key":"Girya"},{"floor":43,"key":"Bag of Preparation"},{"floor":44,"key":"Ancient Tea Set"}],"event_choices":[{"damage_healed":0,"gold_gain":0,"player_choice":"Box","damage_taken":0,"relics_obtained":["Incense Burner"],"max_hp_gain":0,"max_hp_loss":0,"event_name":"Big Fish","floor":4,"gold_loss":0,"cards_obtained":["Regret"]},{"cards_removed":["Regret"],"damage_healed":0,"gold_gain":0,"player_choice":"Card Removal","damage_taken":7,"max_hp_gain":0,"max_hp_loss":0,"event_name":"Golden Wing","floor":7,"gold_loss":0},{"damage_healed":0,"gold_gain":0,"player_choice":"Entered Light","damage_taken":14,"max_hp_gain":0,"max_hp_loss":0,"event_name":"Shining Light","floor":14,"gold_loss":0,"cards_upgraded":["Dualcast","All For One"]},{"damage_healed":0,"gold_gain":0,"player_choice":"Joined the Cult","damage_taken":6,"max_hp_gain":0,"max_hp_loss":0,"event_name":"Nest","floor":19,"gold_loss":0,"cards_obtained":["RitualDagger"]},{"damage_healed":0,"gold_gain":0,"player_choice":"Ignored","damage_taken":0,"max_hp_gain":0,"max_hp_loss":0,"event_name":"Vampires","floor":21,"gold_loss":0},{"damage_healed":0,"gold_gain":0,"player_choice":"Inject Mutagens","damage_taken":0,"relics_obtained":["MutagenicStrength"],"max_hp_gain":0,"max_hp_loss":0,"event_name":"Drug Dealer","floor":22,"gold_loss":0},{"cards_removed":["Strike_B"],"damage_healed":0,"gold_gain":0,"player_choice":"Gave Gold","damage_taken":0,"max_hp_gain":0,"max_hp_loss":0,"event_name":"Beggar","floor":27,"gold_loss":75},{"damage_healed":0,"gold_gain":0,"cards_transformed":["Defend_B"],"player_choice":"Transformed","damage_taken":0,"max_hp_gain":0,"max_hp_loss":0,"event_name":"Transmorgrifier","floor":38,"gold_loss":0,"cards_obtained":["Darkness"]}],"is_beta":false,"boss_relics":[{"not_picked":["Eternal Feather","Velvet Choker"],"picked":"Busted Crown"},{"not_picked":["Runic Dome","Snecko Eye"],"picked":"Lizard Tail"}],"items_purged_floors":[2,12],"is_endless":false,"potions_floor_spawned":[1,8,18,28,37,44],"killed_by":"Transient","ascension_level":14}