{"gold_per_floor":[110,121,52,69,69,103,103,119,119,139,139,157,157,173,173,272,272,284,315,315,335,353,353,369,379,379,379,392,392],"floor_reached":29,"playtime":1993,"items_purged":[],"score":304,"play_id":"ae91aca3-f02b-43b9-b62b-0cfbd911aaa0","local_time":"20190310231215","is_ascension_mode":true,"campfire_choices":[{"floor":7.0,"key":"REST"},{"floor":13.0,"key":"REST"},{"floor":15.0,"key":"REST"},{"data":"Demon Form","floor":23,"key":"SMITH"},{"floor":27,"key":"REST"}],"neow_cost":"NONE","seed_source_timestamp":0,"circlet_count":0,"master_deck":["Strike_R","Strike_R","Strike_R","Strike_R","Strike_R","Defend_R","Defend_R","Bash","Warcry","Feed","Headbutt","Demon Form+1","Flex","Flex","Shrug It Off","Impervious","Shrug It Off+1","Flame Barrier","Spot Weakness","Flex"],"special_seed":0,"relics":["Burning Blood","NeowsBlessing","Mercury Hourglass","Busted Crown","Red Mask","Toxic Egg 2"],"potions_floor_usage":[18,19,21,22],"damage_taken":[{"damage":0.0,"enemies":"Cultist","floor":1.0,"turns":1.0},{"damage":0.0,"enemies":"2 Louse","floor":2.0,"turns":1.0},{"damage":0.0,"enemies":"Jaw Worm","floor":4.0,"turns":1.0},{"damage":49.0,"enemies":"Lagavulin","floor":6.0,"turns":8.0},{"damage":37.0,"enemies":"Gremlin Gang","floor":8.0,"turns":4.0},{"damage":24.0,"enemies":"Lots of Slimes","floor":10.0,"turns":3.0},{"damage":14.0,"enemies":"Exordium Thugs","floor":12.0,"turns":3.0},{"damage":12.0,"enemies":"Large Slime","floor":14.0,"turns":4.0},{"damage":58.0,"enemies":"The Guardian","floor":16.0,"turns":8.0},{"damage":20,"enemies":"2 Thieves","floor":18,"turns":4},{"damage":42,"enemies":"Masked Bandits","floor":19,"turns":5},{"damage":1,"enemies":"3 Byrds","floor":21,"turns":5},{"damage":17,"enemies":"Shelled Parasite and Fungi","floor":22,"turns":7},{"damage":19,"enemies":"Centurion and Healer","floor":24,"turns":6},{"damage":13,"enemies":"Snecko","floor":25,"turns":6},{"damage":38,"enemies":"Sentry and Sphere","floor":28,"turns":6},{"damage":35,"enemies":"Slavers","floor":29,"turns":3}],"seed_played":"-5272061852828602315","potions_obtained":[{"floor":4.0,"key":"Explosive Potion"},{"floor":10.0,"key":"Strength Potion"},{"floor":12.0,"key":"Fire Potion"},{"floor":16.0,"key":"SkillPotion"},{"floor":18,"key":"Strength Potion"},{"floor":19,"key":"Poison Potion"},{"floor":21,"key":"Block Potion"},{"floor":28,"key":"GamblersBrew"}],"is_trial":false,"path_per_floor":["M","M","$","M","$","E","R","M","T","M","?","M","R","M","R","B",null,"M","?","?","M","M","R","M","M","T","R","M","E"],"character_chosen":"IRONCLAD","items_purchased":["Feed"],"campfire_rested":4,"item_purchase_floors":[3],"current_hp_per_floor":[80,80,80,80,80,40,64,36,36,21,21,13,39,36,63,11,92,81,48,48,56,48,48,38,31,31,63,34,0],"gold":392,"neow_bonus":"THREE_ENEMY_KILL","is_prod":false,"is_daily":false,"chose_seed":false,"campfire_upgraded":1,"win_rate":0,"timestamp":1552270335,"path_taken":["M","M","$","?","?","E","R","M","T","?","?","M","R","M","R","BOSS","M","?","?","M","M","R","M","?","T","R","M","E"],"build_version":"2019-01-23","purchased_purges":0,"victory":false,"max_hp_per_floor":[80,80,80,80,80,83,83,86,86,89,89,89,89,92,92,92,92,95,98,98,101,104,104,107,107,107,107,110,110],"card_choices":[{"not_picked":["Perfected Strike","Sword Boomerang"],"picked":"Warcry","floor":1.0},{"not_picked":["Iron Wave","Bloodletting","Wild Strike"],"picked":"SKIP","floor":2.0},{"not_picked":["Cleave","Clash"],"picked":"Headbutt","floor":4.0},{"not_picked":["Disarm","Intimidate"],"picked":"Demon Form","floor":6.0},{"not_picked":["Pommel Strike","Heavy Blade"],"picked":"Flex","floor":8.0},{"not_picked":["Shrug It Off","Combust"],"picked":"Flex","floor":10.0},{"not_picked":["Twin Strike","Uppercut","Pommel Strike"],"picked":"SKIP","floor":12.0},{"not_picked":["Bludgeon","Cleave"],"picked":"Shrug It Off","floor":14.0},{"not_picked":["Barricade","Offering"],"picked":"Impervious","floor":16.0},{"not_picked":["Anger"],"picked":"SKIP","floor":18},{"not_picked":[],"picked":"Shrug It Off+1","floor":19},{"not_picked":["Wild Strike+1"],"picked":"SKIP","floor":21},{"not_picked":[],"picked":"Flame Barrier","floor":22},{"not_picked":[],"picked":"Spot Weakness","floor":24},{"not_picked":[],"picked":"Flex","floor":25},{"not_picked":["Power Through+1"],"picked":"SKIP","floor":28}],"player_experience":159825,"relics_obtained":[{"floor":6.0,"key":"Mercury Hourglass"},{"floor":19,"key":"Red Mask"},{"floor":26,"key":"Toxic Egg 2"}],"event_choices":[{"cards_removed":["Defend_R"],"damage_healed":0.0,"max_hp_gain":0.0,"max_hp_loss":0.0,"gold_gain":0.0,"event_name":"Living Wall","player_choice":"Forget","floor":11.0,"gold_loss":0.0,"damage_taken":0.0},{"damage_healed":0,"gold_gain":0,"player_choice":"Fought Bandits","damage_taken":0,"max_hp_gain":0,"max_hp_loss":0,"event_name":"Masked Bandits","floor":19,"gold_loss":0},{"cards_removed":["Defend_R"],"damage_healed":0,"gold_gain":0,"player_choice":"Purged","damage_taken":0,"max_hp_gain":0,"max_hp_loss":0,"event_name":"Purifier","floor":20,"gold_loss":0}],"is_beta":false,"boss_relics":[{"not_picked":["Calling Bell","Mark of Pain"],"picked":"Busted Crown"}],"items_purged_floors":[],"is_endless":false,"potions_floor_spawned":[4,10,12,16,18,19,21,28],"killed_by":"Slavers","ascension_level":2}