{"gold_per_floor":[15,33,47,61,75,75,107,126,126,51,51,65,65,78,78,177,177,188,287,116,216,235,235,250,263,290,290],"floor_reached":27,"playtime":2073,"items_purged":["Strike_B","Strike_B"],"score":219,"play_id":"3c1ae42d-9888-4b0c-8aeb-e917e7bd513e","local_time":"20190128121402","is_ascension_mode":false,"campfire_choices":[{"data":"Zap","floor":6,"key":"SMITH"},{"data":"Hologram","floor":13,"key":"SMITH"},{"data":"Dualcast","floor":15,"key":"SMITH"},{"data":"Electrodynamics","floor":23,"key":"SMITH"}],"neow_cost":"NO_GOLD","seed_source_timestamp":842627874892277,"circlet_count":0,"master_deck":["Strike_B","Strike_B","Defend_B","Defend_B","Defend_B","Zap+1","Dualcast+1","Electrodynamics+1","Streamline","BootSequence","Capacitor","Hello World","Go for the Eyes","Steam","Darkness","Hologram+1","FTL","Reprogram","Echo Form","Reprogram+1","FTL","Turbo+1","Tempest","Multi-Cast","Consume","Stack"],"relics":["Cracked Core","Dream Catcher","Prayer Wheel","Philosopher\u0027s Stone","Ancient Tea Set"],"potions_floor_usage":[16,27],"damage_taken":[{"damage":1,"enemies":"Cultist","floor":1,"turns":3},{"damage":1,"enemies":"2 Louse","floor":2,"turns":2},{"damage":1,"enemies":"Jaw Worm","floor":3,"turns":3},{"damage":0,"enemies":"Gremlin Gang","floor":4,"turns":1},{"damage":7,"enemies":"Exordium Thugs","floor":5,"turns":4},{"damage":13,"enemies":"3 Sentries","floor":7,"turns":3},{"damage":0,"enemies":"2 Fungi Beasts","floor":8,"turns":2},{"damage":0,"enemies":"Looter","floor":12,"turns":2},{"damage":0,"enemies":"3 Louse","floor":14,"turns":3},{"damage":42,"enemies":"The Guardian","floor":16,"turns":8},{"damage":13,"enemies":"3 Byrds","floor":18,"turns":3},{"damage":5,"enemies":"Shell Parasite","floor":22,"turns":3},{"damage":11,"enemies":"Centurion and Healer","floor":24,"turns":4},{"damage":34,"enemies":"Shelled Parasite and Fungi","floor":25,"turns":6},{"damage":13,"enemies":"Snake Plant","floor":27,"turns":2}],"seed_played":"-8932451546265765087","potions_obtained":[{"floor":3,"key":"Dexterity Potion"},{"floor":7,"key":"EssenceOfSteel"},{"floor":8,"key":"Explosive Potion"},{"floor":16,"key":"SmokeBomb"},{"floor":18,"key":"AttackPotion"}],"is_trial":false,"path_per_floor":["M","M","M","M","M","R","E","M","T","$","?","M","R","M","R","B",null,"M","?","$","?","M","R","M","M","T","M"],"character_chosen":"DEFECT","items_purchased":["FTL"],"campfire_rested":0,"item_purchase_floors":[20],"current_hp_per_floor":[74,73,72,72,65,65,52,52,52,52,45,45,45,45,45,3,75,62,62,62,62,57,57,46,12,12,0],"gold":290,"neow_bonus":"THREE_RARE_CARDS","is_prod":false,"is_daily":false,"chose_seed":false,"campfire_upgraded":4,"win_rate":0.0,"timestamp":1548702842,"path_taken":["M","M","M","M","?","R","E","M","T","$","?","M","R","M","R","BOSS","M","?","$","?","M","R","M","?","T","M"],"build_version":"2019-01-23","purchased_purges":2,"victory":false,"max_hp_per_floor":[75,75,75,75,75,75,75,75,75,75,75,75,75,75,75,75,75,75,75,75,75,75,75,75,75,75,75],"card_choices":[{"not_picked":["Amplify","Machine Learning"],"picked":"Electrodynamics","floor":0},{"not_picked":["Cold Snap","Aggregate"],"picked":"Streamline","floor":1},{"not_picked":["Sweeping Beam","Leap"],"picked":"BootSequence","floor":2},{"not_picked":["Turbo","Undo"],"picked":"Capacitor","floor":3},{"not_picked":["Streamline","Leap"],"picked":"Hello World","floor":4},{"not_picked":["Blizzard","Gash"],"picked":"Go for the Eyes","floor":5},{"not_picked":["Go for the Eyes","Rebound"],"picked":"Steam","floor":7},{"not_picked":["Creative AI","Redo"],"picked":"Darkness","floor":8},{"not_picked":["Reprogram","Reinforced Body"],"picked":"Hologram","floor":12},{"not_picked":["Leap","Gash","Streamline"],"picked":"SKIP","floor":12},{"not_picked":["Leap","Ball Lightning"],"picked":"FTL","floor":14},{"not_picked":["Streamline","Stack"],"picked":"Reprogram","floor":14},{"not_picked":["Thunder Strike","Meteor Strike"],"picked":"Echo Form","floor":16},{"not_picked":["Leap","Ball Lightning"],"picked":"Reprogram+1","floor":18},{"not_picked":["Cold Snap","Go for the Eyes","Darkness"],"picked":"SKIP","floor":18},{"not_picked":["Heatsinks","Conserve Battery"],"picked":"Turbo+1","floor":22},{"not_picked":["Hello World+1","Leap"],"picked":"Tempest","floor":22},{"not_picked":["Beam Cell","Double Energy"],"picked":"Multi-Cast","floor":24},{"not_picked":["Static Discharge","Rebound+1","Glacier+1"],"picked":"SKIP","floor":24},{"not_picked":["Melter","Streamline+1"],"picked":"Consume","floor":25},{"not_picked":["Turbo","Ball Lightning"],"picked":"Stack","floor":25}],"player_experience":30342,"relics_obtained":[{"floor":7,"key":"Dream Catcher"},{"floor":9,"key":"Prayer Wheel"},{"floor":26,"key":"Ancient Tea Set"}],"event_choices":[{"cards_removed":["Defend_B"],"damage_healed":0,"gold_gain":0,"player_choice":"Card Removal","damage_taken":7,"max_hp_gain":0,"max_hp_loss":0,"event_name":"Golden Wing","floor":11,"gold_loss":0},{"damage_healed":0,"gold_gain":99,"player_choice":"Stole From Cult","damage_taken":0,"max_hp_gain":0,"max_hp_loss":0,"event_name":"Nest","floor":19,"gold_loss":0},{"damage_healed":0,"gold_gain":100,"player_choice":"Pray","damage_taken":0,"max_hp_gain":0,"max_hp_loss":0,"event_name":"Golden Shrine","floor":21,"gold_loss":0}],"is_beta":false,"boss_relics":[{"not_picked":["Orrery","Velvet Choker"],"picked":"Philosopher\u0027s Stone"}],"items_purged_floors":[10,20],"is_endless":false,"potions_floor_spawned":[3,7,8,16,18],"killed_by":"Snake Plant","ascension_level":0}