{"gold_per_floor":[114,114,126,144,1,27,27,58,58,58,58,58,135,85,85,159,159,172,172,272,272,288,288,288],"floor_reached":24,"playtime":1270,"items_purged":["Defend_B"],"score":350,"play_id":"d7cdae29-0c55-4be6-a5f6-9971389fb3b0","local_time":"20190209220702","is_ascension_mode":true,"campfire_choices":[{"floor":7,"key":"REST"},{"floor":10,"key":"REST"},{"floor":12,"key":"REST"},{"data":"Reinforced Body","floor":15,"key":"SMITH"},{"data":"Zap","floor":23,"key":"SMITH"}],"neow_cost":"NONE","seed_source_timestamp":1912581763231040,"circlet_count":0,"master_deck":["AscendersBane","Strike_B","Strike_B","Strike_B","Strike_B","Defend_B","Defend_B","Zap+1","Dualcast","Reinforced Body+1","Ball Lightning+1","Cold Snap","Melter+1","Self Repair","Electrodynamics","Normality","RitualDagger","BootSequence+1","Multi-Cast+1"],"relics":["Cracked Core","Art of War","DataDisk","Smiling Mask","Meat on the Bone","Omamori","Singing Bowl","Calling Bell","Vajra","Bird Faced Urn","Toxic Egg 2","Dead Branch","Pantograph","Strawberry"],"potions_floor_usage":[6,8,16,20],"damage_taken":[{"damage":12,"enemies":"Jaw Worm","floor":1,"turns":3},{"damage":3,"enemies":"Small Slimes","floor":3,"turns":4},{"damage":3,"enemies":"2 Louse","floor":4,"turns":2},{"damage":11,"enemies":"Gremlin Nob","floor":6,"turns":4},{"damage":14,"enemies":"3 Sentries","floor":8,"turns":7},{"damage":15,"enemies":"Hexaghost","floor":16,"turns":11},{"damage":20,"enemies":"2 Thieves","floor":18,"turns":3},{"damage":30,"enemies":"Colosseum Slavers","floor":20,"turns":4},{"damage":29,"enemies":"Colosseum Nobs","floor":20,"turns":4},{"damage":0,"enemies":"Chosen","floor":22,"turns":4},{"damage":61,"enemies":"Book of Stabbing","floor":24,"turns":5}],"seed_played":"-9058592856645614212","potions_obtained":[{"floor":1,"key":"SpeedPotion"},{"floor":3,"key":"Block Potion"},{"floor":6,"key":"Poison Potion"},{"floor":16,"key":"Fire Potion"}],"is_trial":false,"path_per_floor":["M","?","M","M","$","E","R","E","T","R","?","R","T","$","R","B",null,"M","?","?","T","M","R","E"],"character_chosen":"DEFECT","items_purchased":["DataDisk"],"campfire_rested":3,"item_purchase_floors":[5],"current_hp_per_floor":[52,45,42,39,39,28,49,35,35,56,35,56,56,56,56,48,65,58,52,39,46,57,57,0],"gold":288,"neow_bonus":"RANDOM_COMMON_RELIC","is_prod":false,"is_daily":false,"chose_seed":false,"campfire_upgraded":2,"win_rate":0,"timestamp":1549775222,"path_taken":["M","?","M","M","$","E","R","E","T","R","?","R","?","$","R","BOSS","M","?","?","?","M","R","E"],"build_version":"2019-01-23","purchased_purges":1,"victory":false,"max_hp_per_floor":[71,71,71,71,71,71,71,71,71,71,71,71,71,71,71,71,71,73,73,73,80,80,80,80],"card_choices":[{"not_picked":["Ball Lightning","Force Field"],"picked":"Reinforced Body","floor":1},{"not_picked":["Rip and Tear","Redo"],"picked":"Ball Lightning","floor":3},{"not_picked":["Conserve Battery","Multi-Cast"],"picked":"Cold Snap","floor":4},{"not_picked":["Meteor Strike","Darkness"],"picked":"Melter","floor":6},{"not_picked":["Auto Shields","Redo"],"picked":"Self Repair","floor":8},{"not_picked":["Echo Form","Biased Cognition"],"picked":"Electrodynamics","floor":16},{"not_picked":["Force Field+1","Gash","Streamline"],"picked":"Singing Bowl","floor":18},{"not_picked":["Fusion+1","Gash+1"],"picked":"BootSequence+1","floor":20},{"not_picked":["Steam Power+1","Sweeping Beam"],"picked":"Multi-Cast+1","floor":22}],"player_experience":1034244,"relics_obtained":[{"floor":6,"key":"Smiling Mask"},{"floor":8,"key":"Meat on the Bone"},{"floor":9,"key":"Omamori"},{"floor":13,"key":"Singing Bowl"},{"floor":17,"key":"Vajra"},{"floor":17,"key":"Bird Faced Urn"},{"floor":17,"key":"Toxic Egg 2"},{"floor":20,"key":"Dead Branch"},{"floor":20,"key":"Pantograph"},{"floor":21,"key":"Strawberry"}],"event_choices":[{"cards_removed":["Defend_B"],"damage_healed":0,"gold_gain":0,"player_choice":"Card Removal","damage_taken":7,"max_hp_gain":0,"max_hp_loss":0,"event_name":"Golden Wing","floor":2,"gold_loss":0},{"damage_healed":0,"gold_gain":0,"player_choice":"Entered Light","damage_taken":21,"max_hp_gain":0,"max_hp_loss":0,"event_name":"Shining Light","floor":11,"gold_loss":0,"cards_upgraded":["Melter","Ball Lightning"]},{"damage_healed":0,"gold_gain":0,"player_choice":"Joined the Cult","damage_taken":6,"max_hp_gain":0,"max_hp_loss":0,"event_name":"Nest","floor":19,"gold_loss":0,"cards_obtained":["RitualDagger"]},{"damage_healed":0,"gold_gain":0,"player_choice":"Fight","damage_taken":0,"max_hp_gain":0,"max_hp_loss":0,"event_name":"Colosseum","floor":20,"gold_loss":0},{"damage_healed":0,"gold_gain":0,"player_choice":"Fought Nobs","damage_taken":0,"max_hp_gain":0,"max_hp_loss":0,"event_name":"Colosseum","floor":20,"gold_loss":0}],"is_beta":false,"boss_relics":[{"not_picked":["Coffee Dripper","Runic Pyramid"],"picked":"Calling Bell"}],"items_purged_floors":[14],"is_endless":false,"potions_floor_spawned":[1,3,6,16,20],"killed_by":"Book of Stabbing","ascension_level":15}