{"gold_per_floor":[113,113,113,133,37,37,54,54,78,3,3,22,22,22,22,118,118,133,151,169,169,192,225,225,240,240,240,240,240,257,271,271,348,348,366,366,386,401,419,419,6,16,16,16,16,16,26,26,26,26],"floor_reached":50,"playtime":2691,"items_purged":["Strike_R"],"score":983,"play_id":"fd5426c6-c060-4352-af3f-a10f078b811a","local_time":"20190311113724","is_ascension_mode":true,"campfire_choices":[{"data":"Discovery","floor":6,"key":"SMITH"},{"data":"True Grit","floor":8,"key":"SMITH"},{"data":"Shrug It Off","floor":13,"key":"SMITH"},{"data":"Carnage","floor":15,"key":"SMITH"},{"floor":24,"key":"REST"},{"floor":28,"key":"REST"},{"floor":32,"key":"REST"},{"floor":40,"key":"REST"},{"floor":44,"key":"REST"},{"floor":46,"key":"REST"},{"floor":49,"key":"REST"}],"neow_cost":"PERCENT_DAMAGE","seed_source_timestamp":383880419801749,"circlet_count":0,"master_deck":["AscendersBane","Strike_R","Defend_R","Defend_R","Defend_R","Defend_R","Bash","Carnage+1","Flex","Discovery+1","True Grit+1","Shrug It Off+1","Immolate","Clash","Thunderclap","Headbutt","Cleave","Shockwave","Inflame","Intimidate","Dark Embrace","Rage+1","Power Through","Shrug It Off","Panache","Spot Weakness","Flash of Steel","Second Wind","Heavy Blade+1","Panache"],"relics":["Burning Blood","Ginger","Red Skull","Pen Nib","Pantograph","Bloody Idol","Fusion Hammer","Champion Belt","Bag of Preparation","Mark of Pain","Blue Candle"],"potions_floor_usage":[16,23,33,38,39,42,50],"damage_taken":[{"damage":13,"enemies":"Small Slimes","floor":1,"turns":4},{"damage":0,"enemies":"2 Louse","floor":4,"turns":3},{"damage":4,"enemies":"Jaw Worm","floor":7,"turns":3},{"damage":16,"enemies":"Gremlin Gang","floor":12,"turns":4},{"damage":30,"enemies":"Slime Boss","floor":16,"turns":8},{"damage":0,"enemies":"Chosen","floor":18,"turns":3},{"damage":16,"enemies":"Shell Parasite","floor":19,"turns":4},{"damage":8,"enemies":"Centurion and Healer","floor":20,"turns":4},{"damage":8,"enemies":"Snake Plant","floor":22,"turns":3},{"damage":40,"enemies":"Book of Stabbing","floor":23,"turns":4},{"damage":34,"enemies":"Sentry and Sphere","floor":25,"turns":6},{"damage":10,"enemies":"Snecko","floor":30,"turns":4},{"damage":14,"enemies":"Snake Plant","floor":31,"turns":2},{"damage":54,"enemies":"Collector","floor":33,"turns":10},{"damage":38,"enemies":"3 Darklings","floor":35,"turns":5},{"damage":2,"enemies":"Orb Walker","floor":37,"turns":3},{"damage":23,"enemies":"4 Shapes","floor":38,"turns":8},{"damage":11,"enemies":"Transient","floor":39,"turns":6},{"damage":24,"enemies":"Sphere and 2 Shapes","floor":42,"turns":5},{"damage":46,"enemies":"Writhing Mass","floor":47,"turns":4},{"damage":73,"enemies":"Time Eater","floor":50,"turns":5}],"seed_played":"4767779142875510773","potions_obtained":[{"floor":4,"key":"Strength Potion"},{"floor":20,"key":"GamblersBrew"},{"floor":22,"key":"PowerPotion"},{"floor":25,"key":"Block Potion"},{"floor":30,"key":"SteroidPotion"},{"floor":31,"key":"Dexterity Potion"},{"floor":35,"key":"SkillPotion"},{"floor":39,"key":"Poison Potion"},{"floor":42,"key":"Weak Potion"},{"floor":47,"key":"Energy Potion"}],"is_trial":false,"path_per_floor":["M","?","?","M","$","R","M","R","T","?","T","M","R","?","R","B",null,"M","M","M","?","M","E","R","M","T","?","R","?","M","M","R","B",null,"M","?","M","M","M","R","$","M","T","R","?","R","M","?","R","B"],"character_chosen":"IRONCLAD","items_purchased":["Discovery","Panache","Spot Weakness","Flash of Steel"],"campfire_rested":7,"item_purchase_floors":[5,41,41,41],"current_hp_per_floor":[43,43,32,38,38,38,40,40,40,40,40,30,30,30,30,31,59,65,55,53,53,51,17,37,9,9,9,29,29,30,27,47,25,57,30,30,39,27,27,47,47,34,34,54,54,68,33,33,53,0],"gold":26,"neow_bonus":"ONE_RARE_RELIC","is_prod":false,"is_daily":false,"chose_seed":false,"campfire_upgraded":4,"win_rate":0,"timestamp":1552325844,"path_taken":["M","?","?","M","?","R","?","R","T","?","?","M","R","?","R","BOSS","M","M","M","?","?","E","R","M","T","?","R","?","M","M","R","BOSS","M","?","M","M","M","R","$","?","T","R","?","R","?","?","R","BOSS"],"build_version":"2019-01-23","purchased_purges":1,"victory":false,"max_hp_per_floor":[75,75,75,75,75,75,75,75,75,75,75,75,75,68,68,68,68,68,68,68,68,68,68,68,68,68,68,68,68,68,68,68,68,68,68,68,68,68,68,68,68,68,68,68,68,68,68,68,68,68],"card_choices":[{"not_picked":["Warcry","Pummel"],"picked":"Carnage","floor":1},{"not_picked":["Sword Boomerang","Entrench"],"picked":"Flex","floor":4},{"not_picked":["Headbutt","Dropkick"],"picked":"True Grit","floor":7},{"not_picked":["Pummel","Spot Weakness"],"picked":"Shrug It Off","floor":12},{"not_picked":["Feed","Bludgeon"],"picked":"Immolate","floor":16},{"not_picked":["Twin Strike","Anger"],"picked":"Clash","floor":18},{"not_picked":["Clash","Body Slam"],"picked":"Thunderclap","floor":19},{"not_picked":["Wild Strike","Pummel"],"picked":"Headbutt","floor":20},{"not_picked":["Sword Boomerang+1","Thunderclap"],"picked":"Cleave","floor":22},{"not_picked":["Dual Wield","Juggernaut"],"picked":"Shockwave","floor":23},{"not_picked":["Evolve","Pummel"],"picked":"Inflame","floor":25},{"not_picked":["Perfected Strike","True Grit","Twin Strike"],"picked":"SKIP","floor":30},{"not_picked":["True Grit","Thunderclap"],"picked":"Intimidate","floor":31},{"not_picked":["Immolate","Bludgeon"],"picked":"Dark Embrace","floor":33},{"not_picked":["Flame Barrier+1","Intimidate"],"picked":"Rage+1","floor":35},{"not_picked":["Shockwave","Warcry","True Grit"],"picked":"SKIP","floor":37},{"not_picked":["Thunderclap","Headbutt"],"picked":"Power Through","floor":38},{"not_picked":["Clothesline","Rage"],"picked":"Shrug It Off","floor":39},{"not_picked":["True Grit","Wild Strike","Thunderclap"],"picked":"SKIP","floor":42},{"not_picked":["Metallicize","Anger"],"picked":"Heavy Blade+1","floor":47}],"player_experience":1384588,"relics_obtained":[{"floor":9,"key":"Pen Nib"},{"floor":11,"key":"Pantograph"},{"floor":23,"key":"Champion Belt"},{"floor":26,"key":"Bag of Preparation"},{"floor":43,"key":"Blue Candle"}],"event_choices":[{"cards_removed":["Strike_R"],"damage_healed":0,"gold_gain":0,"player_choice":"Forget","damage_taken":0,"max_hp_gain":0,"max_hp_loss":0,"event_name":"Living Wall","floor":2,"gold_loss":0},{"damage_healed":0,"gold_gain":0,"player_choice":"Success","damage_taken":11,"relics_obtained":["Red Skull"],"max_hp_gain":0,"max_hp_loss":0,"event_name":"Scrap Ooze","floor":3,"gold_loss":0},{"cards_removed":["Strike_R"],"damage_healed":0,"gold_gain":0,"player_choice":"Card Removal","damage_taken":0,"max_hp_gain":0,"max_hp_loss":0,"event_name":"The Cleric","floor":10,"gold_loss":75},{"damage_healed":0,"gold_gain":0,"player_choice":"Lose Max HP","damage_taken":0,"relics_obtained":["Golden Idol"],"max_hp_gain":0,"max_hp_loss":7,"event_name":"Golden Idol","floor":14,"gold_loss":0},{"damage_healed":0,"gold_gain":0,"player_choice":"Ignored","damage_taken":0,"max_hp_gain":0,"max_hp_loss":0,"event_name":"N\u0027loth","floor":21,"gold_loss":0},{"damage_healed":0,"gold_gain":0,"player_choice":"Gave Idol","damage_taken":0,"relics_obtained":["Bloody Idol"],"max_hp_gain":0,"max_hp_loss":0,"event_name":"Forgotten Altar","floor":27,"relics_lost":["Golden Idol"],"gold_loss":0},{"damage_healed":0,"gold_gain":0,"player_choice":"Ignored","damage_taken":0,"max_hp_gain":0,"max_hp_loss":0,"event_name":"Vampires","floor":29,"gold_loss":0},{"damage_healed":0,"gold_gain":0,"player_choice":"Ignored","damage_taken":0,"max_hp_gain":0,"max_hp_loss":0,"event_name":"SecretPortal","floor":36,"gold_loss":0},{"damage_healed":0,"gold_gain":0,"cards_transformed":["Strike_R"],"player_choice":"Transformed","damage_taken":0,"max_hp_gain":0,"max_hp_loss":0,"event_name":"Transmorgrifier","floor":45,"gold_loss":0,"cards_obtained":["Second Wind"]},{"damage_healed":0,"gold_gain":0,"player_choice":"Copied","damage_taken":0,"max_hp_gain":0,"max_hp_loss":0,"event_name":"Duplicator","floor":48,"gold_loss":0,"cards_obtained":["Panache"]}],"is_beta":false,"boss_relics":[{"not_picked":["Tiny House","Black Blood"],"picked":"Fusion Hammer"},{"not_picked":["Black Star","Runic Pyramid"],"picked":"Mark of Pain"}],"items_purged_floors":[41],"is_endless":false,"potions_floor_spawned":[4,20,22,25,30,31,35,39,42,47],"killed_by":"Time Eater","ascension_level":20}