{"gold_per_floor":[118,118,16,35,35,35,83,83,83,83,101,125,140,161,161,285,285,308,208,282,297,316,316,392,392,392,405,405,405,420,420,420,546,609,628,628,452,466,466,466,489,489,489,514,847,847,269,289,289,289],"floor_reached":51,"playtime":3283,"items_purged":["Strike_R","Strike_R","Strike_R","Defend_R"],"score":662,"play_id":"661ff1aa-87d2-44ef-b782-390852633c78","local_time":"20190311230529","is_ascension_mode":false,"campfire_choices":[{"data":"Clothesline","floor":6,"key":"SMITH"},{"data":"Bash","floor":8,"key":"SMITH"},{"data":"Warcry","floor":10,"key":"SMITH"},{"floor":15,"key":"REST"},{"floor":23,"key":"REST"},{"data":"Spot Weakness","floor":25,"key":"SMITH"},{"data":"Heavy Blade","floor":28,"key":"SMITH"},{"data":"Demon Form","floor":32,"key":"SMITH"},{"data":"Limit Break","floor":40,"key":"SMITH"},{"floor":42,"key":"REST"},{"floor":49,"key":"REST"}],"neow_cost":"NONE","seed_source_timestamp":726197151990527,"circlet_count":0,"master_deck":["Strike_R+1","Defend_R","Bash+1","Clothesline+1","Warcry+1","Headbutt+1","Fiend Fire+1","Spot Weakness+1","Heavy Blade+1","Exhume","Armaments","Flex+1","Inflame+1","Spot Weakness+1","Spot Weakness","Demon Form+1","Limit Break+1","Armaments","Warcry+1","Flex+1","Whirlwind+1","Warcry","Sword Boomerang+1"],"relics":["Burning Blood","Strawberry","Bottled Lightning","Philosopher\u0027s Stone","Kunai","Gremlin Horn","Charon\u0027s Ashes","Tiny House","Mercury Hourglass","Dodecahedron","Whetstone","Dream Catcher"],"potions_floor_usage":[16,16,18,27,33,41,50,50],"damage_taken":[{"damage":0,"enemies":"Small Slimes","floor":1,"turns":4},{"damage":5,"enemies":"2 Louse","floor":4,"turns":3},{"damage":3,"enemies":"Jaw Worm","floor":11,"turns":3},{"damage":23,"enemies":"Lots of Slimes","floor":12,"turns":4},{"damage":6,"enemies":"Exordium Thugs","floor":13,"turns":4},{"damage":10,"enemies":"Looter","floor":14,"turns":2},{"damage":34,"enemies":"Hexaghost","floor":16,"turns":5},{"damage":27,"enemies":"2 Thieves","floor":18,"turns":3},{"damage":19,"enemies":"Shell Parasite","floor":21,"turns":3},{"damage":33,"enemies":"Snake Plant","floor":22,"turns":4},{"damage":0,"enemies":"Snecko","floor":27,"turns":2},{"damage":7,"enemies":"Cultist and Chosen","floor":30,"turns":3},{"damage":41,"enemies":"Collector","floor":33,"turns":6},{"damage":35,"enemies":"Orb Walker","floor":35,"turns":3},{"damage":19,"enemies":"3 Shapes","floor":38,"turns":5},{"damage":7,"enemies":"Sphere and 2 Shapes","floor":41,"turns":3},{"damage":35,"enemies":"Maw","floor":44,"turns":5},{"damage":8,"enemies":"Transient","floor":48,"turns":5},{"damage":65,"enemies":"Time Eater","floor":50,"turns":6}],"seed_played":"7915171314605134581","potions_obtained":[{"floor":11,"key":"Energy Potion"},{"floor":12,"key":"Poison Potion"},{"floor":14,"key":"EssenceOfSteel"},{"floor":22,"key":"Swift Potion"},{"floor":30,"key":"Fire Potion"},{"floor":34,"key":"FairyPotion"},{"floor":38,"key":"Strength Potion"},{"floor":41,"key":"SpeedPotion"}],"is_trial":false,"path_per_floor":["M","?","$","M","?","R","T","R","T","R","M","M","M","M","R","B",null,"M","$","T","M","M","R","T","R","T","M","R","?","M","?","R","B",null,"M","?","$","M","?","R","M","R","T","M","?","T","$","M","R","B",null],"character_chosen":"IRONCLAD","items_purchased":["Clothesline","Energy Potion","Whetstone","Dream Catcher","BloodPotion","Warcry"],"campfire_rested":4,"item_purchase_floors":[3,37,47,47,47,47],"current_hp_per_floor":[80,60,60,61,54,54,61,61,61,61,64,47,47,43,69,41,87,66,66,66,53,26,52,52,52,52,58,58,58,57,87,87,52,92,63,63,63,50,50,50,49,76,76,47,47,47,47,45,72,22],"gold":289,"neow_bonus":"REMOVE_CARD","is_prod":false,"is_daily":false,"chose_seed":false,"campfire_upgraded":7,"win_rate":0,"timestamp":1552356329,"path_taken":["M","?","$","M","?","R","?","R","T","R","M","M","M","M","R","BOSS","M","$","?","M","M","R","?","R","T","?","R","?","M","?","R","BOSS","M","?","?","M","?","R","M","R","T","M","?","?","$","M","R","BOSS"],"build_version":"2019-01-23","purchased_purges":4,"victory":true,"max_hp_per_floor":[80,80,80,80,80,80,87,87,87,87,87,87,87,87,87,87,87,87,87,87,87,87,87,87,87,87,87,87,87,87,87,87,87,92,92,92,92,92,92,92,92,92,92,92,92,92,92,92,92,92],"card_choices":[{"not_picked":["Iron Wave","Havoc","Burning Pact"],"picked":"SKIP","floor":1},{"not_picked":["Clothesline","True Grit"],"picked":"Warcry","floor":4},{"not_picked":["Clothesline","Anger"],"picked":"Headbutt","floor":11},{"not_picked":["Cleave","Headbutt"],"picked":"Fiend Fire","floor":12},{"not_picked":["Dual Wield","Warcry"],"picked":"Spot Weakness","floor":13},{"not_picked":["Sentinel","Headbutt"],"picked":"Heavy Blade","floor":14},{"not_picked":["Berserk","Fiend Fire"],"picked":"Exhume","floor":16},{"not_picked":["Clash","Iron Wave"],"picked":"Armaments","floor":18},{"not_picked":["Clothesline+1","Sword Boomerang+1"],"picked":"Flex+1","floor":21},{"not_picked":["Flex","Rupture+1"],"picked":"Inflame+1","floor":22},{"not_picked":["Anger+1","Heavy Blade"],"picked":"Spot Weakness+1","floor":27},{"not_picked":["Cleave","Clash"],"picked":"Demon Form","floor":30},{"not_picked":["Brutality","Reaper"],"picked":"Limit Break","floor":33},{"not_picked":["Iron Wave","Body Slam+1"],"picked":"Armaments","floor":34},{"not_picked":["Power Through+1","Armaments","Wild Strike+1"],"picked":"SKIP","floor":35},{"not_picked":["Entrench+1","Wild Strike+1"],"picked":"Warcry+1","floor":38},{"not_picked":["Juggernaut","Power Through"],"picked":"Flex+1","floor":41},{"not_picked":["Anger","Fire Breathing+1"],"picked":"Whirlwind+1","floor":44},{"not_picked":["Heavy Blade","Blood for Blood+1"],"picked":"Sword Boomerang+1","floor":48}],"player_experience":168689,"relics_obtained":[{"floor":7,"key":"Strawberry"},{"floor":9,"key":"Bottled Lightning"},{"floor":20,"key":"Kunai"},{"floor":24,"key":"Gremlin Horn"},{"floor":26,"key":"Charon\u0027s Ashes"},{"floor":43,"key":"Mercury Hourglass"},{"floor":46,"key":"Dodecahedron"}],"event_choices":[{"damage_healed":0,"gold_gain":0,"player_choice":"Take Damage","damage_taken":20,"relics_obtained":["Golden Idol"],"max_hp_gain":0,"max_hp_loss":0,"event_name":"Golden Idol","floor":2,"gold_loss":0},{"cards_removed":["Defend_R"],"damage_healed":0,"gold_gain":0,"player_choice":"Card Removal","damage_taken":7,"max_hp_gain":0,"max_hp_loss":0,"event_name":"Golden Wing","floor":5,"gold_loss":0},{"damage_healed":0,"gold_gain":0,"player_choice":"Read","damage_taken":0,"max_hp_gain":0,"max_hp_loss":0,"event_name":"The Library","floor":29,"gold_loss":0,"cards_obtained":["Spot Weakness"]},{"damage_healed":30,"gold_gain":0,"player_choice":"Full Heal","damage_taken":0,"max_hp_gain":0,"max_hp_loss":0,"event_name":"Wheel of Change","floor":31,"gold_loss":0},{"cards_removed":["Strike_R"],"damage_healed":0,"gold_gain":0,"player_choice":"Purged","damage_taken":0,"max_hp_gain":0,"max_hp_loss":0,"event_name":"Purifier","floor":36,"gold_loss":0},{"damage_healed":0,"gold_gain":0,"player_choice":"Ignored","damage_taken":0,"max_hp_gain":0,"max_hp_loss":0,"event_name":"Tomb of Lord Red Mask","floor":39,"gold_loss":0},{"damage_healed":0,"gold_gain":333,"player_choice":"Gave Idol","damage_taken":0,"max_hp_gain":0,"max_hp_loss":0,"event_name":"The Moai Head","floor":45,"relics_lost":["Golden Idol"],"gold_loss":0}],"is_beta":false,"boss_relics":[{"not_picked":["Runic Cube","Pandora\u0027s Box"],"picked":"Philosopher\u0027s Stone"},{"not_picked":["Black Star","Sozu"],"picked":"Tiny House"}],"items_purged_floors":[3,19,37,47],"is_endless":false,"potions_floor_spawned":[11,12,14,22,30,38,41,48],"ascension_level":0}