{"gold_per_floor":[118,134,153,165,176,176,206,206,233,233,233,158,174,74,74,152,152,170,14,0],"floor_reached":20,"playtime":1059,"items_purged":["Strike_R","Decay"],"score":303,"play_id":"833094fe-c7c8-4ce3-98d7-9941f7d55074","local_time":"20190217085540","is_ascension_mode":true,"campfire_choices":[{"floor":6,"key":"REST"},{"floor":8,"key":"REST"},{"data":"Demon Form","floor":11,"key":"SMITH"},{"data":"Heavy Blade","floor":15,"key":"SMITH"}],"neow_cost":"NONE","seed_source_timestamp":146107898145531,"circlet_count":0,"master_deck":["AscendersBane","Strike_R+1","Defend_R","Defend_R","Defend_R+1","Defend_R","Bash","Demon Form+1","Thunderclap+1","Heavy Blade+1","Flame Barrier+1","Immolate","Iron Wave","Feel No Pain","Berserk","Heavy Blade+1","Flex+1","Perfected Strike+1","Entrench","Fiend Fire"],"relics":["Burning Blood","War Paint","Whetstone","Astrolabe"],"potions_floor_usage":[2,4,18],"damage_taken":[{"damage":23,"enemies":"Cultist","floor":1,"turns":5},{"damage":7,"enemies":"Jaw Worm","floor":2,"turns":4},{"damage":4,"enemies":"Small Slimes","floor":3,"turns":4},{"damage":56,"enemies":"Gremlin Gang","floor":4,"turns":5},{"damage":0,"enemies":"3 Louse","floor":5,"turns":1},{"damage":3,"enemies":"Exordium Wildlife","floor":13,"turns":2},{"damage":24,"enemies":"The Guardian","floor":16,"turns":9},{"damage":36,"enemies":"3 Byrds","floor":18,"turns":4},{"damage":57,"enemies":"2 Thieves","floor":20,"turns":3}],"seed_played":"2631145097610298131","potions_obtained":[{"floor":1,"key":"BloodPotion"},{"floor":2,"key":"Poison Potion"},{"floor":13,"key":"Fire Potion"}],"is_trial":false,"path_per_floor":["M","M","M","M","M","R","?","R","T","?","R","$","M","$","R","B",null,"M","$","M"],"character_chosen":"IRONCLAD","items_purchased":["Fiend Fire"],"campfire_rested":2,"item_purchase_floors":[19],"current_hp_per_floor":[51,57,59,9,15,37,37,59,59,59,59,59,62,62,62,44,67,37,37,0],"gold":0,"neow_bonus":"ONE_RANDOM_RARE_CARD","is_prod":false,"is_daily":false,"chose_seed":false,"campfire_upgraded":2,"win_rate":0,"timestamp":1550418940,"path_taken":["M","M","M","M","?","R","?","R","T","?","R","$","M","$","R","BOSS","M","$","M"],"build_version":"2019-01-23","purchased_purges":2,"victory":false,"max_hp_per_floor":[75,75,75,75,75,75,75,75,75,75,75,75,75,75,75,75,75,75,75,75],"card_choices":[{"not_picked":["Hemokinesis","Havoc"],"picked":"Thunderclap","floor":1},{"not_picked":["Blood for Blood","Cleave"],"picked":"Heavy Blade","floor":2},{"not_picked":["Sever Soul","Body Slam"],"picked":"Flame Barrier","floor":3},{"not_picked":["Cleave","Heavy Blade"],"picked":"Immolate","floor":4},{"not_picked":["Sentinel","Evolve"],"picked":"Iron Wave","floor":5},{"not_picked":["Havoc","Pommel Strike"],"picked":"Feel No Pain","floor":13},{"not_picked":["Bludgeon","Impervious"],"picked":"Berserk","floor":16},{"not_picked":["Rupture","Sentinel"],"picked":"Entrench","floor":18}],"player_experience":1133848,"relics_obtained":[{"floor":9,"key":"Whetstone"}],"event_choices":[{"damage_healed":0,"gold_gain":30,"player_choice":"Searched \u00272\u0027 times","damage_taken":0,"relics_obtained":["War Paint"],"max_hp_gain":0,"max_hp_loss":0,"event_name":"Dead Adventurer","floor":7,"gold_loss":0},{"damage_healed":0,"gold_gain":0,"player_choice":"Cursed","damage_taken":0,"max_hp_gain":0,"max_hp_loss":0,"event_name":"Wheel of Change","floor":10,"gold_loss":0,"cards_obtained":["Decay"]}],"is_beta":false,"boss_relics":[{"not_picked":["White Beast Statue","Tiny House"],"picked":"Astrolabe"}],"items_purged_floors":[12,14],"is_endless":false,"potions_floor_spawned":[1,2,13],"killed_by":"2 Thieves","ascension_level":17}