{"gold_per_floor":[10,30,30,105,123,123,161,161,161,336,357,357,357],"floor_reached":13,"playtime":591,"items_purged":[],"score":141,"play_id":"5d070b39-78d1-402b-ac76-fd967ddb6c73","local_time":"20190205232648","is_ascension_mode":true,"campfire_choices":[{"data":"Rainbow","floor":6,"key":"SMITH"},{"floor":12,"key":"REST"}],"neow_cost":"NO_GOLD","seed_source_timestamp":1572436267822994,"circlet_count":0,"master_deck":["AscendersBane","Strike_B","Strike_B","Strike_B","Defend_B","Defend_B","Defend_B","Defend_B","Zap","Dualcast","BootSequence","Beam Cell","Rainbow+1","Self Repair","Doubt","Rebound"],"relics":["Cracked Core","Mango","Golden Idol","Thread and Needle","Matryoshka"],"potions_floor_usage":[],"damage_taken":[{"damage":7,"enemies":"Small Slimes","floor":1,"turns":3},{"damage":0,"enemies":"2 Louse","floor":2,"turns":2},{"damage":0,"enemies":"Cultist","floor":5,"turns":3},{"damage":27,"enemies":"Lagavulin","floor":7,"turns":6},{"damage":10,"enemies":"Lots of Slimes","floor":11,"turns":5},{"damage":48,"enemies":"Gremlin Nob","floor":13,"turns":5}],"seed_played":"1533540792524361628","potions_obtained":[{"floor":7,"key":"Energy Potion"}],"is_trial":false,"path_per_floor":["M","M","?","?","M","R","E","?","T","?","M","R","E"],"character_chosen":"DEFECT","items_purchased":[],"campfire_rested":1,"item_purchase_floors":[],"current_hp_per_floor":[71,71,71,60,60,60,33,26,26,26,23,46,0],"gold":357,"neow_bonus":"ONE_RARE_RELIC","is_prod":false,"is_daily":false,"chose_seed":false,"campfire_upgraded":1,"win_rate":0,"timestamp":1549434408,"path_taken":["M","M","?","?","M","R","E","?","T","?","M","R","E"],"build_version":"2019-01-23","purchased_purges":0,"victory":false,"max_hp_per_floor":[85,85,79,79,79,79,79,79,79,79,79,79,79],"card_choices":[{"not_picked":["Leap","Rebound"],"picked":"BootSequence","floor":1},{"not_picked":["Streamline","Force Field"],"picked":"Beam Cell","floor":2},{"not_picked":["Auto Shields","Compile Driver"],"picked":"Rainbow","floor":5},{"not_picked":["Stack","Coolheaded"],"picked":"Self Repair","floor":7},{"not_picked":["Redo","Leap"],"picked":"Rebound","floor":11}],"player_experience":987130,"relics_obtained":[{"floor":7,"key":"Thread and Needle"},{"floor":9,"key":"Matryoshka"}],"event_choices":[{"damage_healed":0,"gold_gain":0,"player_choice":"Lose Max HP","damage_taken":0,"relics_obtained":["Golden Idol"],"max_hp_gain":0,"max_hp_loss":6,"event_name":"Golden Idol","floor":3,"gold_loss":0},{"damage_healed":0,"gold_gain":75,"player_choice":"Gather Gold","damage_taken":11,"max_hp_gain":0,"max_hp_loss":0,"event_name":"World of Goop","floor":4,"gold_loss":0},{"cards_removed":["Strike_B"],"damage_healed":0,"gold_gain":0,"player_choice":"Card Removal","damage_taken":7,"max_hp_gain":0,"max_hp_loss":0,"event_name":"Golden Wing","floor":8,"gold_loss":0},{"damage_healed":0,"gold_gain":175,"player_choice":"AGREE","damage_taken":0,"max_hp_gain":0,"max_hp_loss":0,"event_name":"Liars Game","floor":10,"gold_loss":0,"cards_obtained":["Doubt"]}],"is_beta":false,"boss_relics":[],"items_purged_floors":[],"is_endless":false,"potions_floor_spawned":[7],"killed_by":"Gremlin Nob","ascension_level":14}