{"gold_per_floor":[18,32,32,52,71,71,89,89,157,157,192,167,167,177,177,252,252,262,0,50,61,111,111,144,155,155,166,166,230,230,245,245,321,321,331,401,451,175,185,185,210,210],"floor_reached":42,"playtime":3136,"items_purged":["Strike_R","Strike_R"],"score":951,"play_id":"9a4a98ed-5f58-485d-9bdc-8d5e206dfd81","local_time":"20190223215133","is_ascension_mode":true,"campfire_choices":[{"floor":6,"key":"REST"},{"floor":8,"key":"REST"},{"data":"Rampage","floor":13,"key":"SMITH"},{"data":"Thunderclap","floor":15,"key":"SMITH"},{"floor":23,"key":"REST"},{"floor":28,"key":"REST"},{"data":"Armaments","floor":30,"key":"SMITH"},{"floor":32,"key":"REST"},{"floor":40,"key":"REST"}],"neow_cost":"NO_GOLD","seed_source_timestamp":95822255420667,"circlet_count":0,"master_deck":["AscendersBane","Defend_R","Defend_R","Defend_R","Bash","Shrug It Off","Rampage+1","Thunderclap+1","True Grit","Double Tap","Feed","Blood for Blood","J.A.X.","Armaments+1","Battle Trance+1","Feed","Flex"],"relics":["Burning Blood","StoneCalendar","Bottled Lightning","SsserpentHead","Centennial Puzzle","Busted Crown","Pen Nib","Kunai","Happy Flower","Empty Cage","Matryoshka","Girya"],"potions_floor_usage":[11,16,18,24,24,27,27,35,41,41],"damage_taken":[{"damage":19,"enemies":"Jaw Worm","floor":1,"turns":4},{"damage":6,"enemies":"Cultist","floor":2,"turns":3},{"damage":8,"enemies":"Small Slimes","floor":4,"turns":6},{"damage":40,"enemies":"Exordium Thugs","floor":5,"turns":7},{"damage":0,"enemies":"Exordium Wildlife","floor":7,"turns":4},{"damage":2,"enemies":"3 Sentries","floor":11,"turns":3},{"damage":10,"enemies":"Red Slaver","floor":14,"turns":4},{"damage":39,"enemies":"Slime Boss","floor":16,"turns":7},{"damage":22,"enemies":"2 Thieves","floor":18,"turns":4},{"damage":19,"enemies":"Spheric Guardian","floor":21,"turns":4},{"damage":25,"enemies":"Gremlin Leader","floor":24,"turns":5},{"damage":19,"enemies":"Centurion and Healer","floor":25,"turns":6},{"damage":16,"enemies":"Shelled Parasite and Fungi","floor":27,"turns":3},{"damage":16,"enemies":"Sentry and Sphere","floor":29,"turns":4},{"damage":4,"enemies":"Centurion and Healer","floor":31,"turns":3},{"damage":46,"enemies":"Automaton","floor":33,"turns":7},{"damage":41,"enemies":"3 Darklings","floor":35,"turns":5},{"damage":26,"enemies":"3 Shapes","floor":36,"turns":10},{"damage":29,"enemies":"3 Darklings","floor":39,"turns":3},{"damage":4,"enemies":"Giant Head","floor":41,"turns":5},{"damage":65,"enemies":"Transient","floor":42,"turns":6}],"seed_played":"-5412419470651080657","potions_obtained":[{"floor":5,"key":"AttackPotion"},{"floor":11,"key":"EssenceOfSteel"},{"floor":14,"key":"Dexterity Potion"},{"floor":16,"key":"Fire Potion"},{"floor":22,"key":"AttackPotion"},{"floor":24,"key":"Fire Potion"},{"floor":25,"key":"Fire Potion"},{"floor":33,"key":"Energy Potion"},{"floor":35,"key":"Weak Potion"},{"floor":39,"key":"Poison Potion"}],"is_trial":false,"path_per_floor":["M","M","?","M","M","R","M","R","T","?","E","$","R","M","R","B",null,"M","$","?","M","?","R","E","M","T","M","R","M","R","M","R","B",null,"M","M","?","$","M","R","E","M"],"character_chosen":"IRONCLAD","items_purchased":["Pen Nib","Matryoshka"],"campfire_rested":6,"item_purchase_floors":[19,38],"current_hp_per_floor":[55,55,55,53,19,41,47,69,69,69,73,73,73,69,69,36,65,52,52,52,39,39,62,43,33,33,26,51,44,44,50,77,37,78,43,30,30,30,11,41,43,0],"gold":210,"neow_bonus":"REMOVE_TWO","is_prod":false,"is_daily":false,"chose_seed":false,"campfire_upgraded":3,"win_rate":0,"timestamp":1550983893,"path_taken":["M","M","?","M","M","R","?","R","T","?","E","?","R","M","R","BOSS","M","$","?","M","?","R","E","M","T","M","R","?","R","M","R","BOSS","M","?","?","$","M","R","E","M"],"build_version":"2019-01-23","purchased_purges":2,"victory":false,"max_hp_per_floor":[75,75,75,75,75,75,75,75,75,75,75,75,75,75,75,75,75,78,78,78,78,78,78,78,81,81,84,84,87,87,91,91,91,91,91,98,98,98,102,102,102,102],"card_choices":[{"not_picked":["Havoc","Clothesline","Sword Boomerang"],"picked":"SKIP","floor":1},{"not_picked":["Entrench","Clothesline"],"picked":"Shrug It Off","floor":2},{"not_picked":["Dropkick","Twin Strike"],"picked":"Shrug It Off","floor":4},{"not_picked":["Burning Pact","Warcry"],"picked":"Rampage","floor":5},{"not_picked":["Spot Weakness","Flex"],"picked":"Thunderclap","floor":7},{"not_picked":["Flex","Reckless Charge"],"picked":"True Grit","floor":11},{"not_picked":["Uppercut","Perfected Strike"],"picked":"Double Tap","floor":14},{"not_picked":["Offering","Exhume"],"picked":"Feed","floor":16},{"not_picked":[],"picked":"Blood for Blood","floor":18},{"not_picked":["Clothesline"],"picked":"SKIP","floor":21},{"not_picked":[],"picked":"Armaments","floor":24},{"not_picked":[],"picked":"Battle Trance+1","floor":25},{"not_picked":["Wild Strike+1"],"picked":"SKIP","floor":27},{"not_picked":[],"picked":"Infernal Blade","floor":29},{"not_picked":["Hemokinesis"],"picked":"SKIP","floor":31},{"not_picked":[],"picked":"Feed","floor":33},{"not_picked":["Pommel Strike"],"picked":"SKIP","floor":35},{"not_picked":["True Grit"],"picked":"SKIP","floor":36},{"not_picked":[],"picked":"Flex","floor":39},{"not_picked":["Clothesline"],"picked":"SKIP","floor":41}],"player_experience":1231865,"relics_obtained":[{"floor":9,"key":"Bottled Lightning"},{"floor":11,"key":"Centennial Puzzle"},{"floor":24,"key":"Kunai"},{"floor":26,"key":"Happy Flower"},{"floor":41,"key":"Girya"}],"event_choices":[{"cards_removed":["Shrug It Off"],"damage_healed":0,"gold_gain":0,"player_choice":"Gave Card","damage_taken":0,"relics_obtained":["StoneCalendar"],"max_hp_gain":0,"max_hp_loss":0,"event_name":"WeMeetAgain","floor":3,"gold_loss":0},{"damage_healed":0,"gold_gain":0,"player_choice":"Trade","damage_taken":0,"relics_obtained":["SsserpentHead"],"max_hp_gain":0,"max_hp_loss":0,"event_name":"FaceTrader","floor":10,"gold_loss":0},{"damage_healed":0,"gold_gain":0,"player_choice":"Obtain J.A.X.","damage_taken":0,"max_hp_gain":0,"max_hp_loss":0,"event_name":"Drug Dealer","floor":20,"gold_loss":0,"cards_obtained":["J.A.X."]},{"damage_healed":0,"gold_gain":0,"player_choice":"Got Potions","damage_taken":0,"max_hp_gain":0,"max_hp_loss":0,"event_name":"Lab","floor":22,"gold_loss":0},{"cards_removed":["Infernal Blade"],"damage_healed":0,"gold_gain":0,"player_choice":"Removed Skill","damage_taken":0,"max_hp_gain":0,"max_hp_loss":0,"event_name":"Falling","floor":37,"gold_loss":0}],"is_beta":false,"boss_relics":[{"not_picked":["Eternal Feather","Lizard Tail"],"picked":"Busted Crown"},{"not_picked":["Runic Cube","Pandora\u0027s Box"],"picked":"Empty Cage"}],"items_purged_floors":[12,19],"is_endless":false,"potions_floor_spawned":[5,11,14,16,24,25,33,35,39],"killed_by":"Transient","ascension_level":19}