{"path_per_floor":["M","M","M","?","$","R","E","$","T","M","R","M","R","M","R","B",null,"M","?","M","T","$","R","E"],"character_chosen":"DEFECT","items_purchased":["White Noise","Storm"],"gold_per_floor":[113,126,138,138,63,63,98,29,54,73,73,93,93,103,103,203,203,213,138,157,182,0,0,26,26],"floor_reached":25,"campfire_rested":3,"playtime":1064,"item_purchase_floors":[8,22],"current_hp_per_floor":[82,73,73,73,73,73,43,43,43,24,63,57,57,42,81,52,75,53,53,42,42,42,81,37,0],"items_purged":["Regret","Strike_B"],"gold":26,"score":309,"play_id":"ff6104bc-d688-41d5-8884-e542e7a9c593","local_time":"20180519191814","is_prod":false,"is_daily":false,"chose_seed":false,"is_ascension_mode":true,"campfire_upgraded":2,"timestamp":1526779094,"campfire_choices":[{"data":"Rebound","floor":6,"key":"SMITH"},{"floor":11,"key":"REST"},{"data":"Sunder","floor":13,"key":"SMITH"},{"floor":15,"key":"REST"},{"floor":23,"key":"REST"}],"path_taken":["M","M","M","?","$","R","E","?","T","M","R","M","R","M","R","BOSS","M","?","M","?","$","R","E","M"],"build_version":"2018-05-18","seed_source_timestamp":858225479773495,"purchased_purges":2,"victory":false,"master_deck":["Strike_B","Strike_B","Defend_B","Defend_B","Defend_B","Defend_B","Zap","Dualcast","Rebound+1","Recycle","Tempest","Sunder+1","White Noise","Doom and Gloom","Static Discharge","Ball Lightning","Echo Form","Scrape+1","Storm","Static Discharge","Electrodynamics"],"max_hp_per_floor":[82,82,82,82,82,82,82,82,82,82,82,82,82,82,82,82,82,82,82,82,82,82,82,82,82],"relics":["Cracked Core","Mango","Ancient Tea Set","Regal Pillow","Potion Belt","Nuclear Battery","Dream Catcher","Question Card"],"card_choices":[{"not_picked":["Leap","Steam"],"picked":"Rebound","floor":1},{"not_picked":["Leap","Nova"],"picked":"Recycle","floor":2},{"not_picked":["Streamline","Go for the Eyes"],"picked":"Tempest","floor":3},{"not_picked":["Axe Kick","Stack"],"picked":"Sunder","floor":7},{"not_picked":["Loop","Hello World"],"picked":"Doom and Gloom","floor":10},{"not_picked":["Streamline","Force Field"],"picked":"Static Discharge","floor":12},{"not_picked":["Rebound","Sweeping Beam"],"picked":"Ball Lightning","floor":14},{"not_picked":["Reboot","Rainbow"],"picked":"Echo Form","floor":16},{"not_picked":["Axe Kick+1","Streamline"],"picked":"Scrape+1","floor":18},{"not_picked":["Recycle","Coolheaded+1","Hologram"],"picked":"SKIP","floor":20},{"not_picked":["Turbo","Rip and Tear"],"picked":"Static Discharge","floor":23},{"not_picked":["Rebound","Axe Kick"],"picked":"Electrodynamics","floor":24}],"player_experience":138508,"potions_floor_usage":[16,24],"damage_taken":[{"damage":0,"enemies":"Small Slimes","floor":1,"turns":3},{"damage":9,"enemies":"Jaw Worm","floor":2,"turns":3},{"damage":0,"enemies":"2 Louse","floor":3,"turns":2},{"damage":30,"enemies":"Gremlin Nob","floor":7,"turns":4},{"damage":19,"enemies":"Exordium Thugs","floor":10,"turns":4},{"damage":6,"enemies":"Looter","floor":12,"turns":2},{"damage":15,"enemies":"2 Fungi Beasts","floor":14,"turns":3},{"damage":29,"enemies":"The Guardian","floor":16,"turns":7},{"damage":22,"enemies":"2 Thieves","floor":18,"turns":2},{"damage":11,"enemies":"Spheric Guardian","floor":20,"turns":3},{"damage":44,"enemies":"Book of Stabbing","floor":24,"turns":4},{"damage":49,"enemies":"Centurion and Healer","floor":25,"turns":4}],"relics_obtained":[{"floor":7,"key":"Regal Pillow"},{"floor":9,"key":"Potion Belt"},{"floor":21,"key":"Dream Catcher"},{"floor":24,"key":"Question Card"}],"event_choices":[{"event_name":"Big Fish","player_choice":"Box","floor":4,"damage_taken":0},{"event_name":"Beggar","player_choice":"Gave Gold","floor":19,"damage_taken":0}],"boss_relics":[{"not_picked":["Velvet Choker","White Beast Statue"],"picked":"Nuclear Battery"}],"items_purged_floors":[5,22],"potions_floor_spawned":[12,14,16,18,24],"seed_played":"-1464966642540218125","killed_by":"Centurion and Healer","ascension_level":8,"potions_obtained":[{"floor":12,"key":"Poison Potion"},{"floor":14,"key":"FocusPotion"},{"floor":16,"key":"AttackPotion"},{"floor":18,"key":"SteroidPotion"},{"floor":24,"key":"Explosive Potion"}],"is_trial":false}