{"gold_per_floor":[110,35,35,54,68,93,93,93,93,93,168,185,210,220,220,220],"floor_reached":16,"playtime":660,"items_purged":["Strike_R"],"score":215,"play_id":"0c79bc17-a425-4e57-920e-d0baa6315a8a","local_time":"20190222202930","is_ascension_mode":true,"campfire_choices":[{"floor":8,"key":"REST"},{"floor":15,"key":"REST"}],"neow_cost":"NONE","seed_source_timestamp":6973130659071,"circlet_count":0,"master_deck":["AscendersBane","Strike_R","Strike_R","Strike_R","Strike_R","Defend_R","Defend_R","Defend_R","Defend_R","Bash","Armaments","Rampage","Inflame","Headbutt","Heavy Blade","Impervious","Feel No Pain","True Grit"],"relics":["Burning Blood","NeowsBlessing","Paper Frog","Question Card","Anchor"],"potions_floor_usage":[6,13,16],"damage_taken":[{"damage":0,"enemies":"Cultist","floor":1,"turns":1},{"damage":0,"enemies":"Jaw Worm","floor":4,"turns":1},{"damage":0,"enemies":"Small Slimes","floor":5,"turns":1},{"damage":46,"enemies":"3 Sentries","floor":6,"turns":12},{"damage":13,"enemies":"2 Fungi Beasts","floor":12,"turns":4},{"damage":24,"enemies":"Gremlin Nob","floor":13,"turns":4},{"damage":11,"enemies":"Blue Slaver","floor":14,"turns":4},{"damage":45,"enemies":"Hexaghost","floor":16,"turns":9}],"seed_played":"-7575949903551525347","potions_obtained":[{"floor":1,"key":"SpeedPotion"},{"floor":5,"key":"Ancient Potion"},{"floor":14,"key":"SpeedPotion"}],"is_trial":false,"path_per_floor":["M","$","?","M","M","E","$","R","T","?","?","M","E","M","R","B"],"character_chosen":"IRONCLAD","items_purchased":[],"campfire_rested":2,"item_purchase_floors":[],"current_hp_per_floor":[74,74,74,75,75,35,35,57,57,62,51,44,26,21,45,0],"gold":220,"neow_bonus":"THREE_ENEMY_KILL","is_prod":false,"is_daily":false,"chose_seed":false,"campfire_upgraded":0,"win_rate":0,"timestamp":1550892570,"path_taken":["M","?","?","M","?","E","$","R","T","?","?","M","E","M","R","BOSS"],"build_version":"2019-01-23","purchased_purges":1,"victory":false,"max_hp_per_floor":[75,75,75,75,75,75,75,75,75,80,80,80,80,80,80,80],"card_choices":[{"not_picked":["Infernal Blade","Burning Pact"],"picked":"Armaments","floor":1},{"not_picked":["Warcry","Twin Strike"],"picked":"Inflame","floor":4},{"not_picked":["Hemokinesis","Seeing Red"],"picked":"Headbutt","floor":5},{"not_picked":["Clothesline","Rupture"],"picked":"Heavy Blade","floor":6},{"not_picked":["Headbutt","Body Slam","Shrug It Off"],"picked":"Impervious","floor":12},{"not_picked":["Infernal Blade","Pummel","Carnage"],"picked":"Feel No Pain","floor":13},{"not_picked":["Clash","Hemokinesis","Pommel Strike"],"picked":"True Grit","floor":14}],"player_experience":1214136,"relics_obtained":[{"floor":6,"key":"Paper Frog"},{"floor":9,"key":"Question Card"},{"floor":13,"key":"Anchor"}],"event_choices":[{"damage_healed":0,"gold_gain":0,"player_choice":"1 cards matched","damage_taken":0,"max_hp_gain":0,"max_hp_loss":0,"event_name":"Match and Keep!","floor":3,"gold_loss":0,"cards_obtained":["Rampage"]},{"damage_healed":0,"gold_gain":0,"player_choice":"Donut","damage_taken":0,"max_hp_gain":5,"max_hp_loss":0,"event_name":"Big Fish","floor":10,"gold_loss":0},{"damage_healed":0,"gold_gain":75,"player_choice":"Gather Gold","damage_taken":11,"max_hp_gain":0,"max_hp_loss":0,"event_name":"World of Goop","floor":11,"gold_loss":0}],"is_beta":false,"boss_relics":[],"items_purged_floors":[2],"is_endless":false,"potions_floor_spawned":[1,5,14],"killed_by":"Hexaghost","ascension_level":19}