{"gold_per_floor":[118,118,118,38,38,79,97,115,115,148,183,183,183,208,208,332,332,348,348,371,471,495,526,526,87,87,167,200,200,210,235,235,332,332,344,314,69,85,100,131,149,149,173,200,55,68,0,0,0,0,0,0,0,34,34],"floor_reached":55,"playtime":4416,"items_purged":["Strike_R","Strike_R"],"score":868,"play_id":"7ce3da20-7fc1-407b-b0df-9340cb08dad6","local_time":"20190106030516","is_ascension_mode":true,"campfire_choices":[{"data":"Armaments","floor":12,"key":"SMITH"},{"floor":15,"key":"REST"},{"floor":29,"key":"REST"},{"floor":32,"key":"RECALL"},{"floor":49,"key":"REST"},{"floor":52,"key":"REST"}],"neow_cost":"NONE","seed_source_timestamp":1449626502746471,"circlet_count":0,"master_deck":["Strike_R+1","Strike_R","Strike_R+1","Defend_R","Defend_R","Defend_R+1","Defend_R","Bash","Clothesline","Spot Weakness","Whirlwind","Battle Trance","Seeing Red","Iron Wave","Armaments+1","Pummel+1","Disarm","Double Tap+1","Offering+1","Flame Barrier+1","Parasite","Ghostly Armor+1","Inflame+1","Iron Wave"],"relics":["Burning Blood","NeowsBlessing","Bloody Idol","Charon\u0027s Ashes","Dream Catcher","Odd Mushroom","Fusion Hammer","Enchiridion","Kunai","PreservedInsect","Sling","Matryoshka","The Courier","Toxic Egg 2","Whetstone","Anchor","Turnip","Frozen Egg 2","Lantern","Blood Vial","Bag of Preparation","Red Mask","Magic Flower"],"potions_floor_usage":[10,11,16,20,22,33,33,41,44,50,50,50,50,54],"damage_taken":[{"damage":0,"enemies":"Small Slimes","floor":1,"turns":2},{"damage":0,"enemies":"3 Sentries","floor":6,"turns":1},{"damage":0,"enemies":"2 Louse","floor":7,"turns":1},{"damage":7,"enemies":"Jaw Worm","floor":8,"turns":3},{"damage":27,"enemies":"Lagavulin","floor":10,"turns":7},{"damage":0,"enemies":"The Mushroom Lair","floor":11,"turns":2},{"damage":7,"enemies":"2 Fungi Beasts","floor":14,"turns":3},{"damage":37,"enemies":"The Guardian","floor":16,"turns":12},{"damage":31,"enemies":"Shell Parasite","floor":18,"turns":5},{"damage":0,"enemies":"3 Byrds","floor":20,"turns":3},{"damage":0,"enemies":"Shelled Parasite and Fungi","floor":22,"turns":3},{"damage":34,"enemies":"Slavers","floor":23,"turns":4},{"damage":9,"enemies":"Book of Stabbing","floor":28,"turns":3},{"damage":7,"enemies":"Snake Plant","floor":30,"turns":5},{"damage":8,"enemies":"Gremlin Leader","floor":31,"turns":3},{"damage":15,"enemies":"Collector","floor":33,"turns":7},{"damage":9,"enemies":"Orb Walker","floor":35,"turns":3},{"damage":19,"enemies":"3 Shapes","floor":38,"turns":5},{"damage":24,"enemies":"Writhing Mass","floor":39,"turns":7},{"damage":17,"enemies":"Nemesis","floor":40,"turns":5},{"damage":13,"enemies":"Jaw Worm Horde","floor":41,"turns":3},{"damage":26,"enemies":"Reptomancer","floor":44,"turns":4},{"damage":6,"enemies":"Spire Growth","floor":46,"turns":5},{"damage":79,"enemies":"Donu and Deca","floor":50,"turns":11},{"damage":13,"enemies":"Shield and Spear","floor":54,"turns":5},{"damage":85,"enemies":"The Heart","floor":55,"turns":8}],"seed_played":"2257512836648310454","potions_obtained":[{"floor":1,"key":"Fire Potion"},{"floor":7,"key":"Dexterity Potion"},{"floor":10,"key":"Explosive Potion"},{"floor":11,"key":"GamblersBrew"},{"floor":18,"key":"Fire Potion"},{"floor":23,"key":"SneckoOil"},{"floor":30,"key":"Block Potion"},{"floor":31,"key":"SteroidPotion"},{"floor":36,"key":"Explosive Potion"},{"floor":36,"key":"EntropicBrew"},{"floor":38,"key":"Block Potion"},{"floor":40,"key":"AttackPotion"},{"floor":46,"key":"LiquidBronze"}],"is_trial":false,"path_per_floor":["M","?","?","$","$","E","M","M","T","E","?","R","?","M","R","B",null,"M","?","M","?","M","E","?","$","T","T","E","R","M","E","R","B",null,"M","?","$","M","M","E","M","?","T","E","$","M","?","$","R","B",null,"R","$","E","B"],"character_chosen":"IRONCLAD","items_purchased":["Spot Weakness","PreservedInsect","Sling","Turnip","Inflame+1"],"campfire_rested":4,"item_purchase_floors":[4,25,25,37,45],"current_hp_per_floor":[80,60,44,44,44,50,56,55,55,34,40,40,45,44,69,38,85,60,44,50,50,56,28,28,28,28,33,35,60,64,67,67,63,85,85,85,85,77,64,58,56,56,61,48,48,55,55,55,80,9,85,85,85,83,0],"gold":34,"neow_bonus":"THREE_ENEMY_KILL","is_prod":false,"is_daily":false,"chose_seed":false,"campfire_upgraded":1,"win_rate":0,"timestamp":1546761916,"path_taken":["M","?","?","?","$","E","M","M","T","E","?","R","?","M","R","BOSS","M","?","M","?","?","E","?","$","T","?","E","R","M","E","R","BOSS","M","?","$","M","M","E","?","?","T","E","$","?","?","?","R","BOSS","R","$","E","BOSS"],"build_version":"2019-01-03v4","purchased_purges":2,"victory":false,"max_hp_per_floor":[80,80,80,80,80,80,80,80,80,80,80,80,85,85,85,85,85,85,85,85,85,85,85,85,85,85,85,85,85,85,85,85,85,85,85,85,85,85,85,85,85,85,85,85,85,85,85,85,85,85,85,85,85,85,85],"card_choices":[{"not_picked":["Corruption","Sever Soul"],"picked":"Clothesline","floor":1},{"not_picked":["Rage","Dropkick"],"picked":"Whirlwind","floor":6},{"not_picked":["Twin Strike","Iron Wave"],"picked":"Battle Trance","floor":7},{"not_picked":["Havoc","True Grit"],"picked":"Seeing Red","floor":8},{"not_picked":["Rage","Power Through"],"picked":"Iron Wave","floor":10},{"not_picked":["Sever Soul","Headbutt"],"picked":"Armaments","floor":11},{"not_picked":["Armaments","Corruption","Thunderclap"],"picked":"SKIP","floor":14},{"not_picked":["Flex","Anger"],"picked":"Pummel","floor":15},{"not_picked":["Iron Wave","Cleave"],"picked":"Disarm","floor":18},{"not_picked":["Evolve+1","True Grit","Pommel Strike"],"picked":"SKIP","floor":20},{"not_picked":["Uppercut","Disarm","Heavy Blade"],"picked":"SKIP","floor":22},{"not_picked":["Heavy Blade+1","Rupture+1","Fire Breathing"],"picked":"SKIP","floor":23},{"not_picked":["Combust","Twin Strike","Heavy Blade"],"picked":"SKIP","floor":28},{"not_picked":["Body Slam+1","Pommel Strike","Armaments+1"],"picked":"SKIP","floor":30},{"not_picked":["Second Wind+1","Rupture+1"],"picked":"Double Tap+1","floor":31},{"not_picked":["Feed","Juggernaut"],"picked":"Offering+1","floor":33},{"not_picked":["Shrug It Off+1","Bloodletting+1"],"picked":"Flame Barrier+1","floor":35},{"not_picked":["Pommel Strike","Corruption+1","Wild Strike+1"],"picked":"SKIP","floor":38},{"not_picked":["Whirlwind+1","Blood for Blood+1","Wild Strike+1"],"picked":"SKIP","floor":39},{"not_picked":["Hemokinesis","Body Slam","Cleave"],"picked":"SKIP","floor":40},{"not_picked":["Sword Boomerang+1","Rupture+1"],"picked":"Ghostly Armor+1","floor":41},{"not_picked":["Clothesline","Flex+1","Impervious+1"],"picked":"SKIP","floor":44},{"not_picked":["Iron Wave","Feel No Pain+1","True Grit+1"],"picked":"SKIP","floor":46},{"not_picked":["Havoc+1","Anger"],"picked":"Iron Wave","floor":52},{"not_picked":["Headbutt+1","Clothesline+1","Infernal Blade+1"],"picked":"SKIP","floor":54}],"player_experience":259993,"relics_obtained":[{"floor":6,"key":"Charon\u0027s Ashes"},{"floor":10,"key":"Dream Catcher"},{"floor":11,"key":"Odd Mushroom"},{"floor":19,"key":"Enchiridion"},{"floor":23,"key":"Kunai"},{"floor":26,"key":"Matryoshka"},{"floor":27,"key":"The Courier"},{"floor":27,"key":"Toxic Egg 2"},{"floor":28,"key":"Whetstone"},{"floor":31,"key":"Anchor"},{"floor":40,"key":"Frozen Egg 2"},{"floor":43,"key":"Lantern"},{"floor":43,"key":"Blood Vial"},{"floor":44,"key":"Bag of Preparation"},{"floor":54,"key":"Magic Flower"}],"event_choices":[{"damage_healed":0,"gold_gain":0,"player_choice":"Take Damage","damage_taken":20,"relics_obtained":["Golden Idol"],"max_hp_gain":0,"max_hp_loss":0,"event_name":"Golden Idol","floor":2,"gold_loss":0},{"damage_healed":0,"gold_gain":0,"player_choice":"Entered Light","damage_taken":16,"max_hp_gain":0,"max_hp_loss":0,"event_name":"Shining Light","floor":3,"gold_loss":0,"cards_upgraded":["Defend_R","Strike_R"]},{"damage_healed":0,"gold_gain":0,"player_choice":"Fought Mushrooms","damage_taken":0,"max_hp_gain":0,"max_hp_loss":0,"event_name":"Mushrooms","floor":11,"gold_loss":0},{"damage_healed":0,"gold_gain":0,"player_choice":"Donut","damage_taken":0,"max_hp_gain":5,"max_hp_loss":0,"event_name":"Big Fish","floor":13,"gold_loss":0},{"damage_healed":0,"gold_gain":0,"player_choice":"Obtained Book","damage_taken":16,"max_hp_gain":0,"max_hp_loss":0,"event_name":"Cursed Tome","floor":19,"gold_loss":0},{"damage_healed":0,"gold_gain":100,"player_choice":"Pray","damage_taken":0,"max_hp_gain":0,"max_hp_loss":0,"event_name":"Golden Shrine","floor":21,"gold_loss":0},{"damage_healed":0,"gold_gain":0,"player_choice":"Gave Idol","damage_taken":0,"relics_obtained":["Bloody Idol"],"max_hp_gain":0,"max_hp_loss":0,"event_name":"Forgotten Altar","floor":24,"relics_lost":["Golden Idol"],"gold_loss":0},{"damage_healed":0,"gold_gain":0,"player_choice":"Bought 2 Potions","damage_taken":0,"max_hp_gain":0,"max_hp_loss":0,"event_name":"The Woman in Blue","floor":36,"gold_loss":0},{"damage_healed":0,"gold_gain":0,"player_choice":"Ignored","damage_taken":0,"max_hp_gain":0,"max_hp_loss":0,"event_name":"SecretPortal","floor":42,"gold_loss":0},{"damage_healed":0,"gold_gain":0,"player_choice":"Paid","damage_taken":0,"relics_obtained":["Red Mask"],"max_hp_gain":0,"max_hp_loss":0,"event_name":"Tomb of Lord Red Mask","floor":47,"gold_loss":68}],"is_beta":false,"boss_relics":[{"not_picked":["Snecko Eye","White Beast Statue"],"picked":"Fusion Hammer"},{"not_picked":["Coffee Dripper","Velvet Choker","Astrolabe"]}],"items_purged_floors":[25,45],"is_endless":false,"potions_floor_spawned":[1,7,10,11,18,23,30,31,38,40,46],"killed_by":"The Heart","ascension_level":2}