{"gold_per_floor":[118,131,131,81,156,190,190,200,200,210,210,229,1,14,14,88,88,105,105,122,22,56,56,56],"floor_reached":24,"playtime":1360,"items_purged":["Strike_B","Strike_B"],"score":333,"play_id":"2c4fc6ec-45a8-4529-84f8-b327b1170c6b","local_time":"20190205204506","is_ascension_mode":true,"campfire_choices":[{"floor":7,"key":"REST"},{"floor":11,"key":"REST"},{"floor":15,"key":"REST"},{"data":"Fission","floor":23,"key":"SMITH"}],"neow_cost":"NONE","seed_source_timestamp":1561964129399953,"circlet_count":0,"master_deck":["AscendersBane","Defend_B","Defend_B","Defend_B","Defend_B","Zap","Dualcast","Rainbow","Self Repair","Redo","Seek","Loop","Conserve Battery","Go for the Eyes","Scrape","Ball Lightning","Reinforced Body","Electrodynamics","Fission+1","Fusion+1","Sunder","Hologram","Loop"],"relics":["Cracked Core","Pocketwatch","Prayer Wheel","Bag of Preparation","Coffee Dripper","Red Mask"],"potions_floor_usage":[16,16,20],"damage_taken":[{"damage":3,"enemies":"Cultist","floor":1,"turns":4},{"damage":7,"enemies":"Jaw Worm","floor":2,"turns":2},{"damage":34,"enemies":"3 Sentries","floor":6,"turns":9},{"damage":0,"enemies":"2 Louse","floor":8,"turns":1},{"damage":13,"enemies":"Looter","floor":10,"turns":3},{"damage":12,"enemies":"3 Louse","floor":12,"turns":4},{"damage":8,"enemies":"Blue Slaver","floor":14,"turns":3},{"damage":18,"enemies":"Hexaghost","floor":16,"turns":8},{"damage":22,"enemies":"2 Thieves","floor":18,"turns":3},{"damage":1,"enemies":"Chosen","floor":20,"turns":5},{"damage":52,"enemies":"Masked Bandits","floor":22,"turns":5},{"damage":12,"enemies":"Snecko","floor":24,"turns":4}],"seed_played":"-2501537784532760805","potions_obtained":[{"floor":6,"key":"Weak Potion"},{"floor":12,"key":"FocusPotion"},{"floor":18,"key":"Block Potion"}],"is_trial":false,"path_per_floor":["M","M","?","?","?","E","R","M","T","M","R","M","$","M","R","B",null,"M","?","M","$","?","R","M"],"character_chosen":"DEFECT","items_purchased":["Bag of Preparation"],"campfire_rested":3,"item_purchase_floors":[13],"current_hp_per_floor":[61,54,47,47,36,9,30,30,30,24,45,40,40,39,60,49,66,51,51,57,57,12,12,0],"gold":56,"neow_bonus":"ONE_RANDOM_RARE_CARD","is_prod":false,"is_daily":false,"chose_seed":false,"campfire_upgraded":1,"win_rate":0,"timestamp":1549424706,"path_taken":["M","?","?","?","?","E","R","M","T","M","R","M","$","M","R","BOSS","M","?","M","$","?","R","M"],"build_version":"2019-01-23","purchased_purges":2,"victory":false,"max_hp_per_floor":[71,71,71,71,71,71,71,71,71,71,71,71,71,71,71,71,71,71,71,71,71,71,71,71],"card_choices":[{"not_picked":["Streamline","Turbo"],"picked":"Self Repair","floor":1},{"not_picked":["Rebound","Capacitor"],"picked":"Redo","floor":2},{"not_picked":["Doom and Gloom","Compile Driver"],"picked":"Seek","floor":6},{"not_picked":["Sweeping Beam","Turbo"],"picked":"Loop","floor":8},{"not_picked":["Barrage","Gash"],"picked":"Conserve Battery","floor":10},{"not_picked":["Melter","Ball Lightning"],"picked":"Go for the Eyes","floor":10},{"not_picked":["Go for the Eyes","Streamline"],"picked":"Scrape","floor":12},{"not_picked":["Sunder","Streamline"],"picked":"Ball Lightning","floor":12},{"not_picked":["Compile Driver","Ball Lightning"],"picked":"Reinforced Body","floor":14},{"not_picked":["Skim","Cold Snap"],"picked":"Electrodynamics","floor":14},{"not_picked":["Meteor Strike","Electrodynamics"],"picked":"Fission","floor":16},{"not_picked":["Glacier","Coolheaded"],"picked":"Fusion+1","floor":18},{"not_picked":["Leap","Redo","Steam"],"picked":"SKIP","floor":18},{"not_picked":["Gash","Compile Driver"],"picked":"Sunder","floor":20},{"not_picked":["Redo","Auto Shields"],"picked":"Hologram","floor":20},{"not_picked":["Aggregate","Conserve Battery"],"picked":"Loop","floor":22}],"player_experience":976742,"relics_obtained":[{"floor":6,"key":"Pocketwatch"},{"floor":9,"key":"Prayer Wheel"},{"floor":22,"key":"Red Mask"}],"event_choices":[{"cards_removed":["Strike_B"],"damage_healed":0,"gold_gain":0,"player_choice":"Card Removal","damage_taken":7,"max_hp_gain":0,"max_hp_loss":0,"event_name":"Golden Wing","floor":3,"gold_loss":0},{"cards_removed":["Strike_B"],"damage_healed":0,"gold_gain":0,"player_choice":"Card Removal","damage_taken":0,"max_hp_gain":0,"max_hp_loss":0,"event_name":"The Cleric","floor":4,"gold_loss":50},{"damage_healed":0,"gold_gain":75,"player_choice":"Gather Gold","damage_taken":11,"max_hp_gain":0,"max_hp_loss":0,"event_name":"World of Goop","floor":5,"gold_loss":0},{"damage_healed":0,"gold_gain":0,"player_choice":"Ignored","damage_taken":0,"max_hp_gain":0,"max_hp_loss":0,"event_name":"Vampires","floor":19,"gold_loss":0},{"damage_healed":0,"gold_gain":0,"player_choice":"Fought Bandits","damage_taken":0,"max_hp_gain":0,"max_hp_loss":0,"event_name":"Masked Bandits","floor":22,"gold_loss":0}],"is_beta":false,"boss_relics":[{"not_picked":["Orrery","Astrolabe"],"picked":"Coffee Dripper"}],"items_purged_floors":[13,21],"is_endless":false,"potions_floor_spawned":[6,12,18],"killed_by":"Snecko","ascension_level":14}