{"gold_per_floor":[109,34,109,109,259,284,284,316,316,316,332,344,377,387,387,387],"floor_reached":16,"playtime":580,"items_purged":["Strike_R"],"score":328,"play_id":"85857d2d-2b7b-4b22-9ffc-144d06e75eba","local_time":"20190227061710","is_ascension_mode":true,"campfire_choices":[{"data":"Flame Barrier","floor":7,"key":"SMITH"},{"floor":15,"key":"REST"}],"neow_cost":"NONE","seed_source_timestamp":387927342513100,"circlet_count":0,"master_deck":["AscendersBane","Strike_R","Strike_R","Strike_R","Strike_R","Defend_R+1","Defend_R+1","Defend_R","Defend_R","Bash","Thunderclap","Regret","Doubt","Flame Barrier+1","Inflame","Pommel Strike","Burning Pact","Blood for Blood"],"relics":["Burning Blood","NeowsBlessing","Potion Belt","Turnip","Sundial","War Paint","Singing Bowl","PreservedInsect"],"potions_floor_usage":[6,13,16],"damage_taken":[{"damage":0,"enemies":"Jaw Worm","floor":1,"turns":1},{"damage":0,"enemies":"Lagavulin","floor":6,"turns":1},{"damage":0,"enemies":"Gremlin Nob","floor":8,"turns":1},{"damage":5,"enemies":"2 Louse","floor":11,"turns":3},{"damage":5,"enemies":"Small Slimes","floor":12,"turns":4},{"damage":51,"enemies":"3 Sentries","floor":13,"turns":12},{"damage":25,"enemies":"3 Louse","floor":14,"turns":5},{"damage":42,"enemies":"Slime Boss","floor":16,"turns":6}],"seed_played":"9036818820238939953","potions_obtained":[{"floor":6,"key":"Fruit Juice"},{"floor":12,"key":"Energy Potion"},{"floor":13,"key":"Poison Potion"}],"is_trial":false,"path_per_floor":["M","$","?","?","?","E","R","E","T","T","M","M","E","M","R","B"],"character_chosen":"IRONCLAD","items_purchased":[],"campfire_rested":1,"item_purchase_floors":[],"current_hp_per_floor":[74,74,63,63,63,74,74,80,80,80,80,82,37,18,42,0],"gold":387,"neow_bonus":"THREE_ENEMY_KILL","is_prod":false,"is_daily":false,"chose_seed":false,"campfire_upgraded":1,"win_rate":0,"timestamp":1551273430,"path_taken":["M","$","?","?","?","E","R","E","T","?","M","M","E","M","R","BOSS"],"build_version":"2019-01-23","purchased_purges":1,"victory":false,"max_hp_per_floor":[75,75,75,75,75,80,80,80,80,80,80,82,82,82,82,82],"card_choices":[{"not_picked":["Perfected Strike","Sentinel"],"picked":"Thunderclap","floor":1},{"not_picked":["Pommel Strike","Perfected Strike"],"picked":"Flame Barrier","floor":6},{"not_picked":["Clash","Flex"],"picked":"Inflame","floor":8},{"not_picked":["Power Through","Pummel"],"picked":"Pommel Strike","floor":11},{"not_picked":["Intimidate","Combust","Sword Boomerang"],"picked":"Singing Bowl","floor":12},{"not_picked":["Carnage","Cleave"],"picked":"Burning Pact","floor":13},{"not_picked":["Inflame","Flex"],"picked":"Blood for Blood","floor":14}],"player_experience":1278561,"relics_obtained":[{"floor":6,"key":"Turnip"},{"floor":8,"key":"Sundial"},{"floor":9,"key":"War Paint"},{"floor":10,"key":"Singing Bowl"},{"floor":13,"key":"PreservedInsect"}],"event_choices":[{"damage_healed":0,"gold_gain":75,"player_choice":"Gather Gold","damage_taken":11,"max_hp_gain":0,"max_hp_loss":0,"event_name":"World of Goop","floor":3,"gold_loss":0},{"damage_healed":0,"gold_gain":0,"player_choice":"Box","damage_taken":0,"relics_obtained":["Potion Belt"],"max_hp_gain":0,"max_hp_loss":0,"event_name":"Big Fish","floor":4,"gold_loss":0,"cards_obtained":["Regret"]},{"damage_healed":0,"gold_gain":150,"player_choice":"AGREE","damage_taken":0,"max_hp_gain":0,"max_hp_loss":0,"event_name":"Liars Game","floor":5,"gold_loss":0,"cards_obtained":["Doubt"]}],"is_beta":false,"boss_relics":[],"items_purged_floors":[2],"is_endless":false,"potions_floor_spawned":[6,12,13],"killed_by":"Slime Boss","ascension_level":19}