{"gold_per_floor":[211,64,139,64,75,85,85,100,100,113,113,132,157,169,169,169],"floor_reached":16,"playtime":601,"items_purged":["Strike_B"],"score":165,"play_id":"ed65d813-3ae9-4a08-ac4e-0eab34e0a805","local_time":"20190207231820","is_ascension_mode":true,"campfire_choices":[{"floor":7,"key":"REST"},{"floor":11,"key":"REST"},{"floor":15,"key":"REST"}],"neow_cost":"NONE","seed_source_timestamp":1744722388585319,"circlet_count":0,"master_deck":["AscendersBane","Strike_B","Strike_B","Defend_B","Defend_B","Defend_B","Defend_B","Zap","Dualcast","Loop","Genetic Algorithm","Genetic Algorithm","Sweeping Beam","Sweeping Beam","Aggregate","Static Discharge","Loop","Skim"],"relics":["Cracked Core","Letter Opener","Odd Mushroom"],"potions_floor_usage":[13,16],"damage_taken":[{"damage":7,"enemies":"Small Slimes","floor":1,"turns":3},{"damage":8,"enemies":"2 Louse","floor":5,"turns":3},{"damage":18,"enemies":"Jaw Worm","floor":6,"turns":5},{"damage":14,"enemies":"Looter","floor":8,"turns":3},{"damage":11,"enemies":"3 Louse","floor":10,"turns":3},{"damage":4,"enemies":"Blue Slaver","floor":12,"turns":4},{"damage":21,"enemies":"The Mushroom Lair","floor":13,"turns":3},{"damage":12,"enemies":"2 Fungi Beasts","floor":14,"turns":3},{"damage":31,"enemies":"The Guardian","floor":16,"turns":2}],"seed_played":"-4606061202387158629","potions_obtained":[{"floor":8,"key":"FairyPotion"},{"floor":12,"key":"PowerPotion"},{"floor":14,"key":"GamblersBrew"}],"is_trial":false,"path_per_floor":["M","$","?","?","M","M","R","M","T","M","R","M","?","M","R","B"],"character_chosen":"DEFECT","items_purchased":["Genetic Algorithm"],"campfire_rested":3,"item_purchase_floors":[2],"current_hp_per_floor":[57,57,46,46,38,20,41,27,27,16,37,33,12,7,28,0],"gold":169,"neow_bonus":"HUNDRED_GOLD","is_prod":false,"is_daily":false,"chose_seed":false,"campfire_upgraded":0,"win_rate":0,"timestamp":1549606700,"path_taken":["M","$","?","?","M","M","R","M","T","M","R","M","?","M","R","BOSS"],"build_version":"2019-01-23","purchased_purges":1,"victory":false,"max_hp_per_floor":[71,71,71,71,71,71,71,71,71,71,71,71,71,71,71,71],"card_choices":[{"not_picked":["Coolheaded","Leap"],"picked":"Loop","floor":1},{"not_picked":["Ball Lightning","Cold Snap"],"picked":"Genetic Algorithm","floor":5},{"not_picked":["Compile Driver","Conserve Battery"],"picked":"Sweeping Beam","floor":6},{"not_picked":["Leap","Auto Shields"],"picked":"Sweeping Beam","floor":8},{"not_picked":["Turbo","Force Field"],"picked":"Aggregate","floor":10},{"not_picked":["Barrage","Scrape"],"picked":"Static Discharge","floor":12},{"not_picked":["Undo","Scrape"],"picked":"Loop","floor":13},{"not_picked":["Streamline","Genetic Algorithm"],"picked":"Skim","floor":14}],"player_experience":997290,"relics_obtained":[{"floor":9,"key":"Letter Opener"},{"floor":13,"key":"Odd Mushroom"}],"event_choices":[{"damage_healed":0,"gold_gain":75,"player_choice":"Gather Gold","damage_taken":11,"max_hp_gain":0,"max_hp_loss":0,"event_name":"World of Goop","floor":3,"gold_loss":0},{"cards_removed":["Strike_B"],"damage_healed":0,"gold_gain":0,"player_choice":"Card Removal","damage_taken":0,"max_hp_gain":0,"max_hp_loss":0,"event_name":"The Cleric","floor":4,"gold_loss":75},{"damage_healed":0,"gold_gain":0,"player_choice":"Fought Mushrooms","damage_taken":0,"max_hp_gain":0,"max_hp_loss":0,"event_name":"Mushrooms","floor":13,"gold_loss":0}],"is_beta":false,"boss_relics":[],"items_purged_floors":[2],"is_endless":false,"potions_floor_spawned":[8,12,14],"killed_by":"The Guardian","ascension_level":15}