{"path_per_floor":["M","$","M","?","M","E","R","E","T","M","R","?","R","?","R","B",null,"M","?","?","M","M","R","E"],"character_chosen":"IRONCLAD","items_purchased":["Metallicize"],"gold_per_floor":[117,6,25,25,36,67,67,97,97,116,116,66,66,66,66,167,197,211,134,134,150,164,164,192,192],"floor_reached":25,"campfire_rested":0,"playtime":1507,"current_hp_per_floor":[80,80,77,77,80,77,77,68,78,76,76,76,76,78,78,67,114,112,112,112,99,64,64,13,0],"items_purged":["Strike_R"],"gold":192,"score":279,"play_id":"20b2b399-960c-4bfe-b351-c3578df27f06","local_time":"20180521211018","is_prod":false,"is_daily":false,"chose_seed":false,"is_ascension_mode":false,"campfire_upgraded":5,"timestamp":1526951418,"campfire_choices":[{"data":"Inflame","floor":7,"key":"SMITH"},{"data":"Armaments","floor":11,"key":"SMITH"},{"data":"Rupture","floor":13,"key":"SMITH"},{"data":"Metallicize","floor":15,"key":"SMITH"},{"data":"Barricade","floor":23,"key":"SMITH"}],"path_taken":["M","$","M","?","M","E","R","E","T","M","R","?","R","?","R","BOSS","M","?","?","M","?","R","E","M"],"build_version":"2018-05-17","seed_source_timestamp":594436599892227,"purchased_purges":1,"victory":false,"master_deck":["Strike_R","Strike_R+1","Strike_R","Defend_R","Defend_R","Defend_R","Bash","Shrug It Off","Armaments+1","Metallicize+1","Inflame+1","Thunderclap","Anger","Sword Boomerang","Pommel Strike","Rupture+1","Barricade+1","Iron Wave","Armaments+1","J.A.X.","Hemokinesis","Dropkick","Berserk"],"max_hp_per_floor":[80,80,80,80,80,85,85,85,95,95,95,95,95,109,109,109,114,114,114,114,114,114,114,114,114],"relics":["Burning Blood","Ancient Tea Set","Du-Vu Doll","Pear","Mango","Tiny House","Bird Faced Urn"],"card_choices":[{"not_picked":["Hemokinesis","Thunderclap"],"picked":"Shrug It Off","floor":0},{"not_picked":["Iron Wave","Sword Boomerang"],"picked":"Armaments","floor":1},{"not_picked":["Perfected Strike","Flex"],"picked":"Inflame","floor":3},{"not_picked":["Bloodletting","Thunderclap"],"picked":"Anger","floor":5},{"not_picked":["Dark Embrace","Heavy Blade"],"picked":"Sword Boomerang","floor":6},{"not_picked":["Rampage","Armaments"],"picked":"Pommel Strike","floor":8},{"not_picked":["Thunderclap","Wild Strike"],"picked":"Rupture","floor":10},{"not_picked":["Dark Embrace","Fiend Fire"],"picked":"Barricade","floor":16},{"not_picked":["Thunderclap","Clash"],"picked":"Iron Wave","floor":17},{"not_picked":["Feel No Pain+1","Anger"],"picked":"Armaments+1","floor":18},{"not_picked":["Cleave","Whirlwind"],"picked":"Hemokinesis","floor":21},{"not_picked":["Corruption","Wild Strike"],"picked":"Dropkick","floor":22},{"not_picked":["Armaments","True Grit"],"picked":"Berserk","floor":24}],"player_experience":32495,"potions_floor_usage":[6,16,24,24],"damage_taken":[{"damage":0,"enemies":"Small Slimes","floor":1,"turns":5},{"damage":9,"enemies":"Cultist","floor":3,"turns":5},{"damage":2,"enemies":"Jaw Worm","floor":5,"turns":4},{"damage":14,"enemies":"Gremlin Nob","floor":6,"turns":4},{"damage":15,"enemies":"Lagavulin","floor":8,"turns":4},{"damage":8,"enemies":"Exordium Wildlife","floor":10,"turns":3},{"damage":17,"enemies":"Hexaghost","floor":16,"turns":9},{"damage":8,"enemies":"3 Byrds","floor":18,"turns":7},{"damage":19,"enemies":"Shell Parasite","floor":21,"turns":4},{"damage":41,"enemies":"Centurion and Healer","floor":22,"turns":5},{"damage":57,"enemies":"Slavers","floor":24,"turns":6},{"damage":20,"enemies":"Snake Plant","floor":25,"turns":2}],"relics_obtained":[{"floor":6,"key":"Ancient Tea Set"},{"floor":8,"key":"Du-Vu Doll"},{"floor":9,"key":"Pear"},{"floor":24,"key":"Bird Faced Urn"}],"event_choices":[{"event_name":"Transmorgrifier","player_choice":"Transform","floor":4,"damage_taken":0},{"event_name":"The Cleric","player_choice":"Card Removal","floor":12,"damage_taken":0},{"event_name":"Scrap Ooze","player_choice":"success","floor":14,"damage_taken":12},{"event_name":"Drug Dealer","player_choice":"Got JAXXED","floor":19,"damage_taken":0},{"event_name":"Ghosts","player_choice":"Ignored","floor":20,"damage_taken":0}],"boss_relics":[{"not_picked":["Runic Pyramid","Philosopher\u0027s Stone"],"picked":"Tiny House"}],"potions_floor_spawned":[3,5,16],"seed_played":"-3321444628342982457","killed_by":"Snake Plant","ascension_level":0,"potions_obtained":[{"floor":3,"key":"Fruit Juice"},{"floor":5,"key":"SneckoOil"},{"floor":16,"key":"SpeedPotion"},{"floor":17,"key":"Fire Potion"}],"is_trial":false}