{"gold_per_floor":[113,126,145,70,70,70,87,87,113,151,163,201,213,225,237,249],"floor_reached":16,"playtime":919,"items_purged":["Strike_B"],"score":178,"play_id":"cb1fad15-10ee-4225-b621-655ea5a5c531","local_time":"20190203223514","is_ascension_mode":true,"campfire_choices":[{"data":"Go for the Eyes","floor":6,"key":"SMITH"},{"data":"Redo","floor":8,"key":"SMITH"},{"floor":11,"key":"REST"},{"floor":15,"key":"REST"}],"neow_cost":"PERCENT_DAMAGE","seed_source_timestamp":1396208678996845,"circlet_count":0,"master_deck":["AscendersBane","Defend_B","Defend_B","Defend_B","Zap","Dualcast","Go for the Eyes+1","BootSequence","Cold Snap","Redo+1","Defragment","Barrage"],"relics":["Cracked Core","MawBank","PreservedInsect","Lantern"],"potions_floor_usage":[12,12],"damage_taken":[{"damage":3,"enemies":"Jaw Worm","floor":1,"turns":4},{"damage":0,"enemies":"2 Louse","floor":2,"turns":3},{"damage":0,"enemies":"Small Slimes","floor":3,"turns":4},{"damage":5,"enemies":"3 Louse","floor":7,"turns":3},{"damage":22,"enemies":"3 Sentries","floor":10,"turns":12},{"damage":12,"enemies":"Lagavulin","floor":12,"turns":3},{"damage":48,"enemies":"Slime Boss","floor":16,"turns":11}],"seed_played":"2265380888209852554","potions_obtained":[{"floor":3,"key":"Poison Potion"},{"floor":7,"key":"Poison Potion"},{"floor":12,"key":"SmokeBomb"}],"is_trial":false,"path_per_floor":["M","M","M","$","?","R","M","R","T","E","R","E","?","?","R","B"],"character_chosen":"DEFECT","items_purchased":[],"campfire_rested":2,"item_purchase_floors":[],"current_hp_per_floor":[47,47,47,47,47,47,42,42,42,20,42,30,23,23,45,0],"gold":249,"neow_bonus":"REMOVE_TWO","is_prod":false,"is_daily":false,"chose_seed":false,"campfire_upgraded":2,"win_rate":0,"timestamp":1549258514,"path_taken":["M","M","M","$","?","R","M","R","T","E","R","E","?","?","R","BOSS"],"build_version":"2019-01-23","purchased_purges":1,"victory":false,"max_hp_per_floor":[75,75,75,75,75,75,75,75,75,75,75,75,75,75,75,75],"card_choices":[{"not_picked":["Stack","Chaos"],"picked":"Go for the Eyes","floor":1},{"not_picked":["Blizzard","Reprogram"],"picked":"BootSequence","floor":2},{"not_picked":["Stack","Hologram"],"picked":"Cold Snap","floor":3},{"not_picked":["Coolheaded","Storm"],"picked":"Redo","floor":7},{"not_picked":["Conserve Battery","Seek"],"picked":"Defragment","floor":10},{"not_picked":["Storm","Skim"],"picked":"Barrage","floor":12}],"player_experience":957399,"relics_obtained":[{"floor":9,"key":"MawBank"},{"floor":10,"key":"PreservedInsect"},{"floor":12,"key":"Lantern"}],"event_choices":[{"damage_healed":0,"gold_gain":0,"player_choice":"Ignored","damage_taken":0,"max_hp_gain":0,"max_hp_loss":0,"event_name":"Liars Game","floor":5,"gold_loss":0},{"cards_removed":["Strike_B"],"damage_healed":0,"gold_gain":0,"player_choice":"Card Removal","damage_taken":7,"max_hp_gain":0,"max_hp_loss":0,"event_name":"Golden Wing","floor":13,"gold_loss":0},{"cards_removed":["Defend_B"],"damage_healed":0,"gold_gain":0,"player_choice":"Forget","damage_taken":0,"max_hp_gain":0,"max_hp_loss":0,"event_name":"Living Wall","floor":14,"gold_loss":0}],"is_beta":false,"boss_relics":[],"items_purged_floors":[4],"is_endless":false,"potions_floor_spawned":[3,7,12],"killed_by":"Slime Boss","ascension_level":13}