{"gold_per_floor":[119,129,54,16,28,28,56,56,80,90,103,130,150,150,150,150],"floor_reached":16,"playtime":979,"items_purged":[],"score":196,"play_id":"625e9cbd-2ae0-4d74-bd5e-bb5d840e8759","local_time":"20190213001458","is_ascension_mode":true,"campfire_choices":[{"data":"Dodge and Roll","floor":6,"key":"SMITH"},{"data":"Backflip","floor":8,"key":"SMITH"},{"data":"After Image","floor":15,"key":"SMITH"}],"neow_cost":"NONE","seed_source_timestamp":2179759660203093,"circlet_count":0,"master_deck":["AscendersBane","Defend_G","Defend_G","Defend_G","Defend_G","Defend_G","Strike_G","Strike_G","Strike_G","Strike_G","Survivor","Neutralize","PiercingWail","Dodge and Roll+1","Noxious Fumes","Flying Knee","Backflip+1","Footwork","Sucker Punch","Dash","After Image+1"],"relics":["Coffee Dripper","Smiling Mask","Centennial Puzzle","Calipers"],"potions_floor_usage":[12,16,16],"damage_taken":[{"damage":0,"enemies":"2 Louse","floor":1,"turns":4},{"damage":1,"enemies":"Small Slimes","floor":2,"turns":4},{"damage":8,"enemies":"Jaw Worm","floor":5,"turns":5},{"damage":44,"enemies":"Gremlin Nob","floor":7,"turns":6},{"damage":1,"enemies":"Looter","floor":10,"turns":4},{"damage":0,"enemies":"Exordium Thugs","floor":11,"turns":7},{"damage":1,"enemies":"3 Sentries","floor":12,"turns":10},{"damage":0,"enemies":"Lots of Slimes","floor":13,"turns":5},{"damage":21,"enemies":"Slime Boss","floor":16,"turns":8}],"seed_played":"3036603193252399505","potions_obtained":[{"floor":5,"key":"Energy Potion"},{"floor":11,"key":"Dexterity Potion"},{"floor":12,"key":"Swift Potion"}],"is_trial":false,"path_per_floor":["M","M","?","$","M","R","E","R","T","M","M","E","M","?","R","B"],"character_chosen":"THE_SILENT","items_purchased":["Noxious Fumes"],"campfire_rested":0,"item_purchase_floors":[4],"current_hp_per_floor":[59,58,58,58,50,50,6,6,6,5,5,4,4,4,4,0],"gold":150,"neow_bonus":"BOSS_RELIC","is_prod":false,"is_daily":false,"chose_seed":false,"campfire_upgraded":3,"win_rate":0,"timestamp":1550042098,"path_taken":["M","M","?","$","M","R","E","R","T","M","M","E","M","?","R","BOSS"],"build_version":"2019-01-23","purchased_purges":0,"victory":false,"max_hp_per_floor":[66,66,66,66,66,66,66,66,66,66,66,66,66,66,66,66],"card_choices":[{"not_picked":["Concentrate","Calculated Gamble"],"picked":"PiercingWail","floor":1},{"not_picked":["Riddle With Holes","Cloak And Dagger"],"picked":"Dodge and Roll","floor":2},{"not_picked":["Eviscerate","Infinite Blades"],"picked":"Flying Knee","floor":5},{"not_picked":["Prepared","Crippling Poison"],"picked":"Backflip","floor":7},{"not_picked":["PiercingWail","Endless Agony"],"picked":"Footwork","floor":10},{"not_picked":["Bane","Setup"],"picked":"Sucker Punch","floor":11},{"not_picked":["Sucker Punch","Setup"],"picked":"Dash","floor":12},{"not_picked":["Sucker Punch","Crippling Poison"],"picked":"After Image","floor":13}],"player_experience":1098282,"relics_obtained":[{"floor":7,"key":"Smiling Mask"},{"floor":9,"key":"Centennial Puzzle"},{"floor":12,"key":"Calipers"}],"event_choices":[{"cards_removed":["Strike_G"],"damage_healed":0,"gold_gain":0,"player_choice":"Card Removal","damage_taken":0,"max_hp_gain":0,"max_hp_loss":0,"event_name":"The Cleric","floor":3,"gold_loss":75},{"damage_healed":0,"gold_gain":0,"player_choice":"Ignored","damage_taken":0,"max_hp_gain":0,"max_hp_loss":0,"event_name":"Liars Game","floor":14,"gold_loss":0}],"is_beta":false,"boss_relics":[],"items_purged_floors":[],"is_endless":false,"potions_floor_spawned":[5,11,12],"killed_by":"Slime Boss","ascension_level":15}