{"gold_per_floor":[360,360,360,22,37,37,71,71,94,123,137,171,171,206,206,283,283,293,293,305,74,93,128,128,49,49,49],"floor_reached":27,"playtime":1289,"items_purged":["Pain","Defend_B"],"score":536,"play_id":"c08c661e-5229-4291-840c-0291162f45f8","local_time":"20190302124500","is_ascension_mode":true,"campfire_choices":[{"floor":6,"key":"REST"},{"floor":8,"key":"REST"},{"floor":13,"key":"REST"},{"data":"Hologram","floor":15,"key":"SMITH"},{"floor":24,"key":"REST"}],"neow_cost":"PERCENT_DAMAGE","seed_source_timestamp":43137726434820,"circlet_count":0,"master_deck":["AscendersBane","Strike_B","Strike_B","Strike_B","Defend_B","Defend_B","Defend_B","Zap","Dualcast","Conserve Battery","Loop","Glacier","Go for the Eyes","Sweeping Beam","Hologram+1","Gash","Defragment","Multi-Cast+1","Self Repair","Force Field+1","Glacier+1","Purity+1","Beam Cell","FTL","Capacitor"],"relics":["Cracked Core","WarpedTongs","Shuriken","Pantograph","Lantern","Bronze Scales","Toxic Egg 2","Fusion Hammer","Blue Candle","Pen Nib","Bottled Tornado"],"potions_floor_usage":[18,18,23],"damage_taken":[{"damage":2,"enemies":"Jaw Worm","floor":1,"turns":4},{"damage":12,"enemies":"Small Slimes","floor":5,"turns":4},{"damage":8,"enemies":"3 Sentries","floor":7,"turns":13},{"damage":0,"enemies":"Lagavulin","floor":10,"turns":8},{"damage":0,"enemies":"Cultist","floor":11,"turns":3},{"damage":20,"enemies":"3 Sentries","floor":12,"turns":8},{"damage":3,"enemies":"Lagavulin","floor":14,"turns":7},{"damage":14,"enemies":"The Guardian","floor":16,"turns":11},{"damage":0,"enemies":"3 Byrds","floor":18,"turns":3},{"damage":9,"enemies":"2 Thieves","floor":20,"turns":3},{"damage":0,"enemies":"Snecko","floor":22,"turns":8},{"damage":39,"enemies":"Slavers","floor":23,"turns":9},{"damage":63,"enemies":"Gremlin Leader","floor":27,"turns":8}],"seed_played":"8779618305651610310","potions_obtained":[{"floor":10,"key":"Ancient Potion"},{"floor":12,"key":"AttackPotion"},{"floor":16,"key":"PowerPotion"},{"floor":20,"key":"Swift Potion"},{"floor":23,"key":"Dexterity Potion"}],"is_trial":false,"path_per_floor":["M","?","?","$","M","R","E","R","T","E","M","E","R","E","R","B",null,"M","T","M","$","M","E","R","$","T","E"],"character_chosen":"DEFECT","items_purchased":["Shuriken","Glacier+1","Purity+1","Capacitor"],"campfire_rested":4,"item_purchase_floors":[4,21,21,25],"current_hp_per_floor":[44,44,44,44,32,53,45,66,66,66,66,46,67,64,64,57,68,68,68,69,69,71,39,60,60,60,0],"gold":49,"neow_bonus":"TWO_FIFTY_GOLD","is_prod":false,"is_daily":false,"chose_seed":false,"campfire_upgraded":1,"win_rate":0,"timestamp":1551523500,"path_taken":["M","?","?","$","?","R","E","R","T","E","M","E","R","E","R","BOSS","M","?","M","$","?","E","R","$","T","E"],"build_version":"2019-01-23","purchased_purges":2,"victory":false,"max_hp_per_floor":[71,71,71,71,71,71,71,71,71,71,71,71,71,71,71,71,71,71,71,71,71,71,71,71,71,71,71],"card_choices":[{"not_picked":["Streamline","Gash"],"picked":"Conserve Battery","floor":1},{"not_picked":["Steam","Hello World"],"picked":"Glacier","floor":5},{"not_picked":["Conserve Battery","Rainbow"],"picked":"Go for the Eyes","floor":7},{"not_picked":["Coolheaded","Ball Lightning"],"picked":"Sweeping Beam","floor":10},{"not_picked":["Ball Lightning","Barrage"],"picked":"Hologram","floor":11},{"not_picked":["Blizzard","Fusion"],"picked":"Gash","floor":12},{"not_picked":["Lockon","Chill"],"picked":"Defragment","floor":14},{"not_picked":["Biased Cognition","Core Surge"],"picked":"Multi-Cast+1","floor":16},{"not_picked":["Capacitor","Darkness+1"],"picked":"Self Repair","floor":18},{"not_picked":["Leap+1","Rebound"],"picked":"Force Field+1","floor":20},{"not_picked":["Sweeping Beam","Rebound"],"picked":"Beam Cell","floor":22},{"not_picked":["Recycle+1","Cold Snap"],"picked":"FTL","floor":23}],"player_experience":757165,"relics_obtained":[{"floor":7,"key":"Pantograph"},{"floor":10,"key":"Lantern"},{"floor":12,"key":"Bronze Scales"},{"floor":14,"key":"Toxic Egg 2"},{"floor":19,"key":"Blue Candle"},{"floor":23,"key":"Pen Nib"},{"floor":26,"key":"Bottled Tornado"}],"event_choices":[{"damage_healed":0,"gold_gain":0,"cards_transformed":["Strike_B"],"player_choice":"Change","damage_taken":0,"max_hp_gain":0,"max_hp_loss":0,"event_name":"Living Wall","floor":2,"gold_loss":0,"cards_obtained":["Loop"]},{"damage_healed":0,"gold_gain":0,"player_choice":"Rummage","damage_taken":0,"relics_obtained":["WarpedTongs"],"max_hp_gain":0,"max_hp_loss":0,"event_name":"Accursed Blacksmith","floor":3,"gold_loss":0,"cards_obtained":["Pain"]}],"is_beta":false,"boss_relics":[{"not_picked":["Lizard Tail","Snecko Eye"],"picked":"Fusion Hammer"}],"items_purged_floors":[4,21],"is_endless":false,"potions_floor_spawned":[10,12,14,16,20,23],"killed_by":"Gremlin Leader","ascension_level":18}