{"gold_per_floor":[114,164,184,109,128,128,153,167,167,178,178,213,213,232,232,303,303,317,328,328,218,218],"floor_reached":22,"playtime":939,"items_purged":["Strike_R"],"score":392,"play_id":"18ae93be-7e26-41a6-aadb-980d26cb02f3","local_time":"20190304222104","is_ascension_mode":true,"campfire_choices":[{"data":"Armaments","floor":6,"key":"SMITH"},{"floor":11,"key":"REST"},{"data":"Second Wind","floor":13,"key":"SMITH"},{"floor":15,"key":"REST"}],"neow_cost":"NONE","seed_source_timestamp":277743074251345,"circlet_count":0,"master_deck":["AscendersBane","Strike_R","Defend_R","Defend_R","Defend_R","Defend_R","Bash+1","Blood for Blood","Wild Strike","Armaments+1","Second Wind+1","Thunderclap","Inflame","Body Slam","Immolate+1","Barricade","Cleave+1","Metallicize","Limit Break","Dual Wield"],"relics":["Burning Blood","NeowsBlessing","Prayer Wheel","Champion Belt","Molten Egg 2","Empty Cage"],"potions_floor_usage":[7,12,16],"damage_taken":[{"damage":0,"enemies":"Cultist","floor":1,"turns":1},{"damage":0,"enemies":"Jaw Worm","floor":3,"turns":1},{"damage":0,"enemies":"Small Slimes","floor":5,"turns":1},{"damage":1,"enemies":"Gremlin Nob","floor":7,"turns":3},{"damage":9,"enemies":"Red Slaver","floor":8,"turns":3},{"damage":42,"enemies":"Exordium Thugs","floor":10,"turns":4},{"damage":29,"enemies":"Lagavulin","floor":12,"turns":7},{"damage":8,"enemies":"2 Fungi Beasts","floor":14,"turns":3},{"damage":28,"enemies":"Slime Boss","floor":16,"turns":6},{"damage":37,"enemies":"2 Thieves","floor":18,"turns":4},{"damage":30,"enemies":"Chosen","floor":19,"turns":6},{"damage":15,"enemies":"Centurion and Healer","floor":22,"turns":3}],"seed_played":"599019405031710785","potions_obtained":[{"floor":1,"key":"Regen Potion"},{"floor":3,"key":"Energy Potion"},{"floor":12,"key":"Strength Potion"}],"is_trial":false,"path_per_floor":["M","?","M","$","M","R","E","M","T","M","R","E","R","M","R","B",null,"M","M","?","?","M"],"character_chosen":"IRONCLAD","items_purchased":[],"campfire_rested":2,"item_purchase_floors":[],"current_hp_per_floor":[74,67,73,73,75,75,75,72,72,36,58,50,50,48,70,48,68,37,13,13,13,0],"gold":218,"neow_bonus":"THREE_ENEMY_KILL","is_prod":false,"is_daily":false,"chose_seed":false,"campfire_upgraded":2,"win_rate":0,"timestamp":1551763264,"path_taken":["M","?","?","$","M","R","E","M","T","M","R","E","R","M","R","BOSS","M","M","?","?","M"],"build_version":"2019-01-23","purchased_purges":1,"victory":false,"max_hp_per_floor":[75,75,75,75,75,75,75,75,75,75,75,75,75,75,75,75,75,75,75,75,75,75],"card_choices":[{"not_picked":["Fire Breathing","Sword Boomerang"],"picked":"Blood for Blood","floor":1},{"not_picked":["Dropkick","Perfected Strike"],"picked":"Wild Strike","floor":3},{"not_picked":["Perfected Strike","Dropkick"],"picked":"Armaments","floor":5},{"not_picked":["Shrug It Off","Spot Weakness"],"picked":"Second Wind","floor":7},{"not_picked":["Flex","Rampage"],"picked":"Thunderclap","floor":8},{"not_picked":["Heavy Blade","Perfected Strike"],"picked":"Inflame","floor":8},{"not_picked":["Shrug It Off","Wild Strike"],"picked":"Body Slam","floor":10},{"not_picked":["Wild Strike","Perfected Strike","Sword Boomerang"],"picked":"SKIP","floor":10},{"not_picked":["Spot Weakness","Perfected Strike"],"picked":"Immolate","floor":12},{"not_picked":["Sword Boomerang+1","Anger+1","Bloodletting"],"picked":"SKIP","floor":14},{"not_picked":["Carnage+1","Twin Strike+1","Clothesline+1"],"picked":"SKIP","floor":14},{"not_picked":["Reaper+1","Juggernaut"],"picked":"Barricade","floor":16},{"not_picked":["Wild Strike+1","Warcry"],"picked":"Cleave+1","floor":18},{"not_picked":["Heavy Blade+1","Headbutt+1"],"picked":"Metallicize","floor":18},{"not_picked":["Heavy Blade+1","Warcry"],"picked":"Limit Break","floor":19},{"not_picked":["Anger+1","Armaments"],"picked":"Dual Wield","floor":19}],"player_experience":1328297,"relics_obtained":[{"floor":7,"key":"Prayer Wheel"},{"floor":9,"key":"Champion Belt"},{"floor":12,"key":"Molten Egg 2"}],"event_choices":[{"damage_healed":0,"gold_gain":50,"player_choice":"Touch","damage_taken":7,"max_hp_gain":0,"max_hp_loss":0,"event_name":"FaceTrader","floor":2,"gold_loss":0},{"damage_healed":0,"gold_gain":0,"player_choice":"Ignored","damage_taken":0,"max_hp_gain":0,"max_hp_loss":0,"event_name":"Cursed Tome","floor":20,"gold_loss":0},{"cards_removed":["Strike_R"],"damage_healed":0,"gold_gain":0,"player_choice":"Upgrade and Remove","damage_taken":0,"max_hp_gain":0,"max_hp_loss":0,"event_name":"Designer","floor":21,"gold_loss":110,"cards_upgraded":["Bash"]}],"is_beta":false,"boss_relics":[{"not_picked":["Snecko Eye","Astrolabe"],"picked":"Empty Cage"}],"items_purged_floors":[4],"is_endless":false,"potions_floor_spawned":[1,3,5,12],"killed_by":"Centurion and Healer","ascension_level":20}