{"gold_per_floor":[16,16,16,30,30,40,40,54,79,79,91,91,111,127,127,222,222,232,331,345,59,70,70,95,95,176,206,206,225,9,29,29,125,125,137,163,174,190,207,207,221,240,308,308,328,347,347,359,359,359],"floor_reached":51,"playtime":3006,"items_purged":[],"score":687,"play_id":"dc420020-2bee-4d33-9644-d01da438ccee","local_time":"20181126210200","is_ascension_mode":false,"campfire_choices":[{"data":"Strike_R","floor":7,"key":"SMITH"},{"data":"Whirlwind","floor":15,"key":"SMITH"},{"data":"Demon Form","floor":23,"key":"SMITH"},{"floor":25,"key":"REST"},{"floor":32,"key":"REST"},{"floor":40,"key":"REST"},{"floor":47,"key":"REST"},{"data":"Apotheosis","floor":49,"key":"SMITH"}],"neow_cost":"NO_GOLD","seed_source_timestamp":892076640735080,"circlet_count":0,"master_deck":["Strike_R+1","Strike_R","Strike_R","Defend_R","Defend_R","Defend_R","Bash","Whirlwind+1","Sword Boomerang","Headbutt","Heavy Blade","Flex","Parasite","Dropkick","Demon Form+1","Metallicize","Sword Boomerang+1","Heavy Blade+1","Whirlwind+1","Impervious","Shockwave","Apotheosis+1","Shrug It Off","Inflame","Impervious","Headbutt+1","Spot Weakness","Iron Wave+1","Shockwave+1","Flex","Iron Wave+1"],"relics":["Black Blood","Red Skull","Vajra","Centennial Puzzle","Molten Egg 2","Self Forming Clay","Tiny Chest","Bag of Preparation","Shuriken","Sozu","Juzu Bracelet","Darkstone Periapt"],"potions_floor_usage":[24,24,27,31,50],"damage_taken":[{"damage":6,"enemies":"Jaw Worm","floor":1,"turns":4},{"damage":0,"enemies":"2 Louse","floor":4,"turns":1},{"damage":0,"enemies":"Small Slimes","floor":6,"turns":3},{"damage":19,"enemies":"Exordium Thugs","floor":8,"turns":3},{"damage":7,"enemies":"2 Fungi Beasts","floor":11,"turns":3},{"damage":12,"enemies":"Blue Slaver","floor":13,"turns":2},{"damage":8,"enemies":"Exordium Wildlife","floor":14,"turns":3},{"damage":11,"enemies":"Slime Boss","floor":16,"turns":6},{"damage":10,"enemies":"Chosen","floor":18,"turns":3},{"damage":6,"enemies":"3 Byrds","floor":20,"turns":3},{"damage":7,"enemies":"Centurion and Healer","floor":22,"turns":5},{"damage":36,"enemies":"Slavers","floor":24,"turns":3},{"damage":48,"enemies":"Book of Stabbing","floor":27,"turns":5},{"damage":16,"enemies":"Snake Plant","floor":29,"turns":3},{"damage":36,"enemies":"Shelled Parasite and Fungi","floor":31,"turns":3},{"damage":18,"enemies":"Automaton","floor":33,"turns":6},{"damage":9,"enemies":"Orb Walker","floor":35,"turns":4},{"damage":38,"enemies":"3 Darklings","floor":37,"turns":4},{"damage":0,"enemies":"Maw","floor":38,"turns":6},{"damage":19,"enemies":"Jaw Worm Horde","floor":39,"turns":4},{"damage":30,"enemies":"Sphere and 2 Shapes","floor":41,"turns":4},{"damage":18,"enemies":"Writhing Mass","floor":42,"turns":5},{"damage":13,"enemies":"3 Darklings","floor":45,"turns":4},{"damage":11,"enemies":"Jaw Worm Horde","floor":46,"turns":3},{"damage":2,"enemies":"4 Shapes","floor":48,"turns":2},{"damage":15,"enemies":"Time Eater","floor":50,"turns":7}],"seed_played":"-8222728755207979272","potions_obtained":[{"floor":1,"key":"Energy Potion"},{"floor":4,"key":"Explosive Potion"},{"floor":8,"key":"SkillPotion"},{"floor":18,"key":"Regen Potion"},{"floor":24,"key":"Explosive Potion"},{"floor":27,"key":"GamblersBrew"}],"is_trial":false,"path_per_floor":["M","?","?","M","?","M","R","M","T","T","M","?","M","M","R","B",null,"M","?","M","$","M","R","E","R","T","E","T","M","$","M","R","B",null,"M","T","M","M","M","R","M","M","T","?","M","M","R","M","R","B",null],"character_chosen":"IRONCLAD","items_purchased":["Molten Egg 2","Sword Boomerang+1","Apotheosis","Shrug It Off"],"campfire_rested":4,"item_purchase_floors":[21,21,30,30],"current_hp_per_floor":[80,68,68,74,80,80,80,67,67,67,66,80,74,72,72,67,80,80,80,80,80,80,80,54,78,78,51,51,45,45,19,43,35,80,80,80,52,62,53,77,57,49,49,49,46,45,69,77,77,72],"gold":359,"neow_bonus":"REMOVE_TWO","is_prod":false,"is_daily":false,"chose_seed":false,"campfire_upgraded":4,"win_rate":0,"timestamp":1543280520,"path_taken":["M","?","?","M","?","M","R","?","T","?","M","?","M","M","R","BOSS","M","?","M","$","M","R","E","R","T","E","?","M","$","M","R","BOSS","M","?","M","M","M","R","M","M","T","?","M","M","R","M","R","BOSS"],"build_version":"2018-11-15","purchased_purges":0,"victory":true,"max_hp_per_floor":[80,80,80,80,80,80,80,80,80,80,80,80,80,80,80,80,80,80,80,80,80,80,80,80,80,80,80,80,80,80,80,80,80,80,80,80,80,80,80,80,80,80,80,80,80,80,80,80,80,80],"card_choices":[{"not_picked":["Corruption","Warcry"],"picked":"Whirlwind","floor":1},{"not_picked":["Clash","Armaments"],"picked":"Sword Boomerang","floor":4},{"not_picked":["Iron Wave","True Grit"],"picked":"Headbutt","floor":6},{"not_picked":["Twin Strike","Clothesline"],"picked":"Heavy Blade","floor":8},{"not_picked":["Shockwave","Rage"],"picked":"Flex","floor":11},{"not_picked":["Armaments","Clash","Pommel Strike"],"picked":"SKIP","floor":13},{"not_picked":["Warcry","Fire Breathing"],"picked":"Dropkick","floor":14},{"not_picked":["Dark Embrace","Fiend Fire"],"picked":"Demon Form","floor":16},{"not_picked":["Havoc+1","Headbutt"],"picked":"Metallicize","floor":18},{"not_picked":["Wild Strike","Havoc","Entrench"],"picked":"SKIP","floor":20},{"not_picked":["Sword Boomerang+1","Evolve+1"],"picked":"Heavy Blade+1","floor":22},{"not_picked":["Ghostly Armor","Thunderclap+1"],"picked":"Whirlwind+1","floor":24},{"not_picked":["Blood for Blood+1","Cleave+1"],"picked":"Impervious","floor":27},{"not_picked":["Entrench","True Grit+1"],"picked":"Shockwave","floor":29},{"not_picked":["Flex","Perfected Strike+1"],"picked":"Inflame","floor":31},{"not_picked":["Berserk","Feed+1"],"picked":"Impervious","floor":33},{"not_picked":["Anger+1","Dual Wield"],"picked":"Headbutt+1","floor":35},{"not_picked":["Warcry+1","Armaments"],"picked":"Spot Weakness","floor":37},{"not_picked":["Perfected Strike+1","Feel No Pain"],"picked":"Iron Wave+1","floor":38},{"not_picked":["Clash+1","Cleave+1"],"picked":"Shockwave+1","floor":39},{"not_picked":["Feed+1","Clash+1"],"picked":"Flex","floor":41},{"not_picked":["Warcry","Twin Strike+1","Perfected Strike+1"],"picked":"SKIP","floor":42},{"not_picked":["Headbutt+1","Shrug It Off+1"],"picked":"Iron Wave+1","floor":45},{"not_picked":["Clash+1","Clothesline+1","Anger+1"],"picked":"SKIP","floor":46},{"not_picked":["Reckless Charge+1","Body Slam+1","Warcry"],"picked":"SKIP","floor":48}],"player_experience":56310,"relics_obtained":[{"floor":9,"key":"Vajra"},{"floor":10,"key":"Centennial Puzzle"},{"floor":24,"key":"Self Forming Clay"},{"floor":26,"key":"Tiny Chest"},{"floor":27,"key":"Bag of Preparation"},{"floor":28,"key":"Shuriken"},{"floor":36,"key":"Juzu Bracelet"},{"floor":43,"key":"Darkstone Periapt"}],"event_choices":[{"damage_healed":0,"gold_gain":0,"player_choice":"Success","damage_taken":12,"relics_obtained":["Red Skull"],"max_hp_gain":0,"max_hp_loss":0,"event_name":"Scrap Ooze","floor":2,"gold_loss":0},{"damage_healed":0,"gold_gain":0,"cards_transformed":["Strike_R"],"player_choice":"Change","damage_taken":0,"max_hp_gain":0,"max_hp_loss":0,"event_name":"Living Wall","floor":3,"gold_loss":0,"cards_obtained":["Second Wind"]},{"cards_removed":["Second Wind"],"damage_healed":6,"gold_gain":0,"player_choice":"Offered Uncommon","damage_taken":0,"max_hp_gain":0,"max_hp_loss":0,"event_name":"Bonfire Elementals","floor":5,"gold_loss":0},{"damage_healed":20,"gold_gain":0,"player_choice":"Healed and dodged fight","damage_taken":0,"max_hp_gain":0,"max_hp_loss":0,"event_name":"Mushrooms","floor":12,"gold_loss":0,"cards_obtained":["Parasite"]},{"damage_healed":0,"gold_gain":99,"player_choice":"Stole From Cult","damage_taken":0,"max_hp_gain":0,"max_hp_loss":0,"event_name":"Nest","floor":19,"gold_loss":0},{"damage_healed":0,"gold_gain":0,"player_choice":"Ignored","damage_taken":0,"max_hp_gain":0,"max_hp_loss":0,"event_name":"Tomb of Lord Red Mask","floor":44,"gold_loss":0}],"is_beta":false,"boss_relics":[{"not_picked":["Tiny House","Lizard Tail"],"picked":"Black Blood"},{"not_picked":["Runic Pyramid","Eternal Feather"],"picked":"Sozu"}],"items_purged_floors":[],"is_endless":false,"potions_floor_spawned":[1,4,8,18,24,27,35,41,42,46],"ascension_level":0}