{"path_per_floor":["M","?","?","$","?","E","R","?","T","T","M","T","R","E","R","B",null,"M","$","M","?","M","R","E","R","T","M"],"character_chosen":"DEFECT","items_purchased":["FTL"],"gold_per_floor":[119,119,119,9,9,65,65,65,65,115,125,125,125,159,159,259,259,272,192,206,131,144,144,169,169,169,180,180],"floor_reached":28,"campfire_rested":2,"playtime":1094,"item_purchase_floors":[4],"current_hp_per_floor":[68,68,68,68,61,61,61,49,49,49,51,51,51,52,52,33,68,31,31,33,33,11,35,4,28,28,12,0],"items_purged":["Strike_B","Strike_B"],"gold":180,"score":360,"play_id":"ca8d5c70-3874-4036-b4aa-479795340052","local_time":"20180617030114","is_prod":false,"is_daily":false,"chose_seed":false,"is_ascension_mode":true,"campfire_upgraded":3,"win_rate":0,"timestamp":1529226074,"campfire_choices":[{"data":"Zap","floor":7,"key":"SMITH"},{"data":"Streamline","floor":13,"key":"SMITH"},{"data":"Dualcast","floor":15,"key":"SMITH"},{"floor":23,"key":"REST"},{"floor":25,"key":"REST"}],"path_taken":["M","?","?","$","?","E","R","?","T","?","M","?","R","E","R","BOSS","M","$","M","?","M","R","E","R","T","M","?"],"build_version":"2018-06-14v2","seed_source_timestamp":288900468365966,"purchased_purges":2,"victory":false,"master_deck":["Defend_B+1","Defend_B","Defend_B","Zap+1","Dualcast+1","White Noise+1","FTL","Streamline+1","Core Surge","Creative AI","Ball Lightning+1","Beam Cell","Hyperbeam","Go for the Eyes","White Noise"],"max_hp_per_floor":[75,75,75,75,75,75,75,75,75,75,75,75,75,80,80,80,80,80,80,80,80,80,80,80,80,80,80,80],"relics":["Cracked Core","NeowsBlessing","Omamori","Tiny Chest","Darkstone Periapt","The Courier","Blood Vial","War Paint","Happy Flower","Black Star","Question Card","Frozen Egg 2","Cables"],"card_choices":[{"not_picked":["Cold Snap","Leap"],"picked":"White Noise","floor":1},{"not_picked":["Turbo","Coolheaded","Rip and Tear"],"picked":"SKIP","floor":6},{"not_picked":["Sweeping Beam","Beam Cell"],"picked":"Streamline","floor":11},{"not_picked":["Beam Cell","Rebound"],"picked":"Core Surge","floor":14},{"not_picked":["Seek","Amplify"],"picked":"Creative AI","floor":16},{"not_picked":["Defragment","Beam Cell"],"picked":"Ball Lightning+1","floor":18},{"not_picked":["Hologram+1","Chill"],"picked":"Beam Cell","floor":20},{"not_picked":["Stack","Rebound"],"picked":"Hyperbeam","floor":22},{"not_picked":["Undo","Leap"],"picked":"Go for the Eyes","floor":24},{"not_picked":["BootSequence","Recycle","Stack"],"picked":"White Noise","floor":27}],"player_experience":892647,"potions_floor_usage":[14,14,24],"damage_taken":[{"damage":0,"enemies":"Jaw Worm","floor":1,"turns":1},{"damage":0,"enemies":"3 Sentries","floor":6,"turns":1},{"damage":0,"enemies":"Cultist","floor":11,"turns":1},{"damage":6,"enemies":"Lagavulin","floor":14,"turns":4},{"damage":21,"enemies":"Slime Boss","floor":16,"turns":9},{"damage":39,"enemies":"Shell Parasite","floor":18,"turns":5},{"damage":7,"enemies":"3 Byrds","floor":20,"turns":4},{"damage":24,"enemies":"Sentry and Sphere","floor":22,"turns":4},{"damage":33,"enemies":"Gremlin Leader","floor":24,"turns":6},{"damage":18,"enemies":"Snake Plant","floor":27,"turns":3}],"relics_obtained":[{"floor":6,"key":"Tiny Chest"},{"floor":9,"key":"The Courier"},{"floor":10,"key":"Blood Vial"},{"floor":12,"key":"War Paint"},{"floor":14,"key":"Happy Flower"},{"floor":24,"key":"Question Card"},{"floor":24,"key":"Frozen Egg 2"},{"floor":26,"key":"Cables"}],"event_choices":[{"event_name":"Wheel of Change","player_choice":"Relic","floor":2,"damage_taken":0},{"event_name":"Living Wall","player_choice":"Forget","floor":3,"damage_taken":0},{"event_name":"Golden Wing","player_choice":"Card Removal","floor":5,"damage_taken":0},{"event_name":"Scrap Ooze","player_choice":"success","floor":8,"damage_taken":12},{"event_name":"Beggar","player_choice":"Gave Gold","floor":21,"damage_taken":0}],"boss_relics":[{"not_picked":["Snecko Eye","Astrolabe"],"picked":"Black Star"}],"items_purged_floors":[4,19],"is_endless":false,"potions_floor_spawned":[6,11,22,24,27],"seed_played":"3101716847139965644","ascension_level":7,"potions_obtained":[{"floor":6,"key":"Block Potion"},{"floor":11,"key":"Fruit Juice"},{"floor":22,"key":"Weak Potion"},{"floor":24,"key":"FocusPotion"},{"floor":27,"key":"Fire Potion"}],"is_trial":false}