{"path_per_floor":["M","M","$","M","M","E","R","M","T","?","R","M","R","M","R","B",null,"M","?","M"],"character_chosen":"DEFECT","items_purchased":["Buffer"],"gold_per_floor":[117,134,60,80,92,117,117,137,137,137,137,148,148,160,160,259,259,276,276,294,294],"floor_reached":21,"campfire_rested":4,"playtime":1237,"current_hp_per_floor":[66,65,65,65,56,37,59,29,29,29,51,33,55,35,57,7,58,29,29,7,0],"items_purged":[],"gold":294,"score":247,"play_id":"020648b7-b464-46c3-aacb-8916965cf0bb","local_time":"20180516225245","is_prod":false,"is_daily":false,"chose_seed":false,"is_ascension_mode":true,"campfire_upgraded":0,"timestamp":1526532765,"path_taken":["M","M","$","M","M","E","R","M","T","?","R","M","R","M","R","BOSS","M","?","M","M"],"build_version":"2018-05-15","seed_source_timestamp":611713377435367,"purchased_purges":0,"victory":false,"master_deck":["Strike_B","Strike_B","Strike_B","Strike_B","Defend_B","Defend_B","Defend_B","Defend_B","Zap","Dualcast","Heatsinks","Static Discharge","Buffer","Beam Cell","All For One","Beam Cell","Loop","Go for the Eyes","Amplify","Cold Snap","Decay","Go for the Eyes"],"max_hp_per_floor":[75,75,75,75,75,75,75,75,75,75,75,75,75,75,75,75,75,75,75,75,75],"relics":["Cracked Core","Bag of Preparation","Oddly Smooth Stone","Ice Cream","White Beast Statue"],"card_choices":[{"not_picked":["Steam","Auto Shields"],"picked":"Heatsinks","floor":1},{"not_picked":["Steam","Streamline"],"picked":"Static Discharge","floor":2},{"not_picked":["Darkness","Leap"],"picked":"Beam Cell","floor":4},{"not_picked":["Rip and Tear","Streamline"],"picked":"All For One","floor":5},{"not_picked":["Capacitor","Skim","Redo"],"picked":"SKIP","floor":6},{"not_picked":["Coolheaded","Sweeping Beam"],"picked":"Beam Cell","floor":8},{"not_picked":["Sweeping Beam","Doom and Gloom"],"picked":"Loop","floor":12},{"not_picked":["Chill","Sunder"],"picked":"Go for the Eyes","floor":14},{"not_picked":["Seek","Meteor Strike"],"picked":"Amplify","floor":16},{"not_picked":["Ball Lightning","Steam"],"picked":"Cold Snap","floor":18},{"not_picked":["Barrage","Hologram"],"picked":"Go for the Eyes","floor":20}],"player_experience":131401,"potions_floor_usage":[6,14,16,16,20],"damage_taken":[{"damage":2,"enemies":"Jaw Worm","floor":1,"turns":3},{"damage":1,"enemies":"Cultist","floor":2,"turns":3},{"damage":0,"enemies":"2 Louse","floor":4,"turns":4},{"damage":9,"enemies":"Blue Slaver","floor":5,"turns":4},{"damage":19,"enemies":"3 Sentries","floor":6,"turns":7},{"damage":30,"enemies":"Exordium Thugs","floor":8,"turns":5},{"damage":18,"enemies":"3 Louse","floor":12,"turns":2},{"damage":20,"enemies":"Gremlin Gang","floor":14,"turns":4},{"damage":50,"enemies":"The Guardian","floor":16,"turns":9},{"damage":29,"enemies":"Shell Parasite","floor":18,"turns":5},{"damage":22,"enemies":"3 Byrds","floor":20,"turns":5},{"damage":9,"enemies":"Centurion and Healer","floor":21,"turns":1}],"relics_obtained":[{"floor":6,"key":"Oddly Smooth Stone"},{"floor":9,"key":"Ice Cream"}],"event_choices":[{"event_name":"The Lab","player_choice":"Got Potions","floor":10,"damage_taken":0},{"event_name":"Forgotten Altar","player_choice":"Smashed Altar","floor":19,"damage_taken":0}],"boss_relics":[{"not_picked":["Snecko Eye","Velvet Choker"],"picked":"White Beast Statue"}],"potions_floor_spawned":[2,4,5,8,12,18,20],"seed_played":"5735120932333558729","killed_by":"Centurion and Healer","ascension_level":7,"potions_obtained":[{"floor":2,"key":"SteroidPotion"},{"floor":4,"key":"SkillPotion"},{"floor":5,"key":"Dexterity Potion"},{"floor":8,"key":"LiquidBronze"},{"floor":10,"key":"AttackPotion"},{"floor":18,"key":"Explosive Potion"},{"floor":20,"key":"FocusPotion"}],"is_trial":false}