{"gold_per_floor":[113,113,113,38,188,219,219,252,252,277,226,52,52],"floor_reached":13,"playtime":362,"items_purged":["Bash","Doubt"],"score":279,"play_id":"29e54948-437f-4c48-a720-4e1f085d9b00","local_time":"20190218211024","is_ascension_mode":true,"campfire_choices":[{"data":"True Grit","floor":7,"key":"SMITH"}],"neow_cost":"NONE","seed_source_timestamp":277281985396692,"circlet_count":0,"master_deck":["AscendersBane","Strike_R","Strike_R+1","Strike_R","Strike_R","Strike_R","Defend_R","Defend_R","Defend_R","Power Through+1","True Grit+1","Cleave","Fiend Fire","Rage"],"relics":["Burning Blood","NeowsBlessing","Ancient Tea Set","Girya","Ice Cream","Self Forming Clay"],"potions_floor_usage":[10,10],"damage_taken":[{"damage":0,"enemies":"Jaw Worm","floor":1,"turns":1},{"damage":0,"enemies":"Gremlin Nob","floor":6,"turns":1},{"damage":0,"enemies":"3 Sentries","floor":8,"turns":1},{"damage":53,"enemies":"Gremlin Nob","floor":10,"turns":6},{"damage":20,"enemies":"Lagavulin","floor":13,"turns":4}],"seed_played":"-7258636406782084939","potions_obtained":[{"floor":1,"key":"SpeedPotion"},{"floor":6,"key":"Swift Potion"}],"is_trial":false,"path_per_floor":["M","?","?","$","?","E","R","E","T","E","?","$","E"],"character_chosen":"IRONCLAD","items_purchased":["Rage"],"campfire_rested":0,"item_purchase_floors":[12],"current_hp_per_floor":[74,51,44,44,44,50,50,56,56,9,9,9,0],"gold":52,"neow_bonus":"THREE_ENEMY_KILL","is_prod":false,"is_daily":false,"chose_seed":false,"campfire_upgraded":1,"win_rate":0,"timestamp":1550549424,"path_taken":["M","?","?","$","?","E","R","E","T","E","?","$","E"],"build_version":"2019-01-23","purchased_purges":2,"victory":false,"max_hp_per_floor":[75,75,75,75,75,75,75,75,75,75,75,75,75],"card_choices":[{"not_picked":["Headbutt","Clash"],"picked":"Power Through","floor":1},{"not_picked":["Inflame","Combust"],"picked":"True Grit","floor":6},{"not_picked":["Wild Strike","Clothesline"],"picked":"Cleave","floor":8},{"not_picked":["Searing Blow","Infernal Blade"],"picked":"Fiend Fire","floor":10}],"player_experience":1168367,"relics_obtained":[{"floor":6,"key":"Ancient Tea Set"},{"floor":8,"key":"Girya"},{"floor":9,"key":"Ice Cream"},{"floor":10,"key":"Self Forming Clay"}],"event_choices":[{"damage_healed":0,"gold_gain":0,"player_choice":"Entered Light","damage_taken":23,"max_hp_gain":0,"max_hp_loss":0,"event_name":"Shining Light","floor":2,"gold_loss":0,"cards_upgraded":["Power Through","Strike_R"]},{"cards_removed":["Defend_R"],"damage_healed":0,"gold_gain":0,"player_choice":"Card Removal","damage_taken":7,"max_hp_gain":0,"max_hp_loss":0,"event_name":"Golden Wing","floor":3,"gold_loss":0},{"damage_healed":0,"gold_gain":150,"player_choice":"AGREE","damage_taken":0,"max_hp_gain":0,"max_hp_loss":0,"event_name":"Liars Game","floor":5,"gold_loss":0,"cards_obtained":["Doubt"]},{"damage_healed":0,"gold_gain":0,"player_choice":"Left Gold","damage_taken":0,"max_hp_gain":0,"max_hp_loss":0,"event_name":"World of Goop","floor":11,"gold_loss":51}],"is_beta":false,"boss_relics":[],"items_purged_floors":[4,12],"is_endless":false,"potions_floor_spawned":[1,6],"killed_by":"Lagavulin","ascension_level":18}