{"gold_per_floor":[117,130,142,142,155,194,194,234,257,107,122,122,137,137,137,235,235,254,10,10,31,47,47,83,83,83,83,182,182,198,108,108,108],"floor_reached":33,"playtime":1870,"items_purged":["Strike_B","Strike_B"],"score":468,"play_id":"ee724566-ebac-4181-9a9e-12f45ac62a29","local_time":"20190205231643","is_ascension_mode":true,"campfire_choices":[{"floor":7,"key":"REST"},{"floor":12,"key":"REST"},{"floor":15,"key":"REST"},{"floor":23,"key":"REST"},{"floor":25,"key":"REST"},{"floor":27,"key":"REST"},{"floor":32,"key":"REST"}],"neow_cost":"NONE","seed_source_timestamp":1570551466674786,"circlet_count":0,"master_deck":["AscendersBane","Defend_B","Defend_B","Defend_B","Defend_B","Zap","Dualcast","BootSequence","White Noise","Biased Cognition","Stack+1","White Noise","Thunder Strike","Defragment","Sunder","Barrage","Machine Learning","Ball Lightning","Electrodynamics","Ball Lightning","Loop+1","Capacitor","Self Repair"],"relics":["Cracked Core","Golden Idol","Art of War","Bronze Scales","Lantern","Velvet Choker","Blood Vial","StoneCalendar"],"potions_floor_usage":[11,16,16,22,30,30,33],"damage_taken":[{"damage":6,"enemies":"2 Louse","floor":1,"turns":4},{"damage":0,"enemies":"Small Slimes","floor":2,"turns":4},{"damage":1,"enemies":"Cultist","floor":3,"turns":4},{"damage":11,"enemies":"Looter","floor":5,"turns":3},{"damage":15,"enemies":"3 Sentries","floor":6,"turns":9},{"damage":12,"enemies":"Gremlin Nob","floor":8,"turns":4},{"damage":22,"enemies":"Large Slime","floor":11,"turns":6},{"damage":2,"enemies":"Exordium Wildlife","floor":13,"turns":3},{"damage":31,"enemies":"Hexaghost","floor":16,"turns":9},{"damage":2,"enemies":"Chosen","floor":18,"turns":4},{"damage":19,"enemies":"2 Thieves","floor":21,"turns":3},{"damage":9,"enemies":"Centurion and Healer","floor":22,"turns":4},{"damage":39,"enemies":"Slavers","floor":24,"turns":3},{"damage":21,"enemies":"Colosseum Slavers","floor":29,"turns":3},{"damage":26,"enemies":"Snake Plant","floor":30,"turns":3},{"damage":50,"enemies":"Champ","floor":33,"turns":6}],"seed_played":"5342289104180245905","potions_obtained":[{"floor":3,"key":"Ancient Potion"},{"floor":6,"key":"Ancient Potion"},{"floor":11,"key":"Poison Potion"},{"floor":16,"key":"PowerPotion"},{"floor":18,"key":"Energy Potion"},{"floor":24,"key":"GamblersBrew"},{"floor":30,"key":"EssenceOfSteel"}],"is_trial":false,"path_per_floor":["M","M","M","?","M","E","R","E","T","$","M","R","M","?","R","B",null,"M","$","?","M","M","R","E","R","T","R","?","?","M","?","R","B"],"character_chosen":"DEFECT","items_purchased":["Defragment","Electrodynamics"],"campfire_rested":7,"item_purchase_floors":[10,19],"current_hp_per_floor":[65,65,64,64,53,38,59,47,47,47,25,46,44,37,58,27,61,59,59,52,33,24,45,6,27,27,48,48,29,5,5,26,0],"gold":108,"neow_bonus":"TEN_PERCENT_HP_BONUS","is_prod":false,"is_daily":false,"chose_seed":false,"campfire_upgraded":0,"win_rate":0,"timestamp":1549433803,"path_taken":["M","M","M","?","M","E","R","E","T","$","M","R","M","?","R","BOSS","M","$","?","M","?","R","E","R","T","R","?","?","?","?","R","BOSS"],"build_version":"2019-01-23","purchased_purges":2,"victory":false,"max_hp_per_floor":[78,78,78,72,72,72,72,72,72,72,72,72,72,72,72,72,72,72,72,72,72,72,72,72,72,72,72,72,72,72,72,72,72],"card_choices":[{"not_picked":["Sweeping Beam","Tempest"],"picked":"BootSequence","floor":1},{"not_picked":["Rebound","Beam Cell"],"picked":"White Noise","floor":2},{"not_picked":["Coolheaded","Rebound"],"picked":"Biased Cognition","floor":3},{"not_picked":["Turbo","Hologram"],"picked":"Stack","floor":5},{"not_picked":["BootSequence","Doom and Gloom"],"picked":"White Noise","floor":6},{"not_picked":["Barrage","Stack"],"picked":"Thunder Strike","floor":8},{"not_picked":["Undo","Gash"],"picked":"Sunder","floor":11},{"not_picked":["Redo","Blizzard"],"picked":"Barrage","floor":13},{"not_picked":["Seek","Hyperbeam"],"picked":"Machine Learning","floor":16},{"not_picked":["Barrage","Sweeping Beam"],"picked":"Ball Lightning","floor":18},{"not_picked":["Hologram","Consume"],"picked":"Ball Lightning","floor":21},{"not_picked":["Multi-Cast","Turbo"],"picked":"Loop+1","floor":22},{"not_picked":["Cold Snap","Turbo"],"picked":"Capacitor","floor":24},{"not_picked":["Redo","Tempest"],"picked":"Self Repair","floor":30}],"player_experience":985260,"relics_obtained":[{"floor":6,"key":"Art of War"},{"floor":8,"key":"Bronze Scales"},{"floor":9,"key":"Lantern"},{"floor":24,"key":"Blood Vial"},{"floor":26,"key":"StoneCalendar"}],"event_choices":[{"damage_healed":0,"gold_gain":0,"player_choice":"Lose Max HP","damage_taken":0,"relics_obtained":["Golden Idol"],"max_hp_gain":0,"max_hp_loss":6,"event_name":"Golden Idol","floor":4,"gold_loss":0},{"cards_removed":["Strike_B"],"damage_healed":0,"gold_gain":0,"player_choice":"Card Removal","damage_taken":7,"max_hp_gain":0,"max_hp_loss":0,"event_name":"Golden Wing","floor":14,"gold_loss":0},{"damage_healed":0,"gold_gain":0,"player_choice":"","damage_taken":7,"max_hp_gain":0,"max_hp_loss":0,"event_name":"Knowing Skull","floor":20,"potions_obtained":[],"gold_loss":0,"cards_obtained":[]},{"damage_healed":0,"gold_gain":99,"player_choice":"Stole From Cult","damage_taken":0,"max_hp_gain":0,"max_hp_loss":0,"event_name":"Nest","floor":28,"gold_loss":0},{"damage_healed":0,"gold_gain":0,"player_choice":"Fight","damage_taken":0,"max_hp_gain":0,"max_hp_loss":0,"event_name":"Colosseum","floor":29,"gold_loss":0},{"damage_healed":0,"gold_gain":0,"player_choice":"Fled From Nobs","damage_taken":0,"max_hp_gain":0,"max_hp_loss":0,"event_name":"Colosseum","floor":29,"gold_loss":0},{"cards_removed":["Strike_B"],"damage_healed":0,"gold_gain":0,"player_choice":"Upgrade and Remove","damage_taken":0,"max_hp_gain":0,"max_hp_loss":0,"event_name":"Designer","floor":31,"gold_loss":90,"cards_upgraded":["Stack"]}],"is_beta":false,"boss_relics":[{"not_picked":["FrozenCore","White Beast Statue"],"picked":"Velvet Choker"}],"items_purged_floors":[10,19],"is_endless":false,"potions_floor_spawned":[3,6,11,13,16,18,21,24,29,30],"killed_by":"Champ","ascension_level":14}