{"gold_per_floor":[368,135,310,310,326,326,342,342,390,166,194,194,211,244,244,319,319,338,368,22,22,22,22,48,48,73,90,121,221,232,232,232,309,309,322,272,272,222,242,275,275,310,334,361,361,378,395,441,441,441],"floor_reached":51,"playtime":4957,"items_purged":["Strike_R","Doubt","Strike_R","Decay"],"score":1275,"play_id":"22298183-d7a5-4e55-ae14-4ec5dc4e5887","local_time":"20190316194505","is_ascension_mode":true,"campfire_choices":[{"data":"Discovery","floor":6.0,"key":"SMITH"},{"data":"Battle Trance","floor":8.0,"key":"SMITH"},{"floor":12.0,"key":"REST"},{"data":"True Grit","floor":15.0,"key":"SMITH"},{"data":"Demon Form","floor":23.0,"key":"SMITH"},{"data":"Limit Break","floor":25.0,"key":"SMITH"},{"data":"Bash","floor":32.0,"key":"SMITH"},{"floor":45,"key":"RECALL"},{"data":"Ghostly Armor","floor":49,"key":"SMITH"}],"neow_cost":"TEN_PERCENT_HP_LOSS","seed_source_timestamp":0,"circlet_count":0,"master_deck":["AscendersBane","Strike_R","Strike_R","Strike_R","Defend_R","Defend_R","Defend_R","Defend_R","Bash+1","Battle Trance+1","Reaper","Discovery+1","Twin Strike","Ghostly Armor+1","Reaper","True Grit+1","Limit Break+1","Demon Form+1","Twin Strike","Ghostly+1","Ghostly+1","Ghostly+1","Ghostly+1","Ghostly+1","Anger+1","Sentinel+1","Armaments+1","Seeing Red+1","Headbutt+1","Exhume+1","Disarm+1","Battle Trance+1","Thunderclap+1","Sentinel+1","Clothesline+1"],"special_seed":0,"relics":["Burning Blood","Ancient Tea Set","Happy Flower","Juzu Bracelet","Letter Opener","Coffee Dripper","Red Mask","Toxic Egg 2","Centennial Puzzle","Lantern","Ginger","Gambling Chip","Gremlin Horn","Smiling Mask","Orrery","Sundial","Paper Frog","Bag of Marbles","Strawberry","PreservedInsect","Turnip"],"potions_floor_usage":[50],"damage_taken":[{"damage":14.0,"enemies":"Small Slimes","floor":1.0,"turns":5.0},{"damage":4.0,"enemies":"Jaw Worm","floor":5.0,"turns":6.0},{"damage":7.0,"enemies":"2 Louse","floor":7.0,"turns":2.0},{"damage":65.0,"enemies":"Gremlin Nob","floor":11.0,"turns":6.0},{"damage":9.0,"enemies":"Blue Slaver","floor":13.0,"turns":6.0},{"damage":43.0,"enemies":"Lagavulin","floor":14.0,"turns":8.0},{"damage":8.0,"enemies":"The Guardian","floor":16.0,"turns":16.0},{"damage":20.0,"enemies":"Chosen","floor":18.0,"turns":6.0},{"damage":72.0,"enemies":"Masked Bandits","floor":19.0,"turns":5.0},{"damage":25.0,"enemies":"Slavers","floor":24.0,"turns":6.0},{"damage":19.0,"enemies":"Shell Parasite","floor":27.0,"turns":6.0},{"damage":16.0,"enemies":"Gremlin Leader","floor":28.0,"turns":8.0},{"damage":1.0,"enemies":"Colosseum Slavers","floor":29.0,"turns":6.0},{"damage":16.0,"enemies":"Colosseum Nobs","floor":29.0,"turns":6.0},{"damage":3.0,"enemies":"Snake Plant","floor":30.0,"turns":4.0},{"damage":11.0,"enemies":"Collector","floor":33.0,"turns":8.0},{"damage":6.0,"enemies":"3 Darklings","floor":35.0,"turns":6.0},{"damage":12,"enemies":"Orb Walker","floor":39,"turns":5},{"damage":3,"enemies":"Nemesis","floor":40,"turns":5},{"damage":3,"enemies":"Giant Head","floor":42,"turns":10},{"damage":7,"enemies":"Nemesis","floor":44,"turns":5},{"damage":4,"enemies":"4 Shapes","floor":46,"turns":5},{"damage":12,"enemies":"Spire Growth","floor":47,"turns":5},{"damage":4,"enemies":"2 Orb Walkers","floor":48,"turns":6},{"damage":53,"enemies":"Donu and Deca","floor":50,"turns":9}],"seed_played":"23244368645354655","potions_obtained":[{"floor":1.0,"key":"FearPotion"},{"floor":5.0,"key":"SpeedPotion"},{"floor":13.0,"key":"FearPotion"},{"floor":18.0,"key":"LiquidBronze"},{"floor":19.0,"key":"Poison Potion"},{"floor":24.0,"key":"LiquidBronze"},{"floor":33.0,"key":"PowerPotion"}],"is_trial":false,"path_per_floor":["M","$","?","?","M","R","M","R","T","$","E","R","M","E","R","B",null,"M","?","$","?","$","R","E","R","T","M","E","?","M","?","R","B",null,"M","$","?","$","M","E","T","E","T","E","R","M","M","?","R","B",null],"character_chosen":"IRONCLAD","items_purchased":["Reaper","Discovery","Happy Flower","Toxic Egg 2"],"campfire_rested":1,"item_purchase_floors":[2,2,10,20],"current_hp_per_floor":[64,64,64,69,77,77,76,76,76,76,23,46,65,38,38,44,69,73,35,35,35,35,35,38,38,38,38,38,38,38,38,38,38,38,38,38,38,38,32,35,35,38,45,44,44,45,39,45,45,45],"gold":441,"neow_bonus":"TWO_FIFTY_GOLD","is_prod":false,"is_daily":false,"chose_seed":false,"campfire_upgraded":7,"win_rate":0,"timestamp":1552783505,"path_taken":["M","$","?","?","M","R","M","R","T","$","E","R","M","E","R","BOSS","M","?","$","?","$","R","E","R","T","M","E","?","M","?","R","BOSS","M","$","?","?","M","E","?","E","T","E","R","M","M","?","R","BOSS"],"build_version":"2019-01-23","purchased_purges":4,"victory":true,"max_hp_per_floor":[72,72,72,77,77,77,77,77,77,77,77,77,77,77,77,77,77,77,77,77,38,38,38,38,38,38,38,38,38,38,38,38,38,38,38,38,38,38,38,38,38,38,45,45,45,45,45,45,45,45],"card_choices":[{"not_picked":["Wild Strike","Disarm"],"picked":"Battle Trance","floor":1.0},{"not_picked":["Intimidate","Heavy Blade"],"picked":"Twin Strike","floor":5.0},{"not_picked":["Clash","Carnage"],"picked":"Ghostly Armor","floor":7.0},{"not_picked":["Rampage","Clothesline"],"picked":"Reaper","floor":11.0},{"not_picked":["Havoc","Clothesline"],"picked":"True Grit","floor":13.0},{"not_picked":["Reckless Charge","Blood for Blood"],"picked":"Limit Break","floor":14.0},{"not_picked":["Reaper","Immolate"],"picked":"Demon Form","floor":16.0},{"not_picked":["Searing Blow","Heavy Blade","Havoc"],"picked":"SKIP","floor":18.0},{"not_picked":["Battle Trance","Feel No Pain"],"picked":"Twin Strike","floor":19.0},{"not_picked":["Second Wind+1","Infernal Blade+1"],"picked":"Anger+1","floor":24.0},{"not_picked":["Clothesline","Evolve"],"picked":"Sentinel+1","floor":27.0},{"not_picked":["True Grit+1","Clash"],"picked":"Armaments+1","floor":28.0},{"not_picked":["Wild Strike","Thunderclap"],"picked":"Seeing Red+1","floor":29.0},{"not_picked":["Metallicize","Demon Form"],"picked":"Headbutt+1","floor":30.0},{"not_picked":["Bludgeon","Fiend Fire"],"picked":"Exhume+1","floor":33.0},{"not_picked":["Warcry+1","Perfected Strike+1"],"picked":"Disarm+1","floor":34.0},{"not_picked":["Pommel Strike","Twin Strike"],"picked":"Battle Trance+1","floor":34.0},{"not_picked":["Anger","Limit Break+1"],"picked":"Thunderclap+1","floor":35.0},{"not_picked":["Burning Pact+1","Dropkick","Armaments+1"],"picked":"SKIP","floor":39},{"not_picked":["Infernal Blade+1","Hemokinesis","Blood for Blood"],"picked":"SKIP","floor":40},{"not_picked":["Sword Boomerang","Bloodletting+1","Combust"],"picked":"SKIP","floor":42},{"not_picked":["Disarm+1","Body Slam"],"picked":"Sentinel+1","floor":44},{"not_picked":["Cleave","Corruption","Burning Pact+1"],"picked":"SKIP","floor":46},{"not_picked":["Sword Boomerang","Clash","Clothesline"],"picked":"SKIP","floor":47},{"not_picked":["Headbutt+1","Havoc+1"],"picked":"Clothesline+1","floor":48}],"player_experience":562762,"relics_obtained":[{"floor":9.0,"key":"Ancient Tea Set"},{"floor":11.0,"key":"Juzu Bracelet"},{"floor":14.0,"key":"Letter Opener"},{"floor":19.0,"key":"Red Mask"},{"floor":24.0,"key":"Centennial Puzzle"},{"floor":26.0,"key":"Lantern"},{"floor":28.0,"key":"Ginger"},{"floor":29.0,"key":"Gambling Chip"},{"floor":29.0,"key":"Gremlin Horn"},{"floor":40,"key":"Sundial"},{"floor":41,"key":"Paper Frog"},{"floor":42,"key":"Bag of Marbles"},{"floor":43,"key":"Strawberry"},{"floor":44,"key":"PreservedInsect"},{"floor":48,"key":"Turnip"}],"event_choices":[{"damage_healed":0.0,"max_hp_gain":0.0,"max_hp_loss":0.0,"gold_gain":175.0,"event_name":"Liars Game","player_choice":"AGREE","floor":3.0,"gold_loss":0.0,"damage_taken":0.0,"cards_obtained":["Doubt"]},{"damage_healed":0.0,"max_hp_gain":5.0,"max_hp_loss":0.0,"gold_gain":0.0,"event_name":"Big Fish","player_choice":"Donut","floor":4.0,"gold_loss":0.0,"damage_taken":0.0},{"damage_healed":0.0,"max_hp_gain":0.0,"max_hp_loss":0.0,"gold_gain":0.0,"event_name":"Masked Bandits","player_choice":"Fought Bandits","floor":19.0,"gold_loss":0.0,"damage_taken":0.0},{"damage_healed":0.0,"max_hp_gain":0.0,"max_hp_loss":39.0,"gold_gain":0.0,"event_name":"Ghosts","player_choice":"Became a Ghost","floor":21.0,"gold_loss":0.0,"damage_taken":0.0,"cards_obtained":["Ghostly","Ghostly","Ghostly","Ghostly","Ghostly"]},{"damage_healed":0.0,"max_hp_gain":0.0,"max_hp_loss":0.0,"gold_gain":0.0,"event_name":"Colosseum","player_choice":"Fight","floor":29.0,"gold_loss":0.0,"damage_taken":0.0},{"damage_healed":0.0,"max_hp_gain":0.0,"max_hp_loss":0.0,"gold_gain":0.0,"event_name":"Colosseum","player_choice":"Fought Nobs","floor":29.0,"gold_loss":0.0,"damage_taken":0.0},{"damage_healed":0.0,"max_hp_gain":0.0,"max_hp_loss":0.0,"gold_gain":0.0,"event_name":"The Mausoleum","player_choice":"Opened","floor":31.0,"gold_loss":0.0,"damage_taken":0.0,"relics_obtained":["Smiling Mask"]},{"damage_healed":0,"gold_gain":0,"player_choice":"Cursed","damage_taken":0,"max_hp_gain":0,"max_hp_loss":0,"event_name":"Wheel of Change","floor":37,"gold_loss":0,"cards_obtained":["Decay"]},{"damage_healed":0,"gold_gain":0,"player_choice":"Fight","damage_taken":0,"max_hp_gain":0,"max_hp_loss":0,"event_name":"Mysterious Sphere","floor":48,"gold_loss":0}],"is_beta":false,"boss_relics":[{"not_picked":["Calling Bell","Sozu"],"picked":"Coffee Dripper"},{"not_picked":["Snecko Eye","Tiny House"],"picked":"Orrery"}],"items_purged_floors":[10,20,36,38],"is_endless":false,"potions_floor_spawned":[1,5,13,18,19,24,30,33,40,42,44,46,48],"ascension_level":13}