{"gold_per_floor":[369,0,20,20,44,83,83,124,124,124,46,77,91,112,112,203,203,224,64,85,85,100,100],"floor_reached":23,"playtime":1318,"items_purged":["Doubt"],"score":359,"play_id":"d2bfe5d4-4e8e-4f3a-aee6-22b85f3ff4be","local_time":"20190206001701","is_ascension_mode":true,"campfire_choices":[{"floor":7,"key":"REST"},{"data":"Genetic Algorithm","floor":10,"key":"SMITH"},{"floor":15,"key":"REST"}],"neow_cost":"CURSE","seed_source_timestamp":1574721086653431,"circlet_count":0,"master_deck":["AscendersBane","Zap","Dualcast","Sweeping Beam","Mind Blast","Ball Lightning","Doom and Gloom","Beam Cell","Genetic Algorithm+1","Self Repair","Go for the Eyes","Static Discharge","Biased Cognition","Sweeping Beam","Darkness","Core Surge","Defragment","Echo Form","Reinforced Body","Rebound","Redo","Self Repair","Defragment","Glacier","Cold Snap","Stack","Storm"],"relics":["Cracked Core","ClockworkSouvenir","Golden Idol","Mercury Hourglass","Pantograph","Mummified Hand","Singing Bowl","Pandora\u0027s Box"],"potions_floor_usage":[8,13,14,23],"damage_taken":[{"damage":0,"enemies":"2 Louse","floor":1,"turns":2},{"damage":1,"enemies":"Cultist","floor":3,"turns":3},{"damage":7,"enemies":"Jaw Worm","floor":5,"turns":2},{"damage":35,"enemies":"Lagavulin","floor":6,"turns":5},{"damage":8,"enemies":"Gremlin Nob","floor":8,"turns":3},{"damage":30,"enemies":"3 Sentries","floor":12,"turns":4},{"damage":6,"enemies":"Gremlin Gang","floor":13,"turns":3},{"damage":7,"enemies":"3 Louse","floor":14,"turns":2},{"damage":44,"enemies":"Hexaghost","floor":16,"turns":9},{"damage":26,"enemies":"2 Thieves","floor":18,"turns":3},{"damage":26,"enemies":"Shell Parasite","floor":20,"turns":4},{"damage":15,"enemies":"Sentry and Sphere","floor":22,"turns":3},{"damage":20,"enemies":"Gremlin Leader","floor":23,"turns":2}],"seed_played":"-2076726036321858965","potions_obtained":[{"floor":5,"key":"Swift Potion"},{"floor":6,"key":"SteroidPotion"},{"floor":12,"key":"Poison Potion"},{"floor":16,"key":"Strength Potion"},{"floor":20,"key":"FearPotion"},{"floor":21,"key":"EssenceOfSteel"}],"is_trial":false,"path_per_floor":["M","$","M","?","M","E","R","E","T","R","$","E","M","M","R","B",null,"M","$","M","?","M","E"],"character_chosen":"DEFECT","items_purchased":["ClockworkSouvenir","Mind Blast","Self Repair","Defragment","Glacier","Cold Snap"],"campfire_rested":2,"item_purchase_floors":[2,2,11,19,19,19],"current_hp_per_floor":[64,64,63,63,56,21,40,32,32,32,32,9,10,12,32,20,56,30,30,18,18,17,0],"gold":100,"neow_bonus":"TWO_FIFTY_GOLD","is_prod":false,"is_daily":false,"chose_seed":false,"campfire_upgraded":1,"win_rate":0,"timestamp":1549437421,"path_taken":["M","$","M","?","M","E","R","E","T","R","$","E","M","M","R","BOSS","M","$","M","?","?","E"],"build_version":"2019-01-23","purchased_purges":1,"victory":false,"max_hp_per_floor":[71,71,71,66,66,66,66,66,66,66,66,66,66,68,68,68,68,68,68,68,68,68,68],"card_choices":[{"not_picked":["Streamline","Compile Driver"],"picked":"Sweeping Beam","floor":1},{"not_picked":["Leap","Conserve Battery"],"picked":"Ball Lightning","floor":3},{"not_picked":["Gash","Rip and Tear"],"picked":"Doom and Gloom","floor":5},{"not_picked":["Rainbow","Leap"],"picked":"Beam Cell","floor":6},{"not_picked":["Hologram","Chaos"],"picked":"Genetic Algorithm","floor":8},{"not_picked":["Conserve Battery","Beam Cell"],"picked":"Go for the Eyes","floor":12},{"not_picked":["Redo","Streamline"],"picked":"Static Discharge","floor":13},{"not_picked":["Reprogram","Melter","Blizzard"],"picked":"Singing Bowl","floor":14},{"not_picked":["Core Surge","Reboot"],"picked":"Biased Cognition","floor":16},{"not_picked":["Tempest","Storm"],"picked":"Self Repair","floor":18},{"not_picked":["Cold Snap","Defragment"],"picked":"Stack","floor":20},{"not_picked":["Streamline","Steam"],"picked":"Storm","floor":22}],"player_experience":989387,"relics_obtained":[{"floor":6,"key":"Mercury Hourglass"},{"floor":8,"key":"Pantograph"},{"floor":9,"key":"Mummified Hand"},{"floor":12,"key":"Singing Bowl"}],"event_choices":[{"damage_healed":0,"gold_gain":0,"player_choice":"Lose Max HP","damage_taken":0,"relics_obtained":["Golden Idol"],"max_hp_gain":0,"max_hp_loss":5,"event_name":"Golden Idol","floor":4,"gold_loss":0},{"damage_healed":0,"gold_gain":0,"player_choice":"Got Potions","damage_taken":0,"max_hp_gain":0,"max_hp_loss":0,"event_name":"Lab","floor":21,"gold_loss":0}],"is_beta":false,"boss_relics":[{"not_picked":["Ectoplasm","Lizard Tail"],"picked":"Pandora\u0027s Box"}],"items_purged_floors":[2],"is_endless":false,"potions_floor_spawned":[5,6,12,16,20,22],"killed_by":"Gremlin Leader","ascension_level":14}