{"gold_per_floor":[10,85,100,119,119,146,156,187,210,220,220,249,249,249,249,350,350,364,384,14,14,24,56,56,85,132,132,132,132,142,142,142,247,247,258,268,287,32,51,79,79,92,92,92,102,129,229,564,564,564,564,564,84,112,112],"floor_reached":56,"playtime":5079,"items_purged":["Strike_R","Bite"],"score":1518,"play_id":"109392c0-9f4d-4730-9877-0c3a91e5f97e","local_time":"20190316232807","is_ascension_mode":true,"campfire_choices":[{"floor":11,"key":"REST"},{"data":"Flame Barrier","floor":13,"key":"SMITH"},{"data":"Battle Trance","floor":15,"key":"SMITH"},{"data":"Armaments","floor":24,"key":"SMITH"},{"floor":27,"key":"REST"},{"floor":29,"key":"RECALL"},{"data":"Shockwave","floor":32,"key":"SMITH"},{"floor":41,"key":"REST"},{"data":"Limit Break","floor":49,"key":"SMITH"},{"data":"Inflame","floor":52,"key":"SMITH"}],"neow_cost":"NO_GOLD","seed_source_timestamp":204464141691600,"circlet_count":0,"master_deck":["Defend_R","Defend_R","Defend_R","Defend_R","Bash+1","Flame Barrier+1","Spot Weakness","Inflame+1","Headbutt+1","Battle Trance+1","Reaper","Pummel","Armaments+1","Offering","Flame Barrier+1","Evolve","Shockwave+1","Bite+1","Bite","Bite","Bite","Limit Break+1","Flex","Shrug It Off+1","Warcry+1"],"relics":["Burning Blood","Happy Flower","Bag of Marbles","Lantern","Mark of Pain","Bag of Preparation","Vajra","GremlinMask","Pocketwatch","Oddly Smooth Stone","Letter Opener","Black Star","Potion Belt","Bronze Scales","Red Skull","Mercury Hourglass","Spirit Poop","Regal Pillow","Anchor","Champion Belt","Old Coin","Whetstone","Lee\u0027s Waffle","Bottled Flame","Art of War"],"potions_floor_usage":[3,6,8,18,22,23,23,40,45,54,55,55,55,55],"damage_taken":[{"damage":5,"enemies":"2 Louse","floor":1,"turns":3},{"damage":7,"enemies":"Jaw Worm","floor":3,"turns":3},{"damage":1,"enemies":"Cultist","floor":4,"turns":4},{"damage":43,"enemies":"Gremlin Nob","floor":6,"turns":5},{"damage":27,"enemies":"Exordium Thugs","floor":7,"turns":7},{"damage":18,"enemies":"3 Sentries","floor":8,"turns":9},{"damage":1,"enemies":"Looter","floor":10,"turns":3},{"damage":23,"enemies":"Lagavulin","floor":12,"turns":6},{"damage":15,"enemies":"Slime Boss","floor":16,"turns":9},{"damage":15,"enemies":"Spheric Guardian","floor":18,"turns":4},{"damage":6,"enemies":"2 Thieves","floor":19,"turns":3},{"damage":7,"enemies":"Sentry and Sphere","floor":22,"turns":4},{"damage":33,"enemies":"Slavers","floor":23,"turns":4},{"damage":80,"enemies":"Gremlin Leader","floor":25,"turns":5},{"damage":8,"enemies":"Snecko","floor":30,"turns":4},{"damage":46,"enemies":"Collector","floor":33,"turns":8},{"damage":20,"enemies":"3 Darklings","floor":35,"turns":5},{"damage":8,"enemies":"Orb Walker","floor":36,"turns":3},{"damage":36,"enemies":"Maw","floor":37,"turns":7},{"damage":17,"enemies":"Spire Growth","floor":39,"turns":3},{"damage":50,"enemies":"Nemesis","floor":40,"turns":9},{"damage":33,"enemies":"Writhing Mass","floor":42,"turns":6},{"damage":6,"enemies":"Sphere and 2 Shapes","floor":45,"turns":3},{"damage":44,"enemies":"Giant Head","floor":46,"turns":7},{"damage":22,"enemies":"Reptomancer","floor":48,"turns":3},{"damage":56,"enemies":"Awakened One","floor":50,"turns":8},{"damage":30,"enemies":"Shield and Spear","floor":54,"turns":5},{"damage":47,"enemies":"The Heart","floor":55,"turns":7}],"seed_played":"8965364825005360852","potions_obtained":[{"floor":1,"key":"Fruit Juice"},{"floor":3,"key":"SpeedPotion"},{"floor":6,"key":"Regen Potion"},{"floor":10,"key":"SpeedPotion"},{"floor":16,"key":"GamblersBrew"},{"floor":18,"key":"SteroidPotion"},{"floor":19,"key":"Block Potion"},{"floor":30,"key":"GamblersBrew"},{"floor":33,"key":"Explosive Potion"},{"floor":35,"key":"PowerPotion"},{"floor":39,"key":"PowerPotion"},{"floor":46,"key":"AttackPotion"},{"floor":48,"key":"Poison Potion"}],"is_trial":false,"path_per_floor":["M","?","M","M","?","E","M","E","T","M","R","E","R","?","R","B",null,"M","M","$","?","M","E","R","E","T","R","T","R","M","?","R","B",null,"M","M","M","$","M","E","R","M","T","?","M","E","?","E","R","B",null,"R","$","E","B",null],"character_chosen":"IRONCLAD","items_purchased":["Bag of Preparation","Vajra","Potion Belt","Whetstone","LiquidBronze","PowerPotion","Lee\u0027s Waffle"],"campfire_rested":3,"item_purchase_floors":[20,20,38,53,53,53,53],"current_hp_per_floor":[96,85,89,94,74,37,16,19,19,24,54,37,37,70,70,63,101,92,101,101,101,100,81,81,34,34,64,64,64,64,64,64,55,101,101,101,97,97,94,63,93,89,89,89,98,98,98,92,92,74,98,98,105,105,105],"gold":112,"neow_bonus":"TWENTY_PERCENT_HP_BONUS","is_prod":false,"is_daily":false,"chose_seed":false,"campfire_upgraded":6,"win_rate":0,"timestamp":1552793287,"path_taken":["M","?","M","M","?","E","M","E","T","M","R","E","R","?","R","BOSS","M","M","$","?","?","E","R","E","T","R","?","R","M","?","R","BOSS","M","M","M","$","M","E","R","M","T","?","?","E","?","E","R","BOSS","R","$","E","BOSS"],"build_version":"2019-01-23","purchased_purges":2,"victory":true,"max_hp_per_floor":[96,96,101,101,101,101,101,101,101,101,101,101,101,101,101,101,101,101,101,101,101,101,101,101,101,101,101,101,101,101,101,101,101,101,101,101,101,101,101,101,101,101,101,98,98,98,98,98,98,98,98,98,105,105,105],"card_choices":[{"not_picked":["Burning Pact","Evolve","Heavy Blade"],"picked":"SKIP","floor":1},{"not_picked":["True Grit","Dual Wield"],"picked":"Flame Barrier","floor":3},{"not_picked":["Seeing Red","Pommel Strike"],"picked":"Spot Weakness","floor":4},{"not_picked":["Dual Wield","Spot Weakness"],"picked":"Inflame","floor":6},{"not_picked":["Flex","Feel No Pain"],"picked":"Headbutt","floor":7},{"not_picked":["Flame Barrier","Twin Strike","Cleave"],"picked":"SKIP","floor":8},{"not_picked":["Havoc","Brutality"],"picked":"Battle Trance","floor":10},{"not_picked":["Searing Blow","Sever Soul","Combust"],"picked":"SKIP","floor":12},{"not_picked":["Berserk","Impervious"],"picked":"Reaper","floor":16},{"not_picked":["Evolve","Heavy Blade"],"picked":"Pummel","floor":18},{"not_picked":["Clash","Headbutt+1"],"picked":"Armaments","floor":19},{"not_picked":["Blood for Blood+1","Flex"],"picked":"Offering","floor":22},{"not_picked":["Second Wind","Clash"],"picked":"Flame Barrier+1","floor":23},{"not_picked":["Searing Blow","Cleave"],"picked":"Evolve","floor":25},{"not_picked":["Thunderclap","True Grit+1"],"picked":"Shockwave","floor":30},{"not_picked":["Offering","Feed"],"picked":"Limit Break","floor":33},{"not_picked":["Havoc","Shrug It Off"],"picked":"Flex","floor":35},{"not_picked":["Headbutt+1","Anger","True Grit+1"],"picked":"SKIP","floor":36},{"not_picked":["Clothesline","Armaments","Pommel Strike+1"],"picked":"SKIP","floor":37},{"not_picked":["Clash","Entrench","Thunderclap+1"],"picked":"SKIP","floor":39},{"not_picked":["Body Slam","Perfected Strike"],"picked":"Shrug It Off+1","floor":40},{"not_picked":["Anger","Wild Strike+1","Heavy Blade+1"],"picked":"SKIP","floor":42},{"not_picked":["Dark Embrace","Twin Strike","Cleave"],"picked":"SKIP","floor":45},{"not_picked":["Thunderclap+1","Searing Blow+1","Havoc+1"],"picked":"SKIP","floor":46},{"not_picked":["Barricade","Berserk"],"picked":"Warcry+1","floor":48},{"not_picked":["Wild Strike","Anger","Limit Break"],"picked":"SKIP","floor":54}],"player_experience":281818,"relics_obtained":[{"floor":6,"key":"Happy Flower"},{"floor":8,"key":"Bag of Marbles"},{"floor":9,"key":"Lantern"},{"floor":12,"key":"Blood Vial"},{"floor":23,"key":"Pocketwatch"},{"floor":25,"key":"Oddly Smooth Stone"},{"floor":28,"key":"Letter Opener"},{"floor":40,"key":"Bronze Scales"},{"floor":40,"key":"Red Skull"},{"floor":43,"key":"Mercury Hourglass"},{"floor":46,"key":"Regal Pillow"},{"floor":46,"key":"Anchor"},{"floor":48,"key":"Champion Belt"},{"floor":48,"key":"Old Coin"},{"floor":54,"key":"Bottled Flame"},{"floor":54,"key":"Art of War"}],"event_choices":[{"damage_healed":0,"gold_gain":75,"player_choice":"Gather Gold","damage_taken":11,"max_hp_gain":0,"max_hp_loss":0,"event_name":"World of Goop","floor":2,"gold_loss":0},{"damage_healed":0,"gold_gain":0,"player_choice":"Entered Light","damage_taken":20,"max_hp_gain":0,"max_hp_loss":0,"event_name":"Shining Light","floor":5,"gold_loss":0,"cards_upgraded":["Bash","Strike_R"]},{"damage_healed":33,"gold_gain":0,"player_choice":"Banana","damage_taken":0,"max_hp_gain":0,"max_hp_loss":0,"event_name":"Big Fish","floor":14,"gold_loss":0},{"damage_healed":0,"gold_gain":0,"player_choice":"Trade","damage_taken":0,"relics_obtained":["GremlinMask"],"max_hp_gain":0,"max_hp_loss":0,"event_name":"FaceTrader","floor":21,"gold_loss":0},{"damage_healed":0,"gold_gain":0,"player_choice":"Became a vampire (Vial)","damage_taken":0,"max_hp_gain":0,"max_hp_loss":0,"event_name":"Vampires","floor":31,"relics_lost":["Blood Vial"],"gold_loss":0,"cards_obtained":["Bite","Bite","Bite","Bite","Bite"]},{"cards_removed":["Parasite"],"damage_healed":0,"gold_gain":0,"player_choice":"Offered Curse","damage_taken":0,"relics_obtained":["Spirit Poop"],"max_hp_gain":0,"max_hp_loss":0,"event_name":"Bonfire Elementals","floor":44,"gold_loss":0},{"damage_healed":0,"gold_gain":100,"player_choice":"Pray","damage_taken":0,"max_hp_gain":0,"max_hp_loss":0,"event_name":"Golden Shrine","floor":47,"gold_loss":0}],"is_beta":false,"boss_relics":[{"not_picked":["Sozu","Calling Bell"],"picked":"Mark of Pain"},{"not_picked":["Runic Pyramid","Tiny House"],"picked":"Black Star"}],"items_purged_floors":[20,38],"is_endless":false,"potions_floor_spawned":[1,3,6,10,16,18,19,30,33,35,39,46,48],"ascension_level":3}