{"gold_per_floor":[109,34,34,49,14,45,65,65],"floor_reached":8,"playtime":516,"items_purged":["Strike_G"],"score":98,"play_id":"50fe6d0d-49e3-466d-864b-bfebabe4bbe9","local_time":"20190212213911","is_ascension_mode":true,"campfire_choices":[],"neow_cost":"NONE","seed_source_timestamp":2170876610796196,"circlet_count":0,"master_deck":["AscendersBane","Defend_G","Defend_G","Defend_G","Defend_G","Defend_G","Strike_G","Strike_G","Strike_G","Strike_G","Survivor","Neutralize","Terror","Pain","Noxious Fumes","Acrobatics+1","Burst+1"],"relics":["Black Star","WarpedTongs","Orichalcum","Toxic Egg 2"],"potions_floor_usage":[6,8,8],"damage_taken":[{"damage":10,"enemies":"2 Louse","floor":1,"turns":4},{"damage":3,"enemies":"Cultist","floor":4,"turns":4},{"damage":30,"enemies":"Lagavulin","floor":6,"turns":7},{"damage":7,"enemies":"Jaw Worm","floor":7,"turns":3},{"damage":55,"enemies":"Gremlin Nob","floor":8,"turns":5}],"seed_played":"6196245876092570441","potions_obtained":[{"floor":1,"key":"Swift Potion"},{"floor":6,"key":"AttackPotion"},{"floor":7,"key":"FearPotion"}],"is_trial":false,"path_per_floor":["M","$","?","M","?","E","M","E"],"character_chosen":"THE_SILENT","items_purchased":[],"campfire_rested":0,"item_purchase_floors":[],"current_hp_per_floor":[49,49,49,46,62,32,25,0],"gold":65,"neow_bonus":"BOSS_RELIC","is_prod":false,"is_daily":false,"chose_seed":false,"campfire_upgraded":0,"win_rate":0,"timestamp":1550032751,"path_taken":["M","$","?","?","?","E","M","E"],"build_version":"2019-01-23","purchased_purges":1,"victory":false,"max_hp_per_floor":[66,66,66,66,66,66,66,66],"card_choices":[{"not_picked":["Riddle With Holes","Sucker Punch"],"picked":"Terror","floor":1},{"not_picked":["Dodge and Roll","Poisoned Stab"],"picked":"Noxious Fumes","floor":4},{"not_picked":["Deflect","Underhanded Strike"],"picked":"Acrobatics","floor":6},{"not_picked":["Dodge and Roll+1","Backflip+1"],"picked":"Burst+1","floor":7}],"player_experience":1089462,"relics_obtained":[{"floor":6,"key":"Orichalcum"},{"floor":6,"key":"Toxic Egg 2"}],"event_choices":[{"damage_healed":0,"gold_gain":0,"player_choice":"Rummage","damage_taken":0,"relics_obtained":["WarpedTongs"],"max_hp_gain":0,"max_hp_loss":0,"event_name":"Accursed Blacksmith","floor":3,"gold_loss":0,"cards_obtained":["Pain"]},{"damage_healed":16,"gold_gain":0,"player_choice":"Healed","damage_taken":0,"max_hp_gain":0,"max_hp_loss":0,"event_name":"The Cleric","floor":5,"gold_loss":35}],"is_beta":false,"boss_relics":[],"items_purged_floors":[2],"is_endless":false,"potions_floor_spawned":[1,6,7],"killed_by":"Gremlin Nob","ascension_level":15}