{"gold_per_floor":[113,130,55,73,73,73,123,135,206,206,206,206],"floor_reached":12,"playtime":391,"items_purged":["Strike_R"],"score":126,"play_id":"9b4d67ec-8aff-4878-9cc5-18cb9f0b32cd","local_time":"20190217105111","is_ascension_mode":true,"campfire_choices":[{"data":"Berserk","floor":6,"key":"SMITH"},{"floor":11,"key":"REST"}],"neow_cost":"TEN_PERCENT_HP_LOSS","seed_source_timestamp":153706783390045,"circlet_count":0,"master_deck":["AscendersBane","Strike_R","Strike_R","Strike_R","Defend_R","Defend_R","Defend_R","Defend_R","Bash","Iron Wave","True Grit","Berserk+1","Flex"],"relics":["Burning Blood","Bird Faced Urn","Centennial Puzzle","Frozen Egg 2"],"potions_floor_usage":[4],"damage_taken":[{"damage":9,"enemies":"Jaw Worm","floor":1,"turns":4},{"damage":2,"enemies":"Cultist","floor":2,"turns":4},{"damage":15,"enemies":"2 Louse","floor":4,"turns":3},{"damage":13,"enemies":"2 Fungi Beasts","floor":8,"turns":3},{"damage":96,"enemies":"Gremlin Nob","floor":12,"turns":5}],"seed_played":"7189293189062155389","potions_obtained":[{"floor":2,"key":"LiquidBronze"},{"floor":8,"key":"Poison Potion"}],"is_trial":false,"path_per_floor":["M","M","$","M","?","R","?","M","T","?","R","E"],"character_chosen":"IRONCLAD","items_purchased":[],"campfire_rested":1,"item_purchase_floors":[],"current_hp_per_floor":[65,68,68,59,54,54,54,49,49,42,62,0],"gold":206,"neow_bonus":"ONE_RARE_RELIC","is_prod":false,"is_daily":false,"chose_seed":false,"campfire_upgraded":1,"win_rate":0,"timestamp":1550425871,"path_taken":["M","M","$","M","?","R","?","?","T","?","R","E"],"build_version":"2019-01-23","purchased_purges":1,"victory":false,"max_hp_per_floor":[68,68,68,68,68,68,68,68,68,68,68,68],"card_choices":[{"not_picked":["Shrug It Off","Cleave"],"picked":"Iron Wave","floor":1},{"not_picked":["Clash","Sever Soul"],"picked":"True Grit","floor":2},{"not_picked":["Shockwave","Rage"],"picked":"Berserk","floor":4},{"not_picked":["Havoc","Perfected Strike"],"picked":"Flex","floor":8}],"player_experience":1141383,"relics_obtained":[{"floor":9,"key":"Frozen Egg 2"}],"event_choices":[{"damage_healed":0,"gold_gain":0,"player_choice":"Success","damage_taken":5,"relics_obtained":["Centennial Puzzle"],"max_hp_gain":0,"max_hp_loss":0,"event_name":"Scrap Ooze","floor":5,"gold_loss":0},{"damage_healed":0,"gold_gain":50,"player_choice":"Pray","damage_taken":0,"max_hp_gain":0,"max_hp_loss":0,"event_name":"Golden Shrine","floor":7,"gold_loss":0},{"cards_removed":["Strike_R"],"damage_healed":0,"gold_gain":0,"player_choice":"Card Removal","damage_taken":7,"max_hp_gain":0,"max_hp_loss":0,"event_name":"Golden Wing","floor":10,"gold_loss":0}],"is_beta":false,"boss_relics":[],"items_purged_floors":[3],"is_endless":false,"potions_floor_spawned":[2,8],"killed_by":"Gremlin Nob","ascension_level":17}