{"gold_per_floor":[114,114,133,150,150,150,175,175,175,250,250,525,541,554,554,554],"floor_reached":16,"playtime":680,"items_purged":[],"score":200,"play_id":"dc732763-d08f-4337-83d1-00694a0f04ff","local_time":"20190302162426","is_ascension_mode":true,"campfire_choices":[{"floor":6,"key":"REST"},{"data":"Fiend Fire","floor":8,"key":"SMITH"},{"floor":11,"key":"REST"},{"data":"Flex","floor":15,"key":"SMITH"}],"neow_cost":"NONE","seed_source_timestamp":83801265869273,"circlet_count":0,"master_deck":["AscendersBane","Strike_R","Strike_R","Strike_R","Strike_R","Defend_R","Defend_R","Defend_R","Defend_R","Bash","Intimidate","Flex+1","Body Slam","Fiend Fire+1","Regret","Second Wind","Cleave"],"relics":["Burning Blood","Red Skull","Mummified Hand","Letter Opener","Anchor"],"potions_floor_usage":[7,7,16,16],"damage_taken":[{"damage":14,"enemies":"Jaw Worm","floor":1,"turns":4},{"damage":4,"enemies":"Small Slimes","floor":3,"turns":4},{"damage":11,"enemies":"Cultist","floor":4,"turns":4},{"damage":37,"enemies":"Lagavulin","floor":7,"turns":6},{"damage":2,"enemies":"2 Fungi Beasts","floor":13,"turns":2},{"damage":0,"enemies":"Blue Slaver","floor":14,"turns":2},{"damage":53,"enemies":"The Guardian","floor":16,"turns":9}],"seed_played":"3151864830041158455","potions_obtained":[{"floor":3,"key":"Swift Potion"},{"floor":4,"key":"Block Potion"},{"floor":7,"key":"LiquidBronze"},{"floor":14,"key":"Poison Potion"}],"is_trial":false,"path_per_floor":["M","?","M","M","?","R","E","R","T","?","R","?","M","M","R","B"],"character_chosen":"IRONCLAD","items_purchased":[],"campfire_rested":2,"item_purchase_floors":[],"current_hp_per_floor":[60,49,51,46,39,61,30,30,30,19,41,41,45,51,51,0],"gold":554,"neow_bonus":"RANDOM_COMMON_RELIC","is_prod":false,"is_daily":false,"chose_seed":false,"campfire_upgraded":2,"win_rate":0,"timestamp":1551569066,"path_taken":["M","?","M","M","?","R","E","R","T","?","R","?","M","?","R","BOSS"],"build_version":"2019-01-23","purchased_purges":0,"victory":false,"max_hp_per_floor":[75,75,75,75,75,75,75,75,75,75,75,75,75,75,75,75],"card_choices":[{"not_picked":["Wild Strike","Battle Trance"],"picked":"Intimidate","floor":1},{"not_picked":["Rage","Iron Wave"],"picked":"Flex","floor":3},{"not_picked":["Flex","Perfected Strike"],"picked":"Body Slam","floor":4},{"not_picked":["Exhume","Havoc"],"picked":"Fiend Fire","floor":7},{"not_picked":["Dual Wield","Cleave"],"picked":"Second Wind","floor":13},{"not_picked":["Hemokinesis","Body Slam"],"picked":"Cleave","floor":14}],"player_experience":1322072,"relics_obtained":[{"floor":7,"key":"Letter Opener"},{"floor":9,"key":"Anchor"}],"event_choices":[{"damage_healed":0,"gold_gain":0,"player_choice":"Success","damage_taken":11,"relics_obtained":["Mummified Hand"],"max_hp_gain":0,"max_hp_loss":0,"event_name":"Scrap Ooze","floor":2,"gold_loss":0},{"cards_removed":["Strike_R"],"damage_healed":0,"gold_gain":0,"player_choice":"Card Removal","damage_taken":7,"max_hp_gain":0,"max_hp_loss":0,"event_name":"Golden Wing","floor":5,"gold_loss":0},{"damage_healed":0,"gold_gain":75,"player_choice":"Gather Gold","damage_taken":11,"max_hp_gain":0,"max_hp_loss":0,"event_name":"World of Goop","floor":10,"gold_loss":0},{"damage_healed":0,"gold_gain":275,"player_choice":"Desecrate","damage_taken":0,"max_hp_gain":0,"max_hp_loss":0,"event_name":"Golden Shrine","floor":12,"gold_loss":0,"cards_obtained":["Regret"]}],"is_beta":false,"boss_relics":[],"items_purged_floors":[],"is_endless":false,"potions_floor_spawned":[3,4,7,14],"killed_by":"The Guardian","ascension_level":20}