{"gold_per_floor":[115,165,177,189,80,80,105,105,105,117,117,130,145,20,20,94,94,104,19,36,36,49,49,80,90,90,90,100,117,117,131,131,131],"floor_reached":33,"playtime":2640,"items_purged":["Strike_B","Strike_B"],"score":474,"play_id":"311a5264-30c6-4518-a6b2-d8d4d5217c3c","local_time":"20190208193810","is_ascension_mode":true,"campfire_choices":[{"data":"Blizzard","floor":6,"key":"SMITH"},{"data":"Zap","floor":8,"key":"SMITH"},{"data":"Chill","floor":11,"key":"SMITH"},{"data":"Stack","floor":15,"key":"SMITH"},{"floor":23,"key":"REST"},{"floor":30,"key":"REST"},{"floor":32,"key":"REST"}],"neow_cost":"NONE","seed_source_timestamp":1815874783854717,"circlet_count":0,"master_deck":["AscendersBane","Strike_B","Defend_B","Defend_B","Defend_B","Defend_B","Zap+1","Dualcast","Stack+1","Cold Snap","Cold Snap","Blizzard+1","Chill+1","Cold Snap","Go for the Eyes","Beam Cell","Hologram","Seek","Chaos","Chaos+1","Reinforced Body","Tempest","Redo","Rebound","Redo+1"],"relics":["Cracked Core","NeowsBlessing","Torii","Mummified Hand","Nuclear Battery","Juzu Bracelet","Omamori","DataDisk"],"potions_floor_usage":[7,16,16,18,22,24,28,29,33],"damage_taken":[{"damage":0,"enemies":"Cultist","floor":1,"turns":1},{"damage":0,"enemies":"Small Slimes","floor":3,"turns":1},{"damage":0,"enemies":"Jaw Worm","floor":4,"turns":1},{"damage":6,"enemies":"3 Sentries","floor":7,"turns":7},{"damage":7,"enemies":"3 Louse","floor":10,"turns":4},{"damage":2,"enemies":"Large Slime","floor":12,"turns":6},{"damage":0,"enemies":"Blue Slaver","floor":13,"turns":3},{"damage":14,"enemies":"The Guardian","floor":16,"turns":11},{"damage":1,"enemies":"2 Thieves","floor":18,"turns":4},{"damage":9,"enemies":"Spheric Guardian","floor":20,"turns":5},{"damage":8,"enemies":"Snake Plant","floor":22,"turns":5},{"damage":57,"enemies":"Book of Stabbing","floor":24,"turns":9},{"damage":1,"enemies":"Centurion and Healer","floor":25,"turns":12},{"damage":0,"enemies":"Cultist and Chosen","floor":28,"turns":5},{"damage":0,"enemies":"Sentry and Sphere","floor":29,"turns":4},{"damage":8,"enemies":"Snake Plant","floor":31,"turns":4},{"damage":44,"enemies":"Champ","floor":33,"turns":12}],"seed_played":"6300540023030776441","potions_obtained":[{"floor":3,"key":"FocusPotion"},{"floor":10,"key":"GamblersBrew"},{"floor":12,"key":"AttackPotion"},{"floor":16,"key":"FocusPotion"},{"floor":18,"key":"SkillPotion"},{"floor":20,"key":"Weak Potion"},{"floor":24,"key":"Explosive Potion"},{"floor":25,"key":"FocusPotion"},{"floor":29,"key":"Poison Potion"}],"is_trial":false,"path_per_floor":["M","?","M","M","$","R","E","R","T","M","R","M","M","$","R","B",null,"M","?","M","?","M","R","E","M","T","?","M","M","R","M","R","B"],"character_chosen":"DEFECT","items_purchased":["Blizzard","Hologram"],"campfire_rested":3,"item_purchase_floors":[5,14],"current_hp_per_floor":[64,57,57,57,57,57,51,51,51,44,44,42,42,42,42,28,60,59,59,50,50,42,63,6,5,5,5,5,5,26,18,39,0],"gold":131,"neow_bonus":"THREE_ENEMY_KILL","is_prod":false,"is_daily":false,"chose_seed":false,"campfire_upgraded":4,"win_rate":0,"timestamp":1549679890,"path_taken":["M","?","M","M","$","R","E","R","T","M","R","M","?","$","R","BOSS","M","?","M","?","M","R","E","M","T","?","M","M","R","M","R","BOSS"],"build_version":"2019-01-23","purchased_purges":2,"victory":false,"max_hp_per_floor":[71,71,71,71,71,71,71,71,71,71,71,71,71,71,71,71,71,71,71,71,71,71,71,71,71,71,71,71,71,71,71,71,71],"card_choices":[{"not_picked":["Beam Cell","Storm"],"picked":"Stack","floor":1},{"not_picked":["Steam","Stack"],"picked":"Cold Snap","floor":3},{"not_picked":["Conserve Battery","Compile Driver"],"picked":"Cold Snap","floor":4},{"not_picked":["Melter","Lockon"],"picked":"Chill","floor":7},{"not_picked":["Fusion","Hello World"],"picked":"Cold Snap","floor":10},{"not_picked":["Stack","Doom and Gloom"],"picked":"Go for the Eyes","floor":12},{"not_picked":["Blizzard","FTL"],"picked":"Beam Cell","floor":13},{"not_picked":["Core Surge","Thunder Strike"],"picked":"Seek","floor":16},{"not_picked":["Hello World","Chill"],"picked":"Chaos","floor":18},{"not_picked":["Chill","Beam Cell"],"picked":"Chaos+1","floor":20},{"not_picked":["Conserve Battery","Beam Cell"],"picked":"Reinforced Body","floor":22},{"not_picked":["Sweeping Beam","Biased Cognition"],"picked":"Tempest","floor":24},{"not_picked":["Steam Power","Stack","Gash"],"picked":"SKIP","floor":25},{"not_picked":["Stack","Steam"],"picked":"Redo","floor":28},{"not_picked":["Doom and Gloom","Hologram"],"picked":"Rebound","floor":29},{"not_picked":["Lockon","Fusion"],"picked":"Redo+1","floor":31}],"player_experience":1001440,"relics_obtained":[{"floor":7,"key":"Torii"},{"floor":9,"key":"Mummified Hand"},{"floor":24,"key":"Omamori"},{"floor":26,"key":"DataDisk"}],"event_choices":[{"damage_healed":0,"gold_gain":50,"player_choice":"Touch","damage_taken":7,"max_hp_gain":0,"max_hp_loss":0,"event_name":"FaceTrader","floor":2,"gold_loss":0},{"damage_healed":0,"gold_gain":0,"player_choice":"Obtained Relic","damage_taken":0,"relics_obtained":["Juzu Bracelet"],"max_hp_gain":0,"max_hp_loss":0,"event_name":"Addict","floor":19,"gold_loss":85},{"cards_removed":["Strike_B"],"damage_healed":0,"gold_gain":0,"player_choice":"Elegance","damage_taken":0,"max_hp_gain":0,"max_hp_loss":0,"event_name":"Back to Basics","floor":21,"gold_loss":0},{"damage_healed":0,"gold_gain":0,"player_choice":"Ignored","damage_taken":0,"max_hp_gain":0,"max_hp_loss":0,"event_name":"Cursed Tome","floor":27,"gold_loss":0}],"is_beta":false,"boss_relics":[{"not_picked":["Ectoplasm","Eternal Feather"],"picked":"Nuclear Battery"}],"items_purged_floors":[5,14],"is_endless":false,"potions_floor_spawned":[3,10,12,16,18,20,24,25,29],"killed_by":"Champ","ascension_level":15}