{"gold_per_floor":[117,192,210,135,135,135,167,181,252,65,77,89,89,105,105,180,180,193,76,92,104,104,104,132,132,132,132,132],"floor_reached":28,"playtime":1481,"items_purged":["Strike_R"],"score":500,"play_id":"48728883-80cb-4b80-87a2-b787adcad6c4","local_time":"20190218002908","is_ascension_mode":true,"campfire_choices":[{"data":"Pommel Strike","floor":6,"key":"SMITH"},{"data":"Armaments","floor":13,"key":"SMITH"},{"data":"True Grit","floor":15,"key":"SMITH"},{"floor":23,"key":"REST"},{"floor":25,"key":"REST"},{"floor":27,"key":"REST"}],"neow_cost":"NONE","seed_source_timestamp":201679923633946,"circlet_count":0,"master_deck":["AscendersBane","Strike_R","Strike_R","Defend_R","Defend_R","Defend_R","Defend_R","Infernal Blade","Pommel Strike+1","True Grit+1","Armaments+1","Mayhem","Metallicize","Juggernaut","Shrug It Off","Metallicize"],"relics":["Burning Blood","NeowsBlessing","Juzu Bracelet","Pear","Busted Crown","Ice Cream","Shovel"],"potions_floor_usage":[12,24,28],"damage_taken":[{"damage":0,"enemies":"Cultist","floor":1,"turns":1},{"damage":0,"enemies":"2 Louse","floor":3,"turns":1},{"damage":0,"enemies":"Gremlin Nob","floor":7,"turns":1},{"damage":7,"enemies":"Jaw Worm","floor":8,"turns":4},{"damage":32,"enemies":"Exordium Thugs","floor":11,"turns":5},{"damage":2,"enemies":"3 Louse","floor":12,"turns":5},{"damage":16,"enemies":"Lots of Slimes","floor":14,"turns":6},{"damage":34,"enemies":"The Guardian","floor":16,"turns":11},{"damage":14,"enemies":"2 Thieves","floor":18,"turns":4},{"damage":19,"enemies":"Chosen","floor":20,"turns":6},{"damage":21,"enemies":"Snake Plant","floor":21,"turns":5},{"damage":48,"enemies":"Gremlin Leader","floor":24,"turns":8},{"damage":74,"enemies":"Book of Stabbing","floor":28,"turns":7}],"seed_played":"3094100510918500556","potions_obtained":[{"floor":1,"key":"Dexterity Potion"},{"floor":3,"key":"EssenceOfSteel"},{"floor":11,"key":"BloodPotion"},{"floor":24,"key":"Poison Potion"}],"is_trial":false,"path_per_floor":["M","?","M","?","?","R","E","M","T","$","M","M","R","M","R","B",null,"M","$","M","M","?","R","E","R","T","R","E"],"character_chosen":"IRONCLAD","items_purchased":["Mayhem","Metallicize"],"campfire_rested":3,"item_purchase_floors":[10,19],"current_hp_per_floor":[74,63,69,69,69,69,75,74,84,84,58,70,70,60,60,32,72,64,64,51,36,36,61,19,44,44,69,0],"gold":132,"neow_bonus":"THREE_ENEMY_KILL","is_prod":false,"is_daily":false,"chose_seed":false,"campfire_upgraded":3,"win_rate":0,"timestamp":1550474948,"path_taken":["M","?","M","?","?","R","E","M","T","$","M","M","R","M","R","BOSS","M","$","M","M","?","R","E","R","T","R","E"],"build_version":"2019-01-23","purchased_purges":1,"victory":false,"max_hp_per_floor":[75,75,75,75,75,75,75,75,85,85,85,85,85,85,85,85,85,85,85,85,85,85,85,85,85,85,85,85],"card_choices":[{"not_picked":["Heavy Blade","Clothesline"],"picked":"Infernal Blade","floor":1},{"not_picked":["Battle Trance","Rupture"],"picked":"Pommel Strike","floor":3},{"not_picked":["Dual Wield","Twin Strike"],"picked":"True Grit","floor":7},{"not_picked":["Dropkick","Iron Wave"],"picked":"Armaments","floor":8},{"not_picked":["Havoc","Warcry","Wild Strike"],"picked":"SKIP","floor":11},{"not_picked":["Disarm","Battle Trance","True Grit"],"picked":"SKIP","floor":12},{"not_picked":["True Grit","Clash"],"picked":"Metallicize","floor":14},{"not_picked":["Feed","Exhume"],"picked":"Juggernaut","floor":16},{"not_picked":[],"picked":"Shrug It Off","floor":18},{"not_picked":["Twin Strike"],"picked":"SKIP","floor":20},{"not_picked":["Heavy Blade"],"picked":"SKIP","floor":21},{"not_picked":["Anger"],"picked":"SKIP","floor":24}],"player_experience":1153165,"relics_obtained":[{"floor":7,"key":"Juzu Bracelet"},{"floor":9,"key":"Pear"},{"floor":24,"key":"Ice Cream"},{"floor":26,"key":"Shovel"}],"event_choices":[{"damage_healed":0,"gold_gain":75,"player_choice":"Gather Gold","damage_taken":11,"max_hp_gain":0,"max_hp_loss":0,"event_name":"World of Goop","floor":2,"gold_loss":0},{"cards_removed":["Bash"],"damage_healed":0,"gold_gain":0,"player_choice":"Card Removal","damage_taken":0,"max_hp_gain":0,"max_hp_loss":0,"event_name":"The Cleric","floor":4,"gold_loss":75},{"cards_removed":["Strike_R"],"damage_healed":0,"gold_gain":0,"player_choice":"Offered Basic","damage_taken":0,"max_hp_gain":0,"max_hp_loss":0,"event_name":"Bonfire Elementals","floor":5,"gold_loss":0},{"cards_removed":["Strike_R"],"damage_healed":0,"gold_gain":0,"player_choice":"Elegance","damage_taken":0,"max_hp_gain":0,"max_hp_loss":0,"event_name":"Back to Basics","floor":22,"gold_loss":0}],"is_beta":false,"boss_relics":[{"not_picked":["White Beast Statue","Pandora\u0027s Box"],"picked":"Busted Crown"}],"items_purged_floors":[19],"is_endless":false,"potions_floor_spawned":[1,3,7,11,24],"killed_by":"Book of Stabbing","ascension_level":18}