{"gold_per_floor":[113,129,139,159,174,174,174,174,225,239,254,0,29,49,49,124,124,138,138,148,17,35,35,35],"floor_reached":24,"playtime":1449,"items_purged":["Strike_R","Strike_R"],"score":394,"play_id":"8167b7f0-d2d1-4e55-9149-41eeb977fe31","local_time":"20190224222041","is_ascension_mode":true,"campfire_choices":[{"data":"Berserk","floor":6,"key":"SMITH"},{"floor":8,"key":"REST"},{"floor":15,"key":"REST"},{"floor":23,"key":"REST"}],"neow_cost":"NONE","seed_source_timestamp":185662109385199,"circlet_count":0,"master_deck":["AscendersBane","Strike_R","Strike_R","Strike_R+1","Defend_R","Defend_R","Defend_R","Defend_R+1","Bash","Berserk+1","Pommel Strike","Anger","Shrug It Off","Ghostly Armor","Second Wind","Spot Weakness","Panache","Heavy Blade","Immolate","Flex","Fire Breathing+1","Feel No Pain","Fire Breathing"],"relics":["Burning Blood","Smiling Mask","Kunai","Sozu"],"potions_floor_usage":[5,10,13,16,16],"damage_taken":[{"damage":11,"enemies":"Cultist","floor":1,"turns":4},{"damage":11,"enemies":"2 Louse","floor":2,"turns":3},{"damage":10,"enemies":"Small Slimes","floor":3,"turns":3},{"damage":10,"enemies":"Red Slaver","floor":4,"turns":5},{"damage":16,"enemies":"Looter","floor":5,"turns":3},{"damage":4,"enemies":"Large Slime","floor":10,"turns":6},{"damage":6,"enemies":"3 Louse","floor":11,"turns":4},{"damage":26,"enemies":"3 Sentries","floor":13,"turns":8},{"damage":8,"enemies":"Blue Slaver","floor":14,"turns":3},{"damage":44,"enemies":"Hexaghost","floor":16,"turns":10},{"damage":0,"enemies":"Chosen","floor":18,"turns":5},{"damage":52,"enemies":"3 Byrds","floor":20,"turns":5},{"damage":13,"enemies":"Centurion and Healer","floor":22,"turns":5},{"damage":34,"enemies":"Slavers","floor":24,"turns":2}],"seed_played":"-5474595615360236853","potions_obtained":[{"floor":3,"key":"PowerPotion"},{"floor":4,"key":"Dexterity Potion"},{"floor":5,"key":"SpeedPotion"},{"floor":11,"key":"Strength Potion"},{"floor":14,"key":"BloodPotion"}],"is_trial":false,"path_per_floor":["M","M","M","M","M","R","?","R","T","M","M","$","E","M","R","B",null,"M","?","M","$","M","R","E"],"character_chosen":"IRONCLAD","items_purchased":["Panache","Feel No Pain"],"campfire_rested":3,"item_purchase_floors":[12,21],"current_hp_per_floor":[63,58,54,50,40,40,17,39,39,41,41,41,21,19,41,10,59,65,65,19,19,12,34,0],"gold":35,"neow_bonus":"ONE_RANDOM_RARE_CARD","is_prod":false,"is_daily":false,"chose_seed":false,"campfire_upgraded":1,"win_rate":0,"timestamp":1551072041,"path_taken":["M","M","?","M","M","R","?","R","T","M","M","$","E","M","R","BOSS","M","?","M","$","?","R","E"],"build_version":"2019-01-23","purchased_purges":2,"victory":false,"max_hp_per_floor":[75,75,75,75,75,75,75,75,75,75,75,75,75,75,75,75,75,75,75,75,75,75,75,75],"card_choices":[{"not_picked":["Headbutt","Twin Strike"],"picked":"Pommel Strike","floor":1},{"not_picked":["Combust","Seeing Red"],"picked":"Anger","floor":2},{"not_picked":["Body Slam","Twin Strike"],"picked":"Shrug It Off","floor":3},{"not_picked":["Searing Blow","Havoc"],"picked":"Ghostly Armor","floor":4},{"not_picked":["Warcry","Heavy Blade"],"picked":"Second Wind","floor":5},{"not_picked":["Anger","Warcry","Havoc"],"picked":"SKIP","floor":10},{"not_picked":["Pommel Strike","Entrench"],"picked":"Spot Weakness","floor":11},{"not_picked":["Clothesline","Second Wind"],"picked":"Heavy Blade","floor":13},{"not_picked":["Hemokinesis","Wild Strike","Clothesline"],"picked":"SKIP","floor":14},{"not_picked":["Dark Embrace","Offering"],"picked":"Immolate","floor":16},{"not_picked":["Sword Boomerang","Pommel Strike"],"picked":"Flex","floor":18},{"not_picked":["Second Wind","Clothesline"],"picked":"Fire Breathing+1","floor":20},{"not_picked":["Warcry","Havoc"],"picked":"Fire Breathing","floor":22}],"player_experience":1255807,"relics_obtained":[{"floor":9,"key":"Smiling Mask"},{"floor":13,"key":"Kunai"}],"event_choices":[{"damage_healed":0,"gold_gain":0,"player_choice":"Entered Light","damage_taken":23,"max_hp_gain":0,"max_hp_loss":0,"event_name":"Shining Light","floor":7,"gold_loss":0,"cards_upgraded":["Strike_R","Defend_R"]},{"damage_healed":0,"gold_gain":0,"player_choice":"Got Potions","damage_taken":0,"max_hp_gain":0,"max_hp_loss":0,"event_name":"Lab","floor":19,"gold_loss":0}],"is_beta":false,"boss_relics":[{"not_picked":["Empty Cage","Runic Dome"],"picked":"Sozu"}],"items_purged_floors":[12,21],"is_endless":false,"potions_floor_spawned":[3,4,5,11,14],"killed_by":"Slavers","ascension_level":19}