{"path_per_floor":["M","M","M","?","M","E","R","E","T","E","M","?","R","M","R","B",null,"M","?","$","M","M","R","E","R","T","E","M","M","?"],"character_chosen":"DEFECT","items_purchased":["Happy Flower"],"gold_per_floor":[12,25,40,40,60,93,93,118,118,148,168,168,168,180,180,281,281,293,293,68,79,96,96,129,129,154,183,193,203,203,203],"floor_reached":31,"campfire_rested":4,"playtime":1801,"item_purchase_floors":[20],"current_hp_per_floor":[75,75,66,66,66,58,58,37,37,7,5,5,27,20,42,6,75,62,62,62,51,36,59,17,41,41,22,12,10,10,0],"items_purged":["Regret"],"gold":203,"score":342,"play_id":"0669775c-5497-46e1-a613-c92d312a680f","local_time":"20180606194155","is_prod":false,"is_daily":false,"chose_seed":false,"is_ascension_mode":true,"campfire_upgraded":1,"win_rate":0,"timestamp":1528335715,"campfire_choices":[{"data":"Ball Lightning","floor":7,"key":"SMITH"},{"floor":13,"key":"REST"},{"floor":15,"key":"REST"},{"floor":23,"key":"REST"},{"floor":25,"key":"REST"}],"path_taken":["M","M","M","?","M","E","R","E","T","E","M","?","R","M","R","BOSS","M","?","$","M","M","R","E","R","T","E","M","M","?","M"],"build_version":"2018-05-31","seed_source_timestamp":610808795627805,"purchased_purges":1,"victory":false,"master_deck":["Zap","Dualcast","Ball Lightning+1","Doom and Gloom","Sweeping Beam","Creative AI+1","Genetic Algorithm","Static Discharge","Echo Form","Stack","Rebound","Barrage","Rebound","Turbo","Rebound","Cold Snap","Steam","Parasite","Ball Lightning","Loop+1","Cold Snap"],"max_hp_per_floor":[75,75,75,75,75,75,75,75,75,75,75,75,75,75,75,75,75,77,77,77,77,79,79,81,81,81,81,81,83,83,83],"relics":["Cracked Core","Thread and Needle","Turnip","Pantograph","Potion Belt","Matryoshka","Sundial","Singing Bowl","Pandora\u0027s Box","Happy Flower","Frozen Egg 2","Bag of Marbles","Bronze Scales","Dodecahedron"],"card_choices":[{"not_picked":["Tempest","Streamline"],"picked":"Ball Lightning","floor":1},{"not_picked":["Lockon","Sunder"],"picked":"Doom and Gloom","floor":2},{"not_picked":["Compile Driver","Streamline"],"picked":"Sweeping Beam","floor":3},{"not_picked":["Steam","Beam Cell","Streamline"],"picked":"SKIP","floor":5},{"not_picked":["Machine Learning","Steam Power","Sunder"],"picked":"SKIP","floor":6},{"not_picked":["Cold Snap","Streamline"],"picked":"Creative AI","floor":8},{"not_picked":["Chill","Gash"],"picked":"Genetic Algorithm","floor":10},{"not_picked":["Barrage","Coolheaded","Compile Driver"],"picked":"SKIP","floor":11},{"not_picked":["Ball Lightning","Coolheaded"],"picked":"Static Discharge","floor":14},{"not_picked":["Creative AI","Machine Learning"],"picked":"Echo Form","floor":16},{"not_picked":["Beam Cell","Stack+1","Rebound"],"picked":"Singing Bowl","floor":18},{"not_picked":["Gash","Sunder"],"picked":"Ball Lightning","floor":21},{"not_picked":["Defragment","Conserve Battery","Hello World+1"],"picked":"Singing Bowl","floor":22},{"not_picked":["Undo","Sweeping Beam","Turbo"],"picked":"Singing Bowl","floor":24},{"not_picked":["Compile Driver","Auto Shields"],"picked":"Loop+1","floor":27},{"not_picked":["Redo","FTL"],"picked":"Cold Snap","floor":28},{"not_picked":["Ball Lightning","Rebound","Echo Form+1"],"picked":"Singing Bowl","floor":29}],"player_experience":861573,"potions_floor_usage":[6,10,24,29,29],"damage_taken":[{"damage":0,"enemies":"Small Slimes","floor":1,"turns":3},{"damage":0,"enemies":"Cultist","floor":2,"turns":2},{"damage":9,"enemies":"2 Louse","floor":3,"turns":2},{"damage":0,"enemies":"Large Slime","floor":5,"turns":4},{"damage":8,"enemies":"3 Sentries","floor":6,"turns":4},{"damage":21,"enemies":"Lagavulin","floor":8,"turns":4},{"damage":30,"enemies":"3 Sentries","floor":10,"turns":5},{"damage":2,"enemies":"3 Louse","floor":11,"turns":3},{"damage":7,"enemies":"Lots of Slimes","floor":14,"turns":3},{"damage":61,"enemies":"The Guardian","floor":16,"turns":9},{"damage":15,"enemies":"3 Byrds","floor":18,"turns":2},{"damage":11,"enemies":"Shell Parasite","floor":21,"turns":4},{"damage":17,"enemies":"3 Cultists","floor":22,"turns":4},{"damage":44,"enemies":"Book of Stabbing","floor":24,"turns":5},{"damage":19,"enemies":"Gremlin Leader","floor":27,"turns":5},{"damage":10,"enemies":"Snecko","floor":28,"turns":4},{"damage":4,"enemies":"Snake Plant","floor":29,"turns":3},{"damage":30,"enemies":"Cultist and Chosen","floor":31,"turns":4}],"relics_obtained":[{"floor":6,"key":"Pantograph"},{"floor":8,"key":"Potion Belt"},{"floor":9,"key":"Matryoshka"},{"floor":10,"key":"Sundial"},{"floor":24,"key":"Frozen Egg 2"},{"floor":26,"key":"Bag of Marbles"},{"floor":26,"key":"Bronze Scales"},{"floor":27,"key":"Dodecahedron"}],"event_choices":[{"event_name":"Accursed Blacksmith","player_choice":"Rummage","floor":4,"damage_taken":0},{"event_name":"Big Fish","player_choice":"Box","floor":12,"damage_taken":0},{"event_name":"Transmorgrifier","player_choice":"Transform","floor":19,"damage_taken":0},{"event_name":"Upgrade Shrine","player_choice":"Upgraded","floor":30,"damage_taken":0}],"boss_relics":[{"not_picked":["Cursed Key","Sozu"],"picked":"Pandora\u0027s Box"}],"items_purged_floors":[20],"potions_floor_spawned":[1,8,10,11,21,22,24,28],"seed_played":"-8400997542153920851","killed_by":"Cultist and Chosen","ascension_level":3,"potions_obtained":[{"floor":1,"key":"PowerPotion"},{"floor":8,"key":"SneckoOil"},{"floor":10,"key":"Weak Potion"},{"floor":11,"key":"Strength Potion"},{"floor":21,"key":"SteroidPotion"},{"floor":22,"key":"Fire Potion"},{"floor":24,"key":"FairyPotion"},{"floor":28,"key":"SkillPotion"}],"is_trial":false}