{"gold_per_floor":[113,133,146,160,174,174,41,41,41,41,66,81,81,94,94,170,170,183,108,8,8,8,37,37,55,55,75,91,91,91,108,108,108],"floor_reached":33,"playtime":1887,"items_purged":["Strike_R","Strike_R"],"score":622,"play_id":"79145de3-ba25-483a-afea-dfc283ecd232","local_time":"20190222215329","is_ascension_mode":true,"campfire_choices":[{"data":"Body Slam","floor":6,"key":"SMITH"},{"data":"Juggernaut","floor":8,"key":"SMITH"},{"floor":10,"key":"REST"},{"data":"Shrug It Off","floor":15,"key":"SMITH"},{"floor":24,"key":"REST"},{"floor":29,"key":"REST"},{"floor":32,"key":"REST"}],"neow_cost":"NONE","seed_source_timestamp":10785170079389,"circlet_count":0,"master_deck":["AscendersBane","Defend_R","Defend_R","Defend_R","Defend_R","Bash","Juggernaut+1","Anger","Clash","Evolve","Body Slam+1","Shrug It Off","Shrug It Off+1","Impervious+1","Shockwave+1","Ghostly Armor+1","Berserk","Armaments+1","Cleave","Shrug It Off+1","Pommel Strike","Entrench+1","Reaper","Pummel","Second Wind+1"],"relics":["Black Blood","Pantograph","Toxic Egg 2","NlothsMask","Red Skull"],"potions_floor_usage":[16,16,27,31,31],"damage_taken":[{"damage":8,"enemies":"Cultist","floor":1,"turns":5},{"damage":10,"enemies":"Small Slimes","floor":2,"turns":4},{"damage":6,"enemies":"2 Louse","floor":3,"turns":3},{"damage":14,"enemies":"Blue Slaver","floor":4,"turns":4},{"damage":14,"enemies":"Exordium Wildlife","floor":5,"turns":4},{"damage":19,"enemies":"3 Sentries","floor":11,"turns":7},{"damage":13,"enemies":"Lots of Slimes","floor":12,"turns":4},{"damage":10,"enemies":"Large Slime","floor":14,"turns":6},{"damage":0,"enemies":"Hexaghost","floor":16,"turns":7},{"damage":44,"enemies":"3 Byrds","floor":18,"turns":7},{"damage":52,"enemies":"Book of Stabbing","floor":23,"turns":7},{"damage":2,"enemies":"Shell Parasite","floor":25,"turns":4},{"damage":36,"enemies":"Shelled Parasite and Fungi","floor":27,"turns":5},{"damage":32,"enemies":"3 Cultists","floor":28,"turns":6},{"damage":30,"enemies":"Centurion and Healer","floor":31,"turns":7},{"damage":102,"enemies":"Collector","floor":33,"turns":8}],"seed_played":"4514462630639415003","potions_obtained":[{"floor":4,"key":"Block Potion"},{"floor":5,"key":"FearPotion"},{"floor":12,"key":"EssenceOfSteel"},{"floor":23,"key":"AttackPotion"},{"floor":25,"key":"Swift Potion"},{"floor":28,"key":"Weak Potion"}],"is_trial":false,"path_per_floor":["M","M","M","M","M","R","$","R","T","R","E","M","?","M","R","B",null,"M","?","$","?","$","E","R","M","T","M","M","R","?","M","R","B"],"character_chosen":"IRONCLAD","items_purchased":["Shrug It Off"],"campfire_rested":4,"item_purchase_floors":[7],"current_hp_per_floor":[66,62,62,54,46,46,46,46,46,68,55,48,48,44,44,75,75,41,41,41,75,75,33,55,63,63,37,15,37,37,37,59,0],"gold":108,"neow_bonus":"ONE_RANDOM_RARE_CARD","is_prod":false,"is_daily":false,"chose_seed":false,"campfire_upgraded":3,"win_rate":0,"timestamp":1550897609,"path_taken":["M","M","M","M","M","R","$","R","T","R","E","M","?","?","R","BOSS","M","?","$","?","$","E","R","M","T","?","M","R","?","M","R","BOSS"],"build_version":"2019-01-23","purchased_purges":2,"victory":false,"max_hp_per_floor":[75,75,75,75,75,75,75,75,75,75,75,75,75,75,75,75,75,75,75,75,75,75,75,75,75,75,75,75,75,75,75,75,75],"card_choices":[{"not_picked":["Twin Strike","Corruption"],"picked":"Anger","floor":1},{"not_picked":["Anger","Heavy Blade"],"picked":"Clash","floor":2},{"not_picked":["Headbutt","Iron Wave"],"picked":"Evolve","floor":3},{"not_picked":["Pommel Strike","Cleave"],"picked":"Body Slam","floor":4},{"not_picked":["Burning Pact","Inflame"],"picked":"Shrug It Off","floor":5},{"not_picked":["Rampage","Fiend Fire"],"picked":"Impervious","floor":11},{"not_picked":["Perfected Strike","Blood for Blood"],"picked":"Shockwave+1","floor":12},{"not_picked":["Heavy Blade","Warcry+1"],"picked":"Ghostly Armor+1","floor":14},{"not_picked":["Double Tap+1","Dark Embrace"],"picked":"Berserk","floor":16},{"not_picked":["Warcry+1","Pommel Strike"],"picked":"Armaments+1","floor":18},{"not_picked":["Clash","Pummel"],"picked":"Cleave","floor":23},{"not_picked":["Cleave","Wild Strike+1"],"picked":"Shrug It Off+1","floor":25},{"not_picked":["Limit Break+1","Fire Breathing"],"picked":"Pommel Strike","floor":27},{"not_picked":["Pommel Strike+1","Shockwave+1"],"picked":"Entrench+1","floor":28},{"not_picked":["Shrug It Off+1","Sword Boomerang"],"picked":"Second Wind+1","floor":31}],"player_experience":1217915,"relics_obtained":[{"floor":9,"key":"Pantograph"},{"floor":11,"key":"Toxic Egg 2"},{"floor":23,"key":"Red Skull"}],"event_choices":[{"damage_healed":0,"gold_gain":0,"player_choice":"Trade","damage_taken":0,"relics_obtained":["NlothsMask"],"max_hp_gain":0,"max_hp_loss":0,"event_name":"FaceTrader","floor":13,"gold_loss":0},{"cards_removed":["Strike_R"],"damage_healed":0,"gold_gain":0,"player_choice":"Gave Gold","damage_taken":0,"max_hp_gain":0,"max_hp_loss":0,"event_name":"Beggar","floor":19,"gold_loss":75},{"damage_healed":34,"gold_gain":0,"player_choice":"Full Heal","damage_taken":0,"max_hp_gain":0,"max_hp_loss":0,"event_name":"Wheel of Change","floor":21,"gold_loss":0},{"damage_healed":0,"gold_gain":0,"cards_transformed":["Strike_R","Strike_R"],"player_choice":"Became Test Subject","damage_taken":0,"max_hp_gain":0,"max_hp_loss":0,"event_name":"Drug Dealer","floor":30,"gold_loss":0,"cards_obtained":["Reaper","Pummel"]}],"is_beta":false,"boss_relics":[{"not_picked":["Tiny House","Lizard Tail"],"picked":"Black Blood"}],"items_purged_floors":[7,20],"is_endless":false,"potions_floor_spawned":[4,5,12,23,25,28],"killed_by":"Collector","ascension_level":19}