{"gold_per_floor":[115,190,190,206,206,206,241,255,306,306,327,327,327,7,7,100,100,115,115,129,29,43,43,77,77,129,129,169,25,50,64,64,64],"floor_reached":33,"playtime":1845,"items_purged":["Regret","Strike_B"],"score":539,"play_id":"692862b9-3505-46a0-9aad-82e6cd14abc6","local_time":"20190209112100","is_ascension_mode":true,"campfire_choices":[{"data":"Sunder","floor":6,"key":"SMITH"},{"floor":10,"key":"REST"},{"floor":13,"key":"REST"},{"floor":15,"key":"REST"},{"floor":23,"key":"REST"},{"floor":27,"key":"REST"},{"floor":32,"key":"REST"}],"neow_cost":"NONE","seed_source_timestamp":1873243408042410,"circlet_count":0,"master_deck":["AscendersBane","Strike_B+1","Defend_B","Defend_B","Defend_B","Defend_B","Zap+1","Dualcast","Fusion","Sunder+1","Compile Driver","Stack","Redo","Buffer","Conserve Battery","Rip and Tear","Doom and Gloom","Ball Lightning","Sweeping Beam","Zap+1","Chaos+1","Coolheaded","Tempest"],"relics":["Cracked Core","Art of War","Bag of Preparation","Golden Idol","Bronze Scales","Orichalcum","Mercury Hourglass","Sozu","DataDisk","Potion Belt","Pen Nib","Happy Flower"],"potions_floor_usage":[11,16,22],"damage_taken":[{"damage":2,"enemies":"2 Louse","floor":1,"turns":3},{"damage":1,"enemies":"Small Slimes","floor":4,"turns":4},{"damage":41,"enemies":"3 Sentries","floor":7,"turns":7},{"damage":4,"enemies":"Jaw Worm","floor":8,"turns":2},{"damage":4,"enemies":"Looter","floor":11,"turns":2},{"damage":7,"enemies":"Slime Boss","floor":16,"turns":6},{"damage":6,"enemies":"3 Byrds","floor":18,"turns":2},{"damage":16,"enemies":"2 Thieves","floor":20,"turns":3},{"damage":33,"enemies":"Shelled Parasite and Fungi","floor":22,"turns":4},{"damage":0,"enemies":"Gremlin Leader","floor":24,"turns":5},{"damage":33,"enemies":"Slavers","floor":28,"turns":3},{"damage":3,"enemies":"Centurion and Healer","floor":30,"turns":4},{"damage":3,"enemies":"Cultist and Chosen","floor":31,"turns":3},{"damage":28,"enemies":"Automaton","floor":33,"turns":8}],"seed_played":"3186118427204310984","potions_obtained":[{"floor":1,"key":"Poison Potion"},{"floor":8,"key":"SkillPotion"},{"floor":11,"key":"FairyPotion"},{"floor":16,"key":"Poison Potion"}],"is_trial":false,"path_per_floor":["M","?","?","M","?","R","E","M","T","R","M","?","R","$","R","B",null,"M","?","M","$","M","R","E","?","T","R","E","$","M","M","R","B"],"character_chosen":"DEFECT","items_purchased":["Mercury Hourglass","Happy Flower"],"campfire_rested":6,"item_purchase_floors":[14,29],"current_hp_per_floor":[62,51,51,50,50,50,9,5,5,24,20,1,20,20,39,32,56,50,50,34,34,1,20,20,20,20,39,6,6,3,6,25,0],"gold":64,"neow_bonus":"RANDOM_COMMON_RELIC","is_prod":false,"is_daily":false,"chose_seed":false,"campfire_upgraded":1,"win_rate":0,"timestamp":1549736460,"path_taken":["M","?","?","M","?","R","E","?","T","R","M","?","R","$","R","BOSS","M","?","M","$","M","R","E","?","T","R","E","$","M","M","R","BOSS"],"build_version":"2019-01-23","purchased_purges":2,"victory":false,"max_hp_per_floor":[71,71,71,71,64,64,64,64,64,64,64,64,64,64,64,64,64,64,64,64,64,64,64,64,64,64,64,64,64,64,64,64,64],"card_choices":[{"not_picked":["Aggregate","Rebound"],"picked":"Fusion","floor":1},{"not_picked":["Leap","Loop"],"picked":"Sunder","floor":4},{"not_picked":["Leap","Barrage"],"picked":"Compile Driver","floor":7},{"not_picked":["Turbo","Cold Snap"],"picked":"Stack","floor":8},{"not_picked":["FTL","Storm"],"picked":"Redo","floor":11},{"not_picked":["All For One","Meteor Strike"],"picked":"Buffer","floor":16},{"not_picked":["Compile Driver","Blizzard"],"picked":"Conserve Battery","floor":18},{"not_picked":["Force Field","Compile Driver"],"picked":"Ball Lightning","floor":20},{"not_picked":["Heatsinks","Streamline","Barrage"],"picked":"SKIP","floor":22},{"not_picked":["Rip and Tear","Sunder"],"picked":"Sweeping Beam","floor":24},{"not_picked":["Compile Driver+1","Leap"],"picked":"Chaos+1","floor":28},{"not_picked":["Recycle","All For One"],"picked":"Coolheaded","floor":30},{"not_picked":["Undo+1","Stack"],"picked":"Tempest","floor":31}],"player_experience":1024951,"relics_obtained":[{"floor":7,"key":"Bronze Scales"},{"floor":9,"key":"Orichalcum"},{"floor":24,"key":"DataDisk"},{"floor":26,"key":"Potion Belt"},{"floor":28,"key":"Pen Nib"}],"event_choices":[{"damage_healed":0,"gold_gain":75,"player_choice":"Gather Gold","damage_taken":11,"max_hp_gain":0,"max_hp_loss":0,"event_name":"World of Goop","floor":2,"gold_loss":0},{"damage_healed":0,"gold_gain":0,"player_choice":"Box","damage_taken":0,"relics_obtained":["Bag of Preparation"],"max_hp_gain":0,"max_hp_loss":0,"event_name":"Big Fish","floor":3,"gold_loss":0,"cards_obtained":["Regret"]},{"damage_healed":0,"gold_gain":0,"player_choice":"Lose Max HP","damage_taken":0,"relics_obtained":["Golden Idol"],"max_hp_gain":0,"max_hp_loss":7,"event_name":"Golden Idol","floor":5,"gold_loss":0},{"damage_healed":0,"gold_gain":0,"player_choice":"Entered Light","damage_taken":19,"max_hp_gain":0,"max_hp_loss":0,"event_name":"Shining Light","floor":12,"gold_loss":0,"cards_upgraded":["Strike_B","Zap"]},{"damage_healed":0,"gold_gain":0,"cards_transformed":["Strike_B","Strike_B"],"player_choice":"Became Test Subject","damage_taken":0,"max_hp_gain":0,"max_hp_loss":0,"event_name":"Drug Dealer","floor":19,"gold_loss":0,"cards_obtained":["Rip and Tear","Doom and Gloom"]},{"damage_healed":0,"gold_gain":0,"player_choice":"Copied","damage_taken":0,"max_hp_gain":0,"max_hp_loss":0,"event_name":"Duplicator","floor":25,"gold_loss":0,"cards_obtained":["Zap"]}],"is_beta":false,"boss_relics":[{"not_picked":["Ectoplasm","Runic Dome"],"picked":"Sozu"}],"items_purged_floors":[14,21],"is_endless":false,"potions_floor_spawned":[1,8,11,16,22,24,28,30,31],"killed_by":"Automaton","ascension_level":15}