{"gold_per_floor":[211,12,12,25,25,25,55,55,55,55,12,43,62,62,62,139,139,159,173,192,206,33,33,33],"floor_reached":24,"playtime":1384,"items_purged":[],"score":408,"play_id":"3e0106a9-d20a-446f-9c19-ba77b3d80d46","local_time":"20190302102030","is_ascension_mode":true,"campfire_choices":[{"floor":6,"key":"REST"},{"data":"Flame Barrier","floor":8,"key":"SMITH"},{"data":"Body Slam","floor":10,"key":"SMITH"},{"data":"Spot Weakness","floor":15,"key":"SMITH"},{"floor":23,"key":"REST"}],"neow_cost":"NONE","seed_source_timestamp":61258672984618,"circlet_count":0,"master_deck":["AscendersBane","Strike_R","Strike_R","Strike_R","Strike_R","Strike_R","Defend_R","Defend_R","Defend_R","Defend_R","Bash","Flame Barrier+1","Feel No Pain","Disarm","Body Slam+1","Inflame","Disarm","Spot Weakness+1","Fiend Fire","Shrug It Off","Second Wind","Cleave","Feel No Pain+1","Headbutt+1"],"relics":["Burning Blood","Art of War","Bronze Scales","Question Card","Boot","Dream Catcher","Self Forming Clay","Sozu","Lantern"],"potions_floor_usage":[12,12,19],"damage_taken":[{"damage":26,"enemies":"Jaw Worm","floor":1,"turns":5},{"damage":2,"enemies":"Small Slimes","floor":4,"turns":4},{"damage":10,"enemies":"3 Sentries","floor":7,"turns":12},{"damage":18,"enemies":"Lagavulin","floor":12,"turns":5},{"damage":1,"enemies":"Cultist","floor":13,"turns":4},{"damage":44,"enemies":"Hexaghost","floor":16,"turns":13},{"damage":15,"enemies":"Chosen","floor":18,"turns":6},{"damage":5,"enemies":"Spheric Guardian","floor":19,"turns":5},{"damage":6,"enemies":"Snake Plant","floor":20,"turns":4},{"damage":41,"enemies":"Snecko","floor":21,"turns":7},{"damage":45,"enemies":"Slavers","floor":24,"turns":4}],"seed_played":"-5032707260642091583","potions_obtained":[{"floor":1,"key":"Strength Potion"},{"floor":4,"key":"Ancient Potion"},{"floor":12,"key":"Fire Potion"}],"is_trial":false,"path_per_floor":["M","$","?","M","?","R","E","R","T","R","$","E","M","$","R","B",null,"M","M","M","M","$","R","E"],"character_chosen":"IRONCLAD","items_purchased":["Art of War","Feel No Pain","Inflame","Lantern"],"campfire_rested":2,"item_purchase_floors":[2,2,11,22],"current_hp_per_floor":[48,48,43,47,47,69,65,65,65,65,65,53,58,58,58,20,61,52,53,53,18,18,40,0],"gold":33,"neow_bonus":"HUNDRED_GOLD","is_prod":false,"is_daily":false,"chose_seed":false,"campfire_upgraded":3,"win_rate":0,"timestamp":1551547230,"path_taken":["M","$","?","M","?","R","E","R","T","R","$","E","?","?","R","BOSS","M","?","M","M","$","R","E"],"build_version":"2019-01-23","purchased_purges":0,"victory":false,"max_hp_per_floor":[75,75,75,75,75,75,75,75,75,75,75,75,75,75,75,75,75,75,75,75,75,75,75,75],"card_choices":[{"not_picked":["Twin Strike","Headbutt"],"picked":"Flame Barrier","floor":1},{"not_picked":["Wild Strike","Entrench"],"picked":"Disarm","floor":4},{"not_picked":["Wild Strike","Cleave","Flex"],"picked":"Body Slam","floor":7},{"not_picked":["Perfected Strike","Sentinel","Thunderclap"],"picked":"Disarm","floor":12},{"not_picked":["Warcry","Pummel","Iron Wave"],"picked":"Spot Weakness","floor":13},{"not_picked":["Brutality","Dark Embrace","Exhume"],"picked":"Fiend Fire","floor":16},{"not_picked":["Warcry","Clash","Sword Boomerang"],"picked":"Shrug It Off","floor":18},{"not_picked":["Twin Strike","Iron Wave","Rampage"],"picked":"Second Wind","floor":19},{"not_picked":["Twin Strike","Warcry","Shrug It Off"],"picked":"Cleave","floor":20},{"not_picked":["Clothesline","Armaments","Sentinel"],"picked":"Feel No Pain+1","floor":21},{"not_picked":["Clothesline","Pommel Strike","Thunderclap"],"picked":"Headbutt+1","floor":23}],"player_experience":1319029,"relics_obtained":[{"floor":5,"key":"Question Card"},{"floor":7,"key":"Boot"},{"floor":9,"key":"Dream Catcher"},{"floor":12,"key":"Self Forming Clay"}],"event_choices":[{"damage_healed":0,"gold_gain":0,"player_choice":"Success","damage_taken":5,"relics_obtained":["Bronze Scales"],"max_hp_gain":0,"max_hp_loss":0,"event_name":"Scrap Ooze","floor":3,"gold_loss":0},{"damage_healed":0,"gold_gain":0,"player_choice":"Relic","damage_taken":0,"max_hp_gain":0,"max_hp_loss":0,"event_name":"Wheel of Change","floor":5,"gold_loss":0}],"is_beta":false,"boss_relics":[{"not_picked":["Eternal Feather","Runic Pyramid"],"picked":"Sozu"}],"items_purged_floors":[],"is_endless":false,"potions_floor_spawned":[1,4,12,18,19],"killed_by":"Slavers","ascension_level":20}