{"gold_per_floor":[217,103,178,178,197,197,227,239,265,265],"floor_reached":10,"playtime":600,"items_purged":["Strike_R"],"score":125,"play_id":"aedd69b9-d5fa-4aea-ad6e-943ae915a4aa","local_time":"20190219202437","is_ascension_mode":true,"campfire_choices":[{"data":"Flame Barrier","floor":6,"key":"SMITH"}],"neow_cost":"NONE","seed_source_timestamp":360699780282672,"circlet_count":0,"master_deck":["AscendersBane","Strike_R","Strike_R","Strike_R","Strike_R","Defend_R","Defend_R","Defend_R","Defend_R","Bash","Flame Barrier+1","Metallicize","Thunderclap","Flame Barrier","Barricade"],"relics":["Burning Blood","Strawberry","Art of War"],"potions_floor_usage":[7],"damage_taken":[{"damage":2,"enemies":"Cultist","floor":1,"turns":4},{"damage":0,"enemies":"2 Louse","floor":5,"turns":4},{"damage":13,"enemies":"3 Sentries","floor":7,"turns":6},{"damage":7,"enemies":"Jaw Worm","floor":8,"turns":6},{"damage":78,"enemies":"Lagavulin","floor":10,"turns":23}],"seed_played":"-3437696930461562097","potions_obtained":[{"floor":1,"key":"PowerPotion"},{"floor":7,"key":"Explosive Potion"}],"is_trial":false,"path_per_floor":["M","$","?","?","M","R","E","M","T","E"],"character_chosen":"IRONCLAD","items_purchased":["Metallicize"],"campfire_rested":0,"item_purchase_floors":[2],"current_hp_per_floor":[72,72,61,61,67,67,67,66,66,0],"gold":265,"neow_bonus":"HUNDRED_GOLD","is_prod":false,"is_daily":false,"chose_seed":false,"campfire_upgraded":1,"win_rate":0,"timestamp":1550633077,"path_taken":["M","$","?","?","M","R","E","M","T","E"],"build_version":"2019-01-23","purchased_purges":1,"victory":false,"max_hp_per_floor":[75,75,75,75,75,75,82,82,82,82],"card_choices":[{"not_picked":["Clothesline","Sword Boomerang"],"picked":"Flame Barrier","floor":1},{"not_picked":["Spot Weakness","Flex"],"picked":"Thunderclap","floor":5},{"not_picked":["Reckless Charge","Sentinel"],"picked":"Flame Barrier","floor":7},{"not_picked":["Clash","Seeing Red"],"picked":"Barricade","floor":8}],"player_experience":1179435,"relics_obtained":[{"floor":7,"key":"Strawberry"},{"floor":9,"key":"Art of War"}],"event_choices":[{"damage_healed":0,"gold_gain":75,"player_choice":"Gather Gold","damage_taken":11,"max_hp_gain":0,"max_hp_loss":0,"event_name":"World of Goop","floor":3,"gold_loss":0},{"damage_healed":0,"gold_gain":0,"player_choice":"Ignored","damage_taken":0,"max_hp_gain":0,"max_hp_loss":0,"event_name":"Liars Game","floor":4,"gold_loss":0}],"is_beta":false,"boss_relics":[],"items_purged_floors":[2],"is_endless":false,"potions_floor_spawned":[1,7],"killed_by":"Lagavulin","ascension_level":18}