{"gold_per_floor":[113,44,144,158,177,177,187,187,211,211,211,238,313,342,342,440,440,457,471,471,484,538,538,463,463,463,59,69,83,94,19,19,118,118,136,236,61,61,78,78,113,113,113,132,158,174,184,210,210,210,210,210,6,40,40],"floor_reached":55,"playtime":11039,"items_purged":["Strike_G","Strike_G","Strike_G"],"score":815,"play_id":"e64ac8fd-55a4-46c6-975e-02c2789dbb02","local_time":"20190316223143","is_ascension_mode":false,"campfire_choices":[{"data":"Well Laid Plans","floor":6.0,"key":"SMITH"},{"data":"Blade Dance","floor":8.0,"key":"SMITH"},{"data":"Blur","floor":10.0,"key":"SMITH"},{"data":"Finisher","floor":15.0,"key":"SMITH"},{"floor":23,"key":"REST"},{"data":"Malaise","floor":25,"key":"SMITH"},{"data":"Terror","floor":32,"key":"SMITH"},{"floor":40,"key":"RECALL"},{"data":"Backflip","floor":42,"key":"SMITH"},{"floor":49,"key":"REST"},{"data":"Survivor","floor":52,"key":"SMITH"}],"neow_cost":"NONE","seed_source_timestamp":264828475781595,"circlet_count":0,"master_deck":["Defend_G","Defend_G+1","Defend_G+1","Defend_G","Defend_G+1","Strike_G+1","Survivor+1","Neutralize+1","Blur+1","Well Laid Plans+1","Flying Knee","Blade Dance+1","Dagger Throw","Finisher+1","Terror+1","Malaise+1","Backflip+1","Dash+1","PiercingWail+1","Blade Dance+1","Acrobatics+1","Bullet Time+1","Backflip+1","Leg Sweep+1","Adrenaline+1","Terror+1","Footwork"],"special_seed":0,"relics":["Ring of the Snake","PreservedInsect","Snake Skull","Kunai","Nloth\u0027s Gift","FossilizedHelix","Bag of Preparation","Toxic Egg 2","Black Star","Gambling Chip","Bronze Scales","Gremlin Horn","Mango","Nunchaku","Omamori","Pen Nib","Pear","War Paint","Bag of Marbles"],"potions_floor_usage":[33,39,41,45,46,46,54,55],"damage_taken":[{"damage":0.0,"enemies":"Jaw Worm","floor":1.0,"turns":6.0},{"damage":0.0,"enemies":"Cultist","floor":4.0,"turns":5.0},{"damage":0.0,"enemies":"Small Slimes","floor":5.0,"turns":5.0},{"damage":3.0,"enemies":"Red Slaver","floor":7.0,"turns":4.0},{"damage":7.0,"enemies":"Gremlin Nob","floor":12.0,"turns":4.0},{"damage":0.0,"enemies":"Lagavulin","floor":14.0,"turns":5.0},{"damage":8.0,"enemies":"Hexaghost","floor":16.0,"turns":10.0},{"damage":21,"enemies":"Spheric Guardian","floor":18,"turns":6},{"damage":0,"enemies":"Chosen","floor":19,"turns":5},{"damage":8,"enemies":"Centurion and Healer","floor":21,"turns":9},{"damage":5,"enemies":"Shelled Parasite and Fungi","floor":28,"turns":7},{"damage":0,"enemies":"Chosen and Byrds","floor":29,"turns":7},{"damage":0,"enemies":"3 Cultists","floor":30,"turns":7},{"damage":47,"enemies":"Champ","floor":33,"turns":27},{"damage":4,"enemies":"3 Darklings","floor":35,"turns":12},{"damage":0,"enemies":"Mind Bloom Boss Battle","floor":36,"turns":9},{"damage":22,"enemies":"3 Shapes","floor":39,"turns":7},{"damage":0,"enemies":"Nemesis","floor":41,"turns":5},{"damage":10,"enemies":"Spire Growth","floor":44,"turns":5},{"damage":26,"enemies":"Reptomancer","floor":45,"turns":8},{"damage":0,"enemies":"Sphere and 2 Shapes","floor":46,"turns":6},{"damage":0,"enemies":"Jaw Worm Horde","floor":47,"turns":5},{"damage":0,"enemies":"Giant Head","floor":48,"turns":7},{"damage":51,"enemies":"Time Eater","floor":50,"turns":16},{"damage":10,"enemies":"Shield and Spear","floor":54,"turns":13},{"damage":88,"enemies":"The Heart","floor":55,"turns":15}],"seed_played":"-3491219276835907472","potions_obtained":[{"floor":1.0,"key":"Ancient Potion"},{"floor":4.0,"key":"Strength Potion"},{"floor":12.0,"key":"GamblersBrew"},{"floor":16.0,"key":"GhostInAJar"},{"floor":33,"key":"Strength Potion"},{"floor":41,"key":"Block Potion"},{"floor":44,"key":"LiquidBronze"},{"floor":45,"key":"Regen Potion"},{"floor":46,"key":"GamblersBrew"}],"is_trial":false,"path_per_floor":["M","$","?","M","M","R","M","R","T","R","?","E","?","E","R","B",null,"M","M","?","M","T","R","?","R","T","$","M","M","M","$","R","B",null,"M","?","$","?","M","R","E","R","T","M","E","M","M","E","R","B",null,"R","$","E","B"],"character_chosen":"THE_SILENT","items_purchased":["Well Laid Plans","Bag of Preparation","Toxic Egg 2","Leg Sweep+1","Footwork"],"campfire_rested":2,"item_purchase_floors":[2,27,27,37,53],"current_hp_per_floor":[70,70,70,70,70,70,67,67,67,67,53,46,39,39,39,31,70,49,49,49,41,41,62,62,62,62,62,57,57,57,57,57,10,70,66,66,66,66,44,44,44,44,58,48,22,37,37,47,74,23,90,90,90,80,0],"gold":40,"neow_bonus":"UPGRADE_CARD","is_prod":false,"is_daily":false,"chose_seed":false,"campfire_upgraded":8,"win_rate":0,"timestamp":1552793503,"path_taken":["M","$","?","M","M","R","?","R","T","R","?","E","?","E","R","BOSS","M","M","?","?","?","R","?","R","T","$","M","M","M","$","R","BOSS","M","?","$","?","M","R","E","R","T","M","E","M","?","E","R","BOSS","R","$","E","BOSS"],"build_version":"2019-01-23","purchased_purges":3,"victory":false,"max_hp_per_floor":[70,70,70,70,70,70,70,70,70,70,70,70,70,70,70,70,70,70,70,70,70,70,70,70,70,70,70,70,70,70,70,70,70,70,70,70,70,66,66,66,66,66,80,80,80,80,80,90,90,90,90,90,90,90,90],"card_choices":[{"not_picked":["Distraction","Deflect"],"picked":"Blur","floor":1.0},{"not_picked":["Deflect","Outmaneuver"],"picked":"Flying Knee","floor":4.0},{"not_picked":["Well Laid Plans","Venomology"],"picked":"Blade Dance","floor":5.0},{"not_picked":["Underhanded Strike","Riddle With Holes"],"picked":"Dagger Throw","floor":7.0},{"not_picked":["Choke","Quick Slash"],"picked":"Finisher","floor":12.0},{"not_picked":["Poisoned Stab","Prepared"],"picked":"Terror","floor":14.0},{"not_picked":["Bullet Time","Venomology"],"picked":"Malaise","floor":16.0},{"not_picked":["Deadly Poison","Infinite Blades","Masterful Stab"],"picked":"SKIP","floor":18},{"not_picked":["Prepared","Underhanded Strike+1"],"picked":"Backflip","floor":19},{"not_picked":["Acrobatics+1","Blade Dance"],"picked":"Dash+1","floor":21},{"not_picked":["Skewer","Riddle With Holes"],"picked":"PiercingWail+1","floor":28},{"not_picked":["Glass Knife","Eviscerate"],"picked":"Blade Dance+1","floor":29},{"not_picked":["Choke+1","Crippling Poison+1"],"picked":"Acrobatics+1","floor":30},{"not_picked":["A Thousand Cuts","Phantasmal Killer+1"],"picked":"Bullet Time+1","floor":33},{"not_picked":["Flechettes+1","Underhanded Strike+1"],"picked":"Backflip+1","floor":35},{"not_picked":["Dagger Spray+1","Acrobatics+1","Unload"],"picked":"SKIP","floor":39},{"not_picked":["Dagger Throw","Choke"],"picked":"Adrenaline+1","floor":41},{"not_picked":["Expertise+1","Sucker Punch","Poisoned Stab+1"],"picked":"SKIP","floor":44},{"not_picked":["Phantasmal Killer+1","Underhanded Strike","Calculated Gamble+1"],"picked":"SKIP","floor":45},{"not_picked":["Outmaneuver+1","Sucker Punch+1","PiercingWail+1"],"picked":"SKIP","floor":46},{"not_picked":["Escape Plan+1","Tactician+1","Dagger Spray+1"],"picked":"SKIP","floor":47},{"not_picked":["Outmaneuver+1","Prepared+1"],"picked":"Terror+1","floor":48},{"not_picked":["Phantasmal Killer+1","Underhanded Strike+1","Dodge and Roll+1"],"picked":"SKIP","floor":54}],"player_experience":42885,"relics_obtained":[{"floor":9.0,"key":"PreservedInsect"},{"floor":12.0,"key":"Snake Skull"},{"floor":14.0,"key":"Kunai"},{"floor":26,"key":"FossilizedHelix"},{"floor":36,"key":"Gambling Chip"},{"floor":41,"key":"Bronze Scales"},{"floor":41,"key":"Gremlin Horn"},{"floor":43,"key":"Mango"},{"floor":45,"key":"Nunchaku"},{"floor":45,"key":"Omamori"},{"floor":48,"key":"Pen Nib"},{"floor":48,"key":"Pear"},{"floor":54,"key":"War Paint"},{"floor":54,"key":"Bag of Marbles"}],"event_choices":[{"damage_healed":0.0,"max_hp_gain":0.0,"max_hp_loss":0.0,"gold_gain":100.0,"event_name":"Golden Shrine","player_choice":"Pray","floor":3.0,"gold_loss":0.0,"damage_taken":0.0},{"damage_healed":0.0,"max_hp_gain":0.0,"max_hp_loss":0.0,"gold_gain":0.0,"event_name":"Shining Light","player_choice":"Entered Light","floor":11.0,"gold_loss":0.0,"damage_taken":14.0,"cards_upgraded":["Strike_G","Defend_G"]},{"damage_healed":0.0,"max_hp_gain":0.0,"max_hp_loss":0.0,"gold_gain":75.0,"event_name":"FaceTrader","player_choice":"Touch","floor":13.0,"gold_loss":0.0,"damage_taken":7.0},{"damage_healed":0,"gold_gain":0,"player_choice":"Traded Relic","damage_taken":0,"relics_obtained":["Nloth\u0027s Gift"],"max_hp_gain":0,"max_hp_loss":0,"event_name":"N\u0027loth","floor":20,"relics_lost":["Cursed Key"],"gold_loss":0},{"cards_removed":["Strike_G"],"damage_healed":0,"gold_gain":0,"player_choice":"Gave Gold","damage_taken":0,"max_hp_gain":0,"max_hp_loss":0,"event_name":"Beggar","floor":24,"gold_loss":75},{"damage_healed":0,"gold_gain":0,"player_choice":"Fight","damage_taken":0,"max_hp_gain":0,"max_hp_loss":0,"event_name":"MindBloom","floor":36,"gold_loss":0},{"damage_healed":0,"gold_gain":0,"player_choice":"Max HP","damage_taken":0,"max_hp_gain":0,"max_hp_loss":4,"event_name":"Winding Halls","floor":38,"gold_loss":0}],"is_beta":false,"boss_relics":[{"not_picked":["White Beast Statue","Velvet Choker"],"picked":"Cursed Key"},{"not_picked":["HoveringKite","Lizard Tail"],"picked":"Black Star"}],"items_purged_floors":[31,37,53],"is_endless":false,"potions_floor_spawned":[1,4,12,16,21,30,33,41,44,45,46],"killed_by":"The Heart","ascension_level":0}