{"gold_per_floor":[115,132,132,132,57,92,92,119,143,143,157,157,175,15,15,92,92,108,158,170,70,81,110,110,110,110,110,35,35,35,47,47,47],"floor_reached":33,"playtime":1266,"items_purged":["Strike_R","Strike_R"],"score":592,"play_id":"5c017637-ff23-41c0-a998-6ca8aa56f13b","local_time":"20190306190355","is_ascension_mode":true,"campfire_choices":[{"data":"Heavy Blade","floor":7,"key":"SMITH"},{"data":"Inflame","floor":10,"key":"SMITH"},{"data":"Flex","floor":12,"key":"SMITH"},{"data":"Bash","floor":15,"key":"SMITH"},{"floor":25,"key":"REST"},{"data":"True Grit","floor":27,"key":"SMITH"},{"data":"Flame Barrier","floor":30,"key":"SMITH"},{"floor":32,"key":"REST"}],"neow_cost":"NONE","seed_source_timestamp":438393393030232,"circlet_count":0,"master_deck":["AscendersBane","Strike_R","Strike_R","Defend_R","Defend_R+1","Defend_R","Defend_R+1","Bash+1","Pommel Strike","Inflame+1","Heavy Blade+1","Feel No Pain","Flex+1","Blood for Blood","Impervious","Wild Strike","Flame Barrier+1","True Grit+1","Ghostly","Ghostly","Ghostly","Flame Barrier","Iron Wave"],"relics":["Burning Blood","NeowsBlessing","Ancient Tea Set","Art of War","Paper Frog","Red Skull","War Paint","Busted Crown","Centennial Puzzle","Dodecahedron"],"potions_floor_usage":[8,20,23,23,33],"damage_taken":[{"damage":0,"enemies":"2 Louse","floor":1,"turns":1},{"damage":0,"enemies":"Jaw Worm","floor":2,"turns":1},{"damage":0,"enemies":"Gremlin Nob","floor":6,"turns":1},{"damage":10,"enemies":"3 Sentries","floor":8,"turns":7},{"damage":6,"enemies":"Cultist","floor":11,"turns":3},{"damage":0,"enemies":"Red Slaver","floor":13,"turns":2},{"damage":12,"enemies":"The Guardian","floor":16,"turns":7},{"damage":0,"enemies":"Spheric Guardian","floor":18,"turns":4},{"damage":16,"enemies":"Shell Parasite","floor":20,"turns":2},{"damage":41,"enemies":"3 Cultists","floor":22,"turns":6},{"damage":12,"enemies":"Book of Stabbing","floor":23,"turns":2},{"damage":10,"enemies":"Cultist and Chosen","floor":31,"turns":10},{"damage":65,"enemies":"Collector","floor":33,"turns":9}],"seed_played":"-855075379641253327","potions_obtained":[{"floor":1,"key":"Explosive Potion"},{"floor":2,"key":"AttackPotion"},{"floor":8,"key":"FearPotion"},{"floor":18,"key":"LiquidBronze"},{"floor":22,"key":"Strength Potion"},{"floor":29,"key":"PowerPotion"},{"floor":29,"key":"SteroidPotion"}],"is_trial":false,"path_per_floor":["M","M","?","?","$","E","R","E","T","R","M","R","M","$","R","B",null,"M","?","M","$","M","E","?","R","T","R","$","?","R","M","R","B"],"character_chosen":"IRONCLAD","items_purchased":["War Paint","Flame Barrier"],"campfire_rested":2,"item_purchase_floors":[14,28],"current_hp_per_floor":[74,75,68,68,68,74,74,70,70,70,70,70,75,75,75,69,74,75,68,58,58,23,17,17,28,28,28,28,28,28,24,35,0],"gold":47,"neow_bonus":"THREE_ENEMY_KILL","is_prod":false,"is_daily":false,"chose_seed":false,"campfire_upgraded":6,"win_rate":0,"timestamp":1551924235,"path_taken":["M","M","?","?","$","E","R","E","T","R","?","R","M","?","R","BOSS","M","?","?","$","M","E","?","R","T","R","$","?","R","M","R","BOSS"],"build_version":"2019-01-23","purchased_purges":2,"victory":false,"max_hp_per_floor":[75,75,75,75,75,75,75,75,75,75,75,75,75,75,75,75,75,75,75,75,75,75,75,37,37,37,37,37,37,37,37,37,37],"card_choices":[{"not_picked":["Sentinel","Pummel"],"picked":"Pommel Strike","floor":1},{"not_picked":["Wild Strike","Sword Boomerang"],"picked":"Inflame","floor":2},{"not_picked":["Warcry","Iron Wave"],"picked":"Heavy Blade","floor":6},{"not_picked":["Body Slam","Evolve"],"picked":"Feel No Pain","floor":8},{"not_picked":["Clothesline","Clash"],"picked":"Flex","floor":11},{"not_picked":["Iron Wave","Rage"],"picked":"Blood for Blood","floor":13},{"not_picked":["Immolate","Bludgeon"],"picked":"Impervious","floor":16},{"not_picked":[],"picked":"Wild Strike","floor":18},{"not_picked":[],"picked":"Flame Barrier","floor":20},{"not_picked":["Twin Strike"],"picked":"SKIP","floor":22},{"not_picked":[],"picked":"True Grit","floor":23},{"not_picked":[],"picked":"Iron Wave","floor":31}],"player_experience":1354974,"relics_obtained":[{"floor":6,"key":"Art of War"},{"floor":8,"key":"Paper Frog"},{"floor":9,"key":"Red Skull"},{"floor":23,"key":"Centennial Puzzle"},{"floor":26,"key":"Dodecahedron"}],"event_choices":[{"cards_removed":["Strike_R"],"damage_healed":0,"gold_gain":0,"player_choice":"Card Removal","damage_taken":7,"max_hp_gain":0,"max_hp_loss":0,"event_name":"Golden Wing","floor":3,"gold_loss":0},{"damage_healed":0,"gold_gain":0,"player_choice":"Gave Potion","damage_taken":0,"relics_obtained":["Ancient Tea Set"],"max_hp_gain":0,"max_hp_loss":0,"event_name":"WeMeetAgain","floor":4,"gold_loss":0},{"damage_healed":0,"gold_gain":50,"player_choice":"Touch","damage_taken":7,"max_hp_gain":0,"max_hp_loss":0,"event_name":"FaceTrader","floor":19,"gold_loss":0},{"damage_healed":0,"gold_gain":0,"player_choice":"Became a Ghost","damage_taken":0,"max_hp_gain":0,"max_hp_loss":38,"event_name":"Ghosts","floor":24,"gold_loss":0,"cards_obtained":["Ghostly","Ghostly","Ghostly"]},{"damage_healed":0,"gold_gain":0,"player_choice":"Got Potions","damage_taken":0,"max_hp_gain":0,"max_hp_loss":0,"event_name":"Lab","floor":29,"gold_loss":0}],"is_beta":false,"boss_relics":[{"not_picked":["Fusion Hammer","Eternal Feather"],"picked":"Busted Crown"}],"items_purged_floors":[5,21],"is_endless":false,"potions_floor_spawned":[1,2,8,18,22],"killed_by":"Collector","ascension_level":20}