{"gold_per_floor":[112,126,126,276,11,56,56,88,136,136,136,187,187,268,268,362,362,379,77,110,110,130],"floor_reached":22,"playtime":1283,"items_purged":["Doubt","Strike_R"],"score":398,"play_id":"60c595f0-5df4-4175-937e-cc58fb51fbb4","local_time":"20190216222836","is_ascension_mode":true,"campfire_choices":[{"floor":10,"key":"RECALL"},{"floor":13,"key":"REST"},{"floor":15,"key":"REST"}],"neow_cost":"NONE","seed_source_timestamp":108259030015458,"circlet_count":0,"master_deck":["AscendersBane","Strike_R","Strike_R","Strike_R","Defend_R","Defend_R","Defend_R","Defend_R","Bash","Clash","Limit Break","HandOfGreed","Clash","Warcry","Thunderclap","Headbutt","Barricade","Metallicize","Shrug It Off","Writhe"],"relics":["Burning Blood","NeowsBlessing","Vajra","Strawberry","Paper Frog","Meat on the Bone","Busted Crown","Centennial Puzzle"],"potions_floor_usage":[2,12,16,19,22],"damage_taken":[{"damage":0,"enemies":"Jaw Worm","floor":1,"turns":1},{"damage":0,"enemies":"Small Slimes","floor":2,"turns":1},{"damage":0,"enemies":"Gremlin Nob","floor":6,"turns":1},{"damage":7,"enemies":"2 Louse","floor":8,"turns":3},{"damage":38,"enemies":"Lagavulin","floor":12,"turns":7},{"damage":42,"enemies":"Lagavulin Event","floor":14,"turns":6},{"damage":51,"enemies":"Hexaghost","floor":16,"turns":9},{"damage":7,"enemies":"Chosen","floor":18,"turns":3},{"damage":47,"enemies":"3 Byrds","floor":20,"turns":6},{"damage":57,"enemies":"Sentry and Sphere","floor":22,"turns":7}],"seed_played":"-5465504106289388871","potions_obtained":[{"floor":2,"key":"Fruit Juice"},{"floor":6,"key":"Swift Potion"},{"floor":12,"key":"Dexterity Potion"},{"floor":16,"key":"Explosive Potion"},{"floor":18,"key":"Explosive Potion"},{"floor":20,"key":"Strength Potion"}],"is_trial":false,"path_per_floor":["M","M","?","?","$","E","$","M","T","R","?","E","R","?","R","B",null,"M","$","M","?","M"],"character_chosen":"IRONCLAD","items_purchased":["HandOfGreed","Metallicize","Fruit Juice"],"campfire_rested":2,"item_purchase_floors":[5,19,19],"current_hp_per_floor":[74,80,80,80,80,80,80,79,79,79,68,36,62,38,64,31,73,72,77,48,48,0],"gold":130,"neow_bonus":"THREE_ENEMY_KILL","is_prod":false,"is_daily":false,"chose_seed":false,"campfire_upgraded":0,"win_rate":0,"timestamp":1550381316,"path_taken":["M","M","?","?","$","E","$","M","T","R","?","E","R","?","R","BOSS","M","$","M","?","M"],"build_version":"2019-01-23","purchased_purges":2,"victory":false,"max_hp_per_floor":[75,80,80,80,80,80,80,80,80,80,87,87,87,87,87,87,87,87,92,92,92,92],"card_choices":[{"not_picked":["Armaments","Havoc"],"picked":"Clash","floor":1},{"not_picked":["Seeing Red","Iron Wave"],"picked":"Limit Break","floor":2},{"not_picked":["Burning Pact","Wild Strike"],"picked":"Clash","floor":6},{"not_picked":["Carnage","Armaments"],"picked":"Warcry","floor":8},{"not_picked":["Infernal Blade","Intimidate"],"picked":"Thunderclap","floor":12},{"not_picked":["Feel No Pain","Heavy Blade"],"picked":"Headbutt","floor":14},{"not_picked":["Feed","Reaper"],"picked":"Barricade","floor":16},{"not_picked":["Havoc"],"picked":"SKIP","floor":18},{"not_picked":[],"picked":"Shrug It Off","floor":20}],"player_experience":1117816,"relics_obtained":[{"floor":6,"key":"Vajra"},{"floor":12,"key":"Paper Frog"}],"event_choices":[{"cards_removed":["Strike_R"],"damage_healed":0,"gold_gain":0,"player_choice":"Forget","damage_taken":0,"max_hp_gain":0,"max_hp_loss":0,"event_name":"Living Wall","floor":3,"gold_loss":0},{"damage_healed":0,"gold_gain":150,"player_choice":"AGREE","damage_taken":0,"max_hp_gain":0,"max_hp_loss":0,"event_name":"Liars Game","floor":4,"gold_loss":0,"cards_obtained":["Doubt"]},{"damage_healed":0,"gold_gain":0,"player_choice":"Success","damage_taken":18,"relics_obtained":["Strawberry"],"max_hp_gain":0,"max_hp_loss":0,"event_name":"Scrap Ooze","floor":11,"gold_loss":0},{"damage_healed":0,"gold_gain":30,"player_choice":"Searched \u00273\u0027 times","damage_taken":0,"relics_obtained":["Meat on the Bone"],"max_hp_gain":0,"max_hp_loss":0,"event_name":"Dead Adventurer","floor":14,"gold_loss":0},{"damage_healed":0,"gold_gain":0,"player_choice":"Opened","damage_taken":0,"relics_obtained":["Centennial Puzzle"],"max_hp_gain":0,"max_hp_loss":0,"event_name":"The Mausoleum","floor":21,"gold_loss":0,"cards_obtained":["Writhe"]}],"is_beta":false,"boss_relics":[{"not_picked":["Pandora\u0027s Box","Runic Pyramid"],"picked":"Busted Crown"}],"items_purged_floors":[5,19],"is_endless":false,"potions_floor_spawned":[2,6,12,16,18,20],"killed_by":"Sentry and Sphere","ascension_level":17}