{"gold_per_floor":[219,234,234,254,272,272,287,287,287,300,375,375,138,166,166,166],"floor_reached":16,"playtime":679,"items_purged":["Strike_R"],"score":199,"play_id":"1ecaee33-4c00-4b8e-aa6b-17353a55d7ba","local_time":"20190301183416","is_ascension_mode":true,"campfire_choices":[{"floor":6,"key":"REST"},{"data":"Flame Barrier","floor":8,"key":"SMITH"},{"data":"Flex","floor":12,"key":"SMITH"},{"floor":15,"key":"REST"}],"neow_cost":"NONE","seed_source_timestamp":5192313759898,"circlet_count":0,"master_deck":["AscendersBane","Strike_R","Strike_R","Strike_R","Strike_R","Defend_R","Defend_R","Defend_R","Defend_R","Bash","Flex+1","Wild Strike","Flame Barrier+1","Juggernaut","Cleave","Feel No Pain"],"relics":["Burning Blood","Lantern","Oddly Smooth Stone","Centennial Puzzle","Toxic Egg 2"],"potions_floor_usage":[5,14,16],"damage_taken":[{"damage":21,"enemies":"Jaw Worm","floor":1,"turns":6},{"damage":2,"enemies":"Cultist","floor":2,"turns":4},{"damage":7,"enemies":"Small Slimes","floor":4,"turns":4},{"damage":28,"enemies":"Exordium Thugs","floor":5,"turns":5},{"damage":7,"enemies":"Blue Slaver","floor":7,"turns":4},{"damage":7,"enemies":"3 Louse","floor":10,"turns":3},{"damage":17,"enemies":"Lagavulin","floor":14,"turns":6},{"damage":54,"enemies":"Hexaghost","floor":16,"turns":10}],"seed_played":"-3263661338971805098","potions_obtained":[{"floor":1,"key":"FairyPotion"},{"floor":4,"key":"FearPotion"},{"floor":5,"key":"SkillPotion"},{"floor":10,"key":"PowerPotion"}],"is_trial":false,"path_per_floor":["M","M","?","M","M","R","M","R","T","M","?","R","$","E","R","B"],"character_chosen":"IRONCLAD","items_purchased":["Centennial Puzzle"],"campfire_rested":2,"item_purchase_floors":[13],"current_hp_per_floor":[53,57,57,56,34,56,55,55,55,54,43,43,43,32,54,0],"gold":166,"neow_bonus":"HUNDRED_GOLD","is_prod":false,"is_daily":false,"chose_seed":false,"campfire_upgraded":2,"win_rate":0,"timestamp":1551490456,"path_taken":["M","M","?","?","M","R","M","R","T","M","?","R","$","E","R","BOSS"],"build_version":"2019-01-23","purchased_purges":1,"victory":false,"max_hp_per_floor":[75,75,75,75,75,75,75,75,75,75,75,75,75,75,75,75],"card_choices":[{"not_picked":["Burning Pact","Bloodletting","Warcry"],"picked":"SKIP","floor":1},{"not_picked":["Ghostly Armor","Headbutt"],"picked":"Flex","floor":2},{"not_picked":["Clash","True Grit"],"picked":"Wild Strike","floor":4},{"not_picked":["Wild Strike","Havoc"],"picked":"Flame Barrier","floor":5},{"not_picked":["Wild Strike","Perfected Strike"],"picked":"Juggernaut","floor":7},{"not_picked":["Iron Wave","Headbutt"],"picked":"Cleave","floor":10},{"not_picked":["Headbutt","Wild Strike"],"picked":"Feel No Pain","floor":14}],"player_experience":1303668,"relics_obtained":[{"floor":9,"key":"Oddly Smooth Stone"},{"floor":14,"key":"Toxic Egg 2"}],"event_choices":[{"damage_healed":0,"gold_gain":0,"player_choice":"Gave Potion","damage_taken":0,"relics_obtained":["Lantern"],"max_hp_gain":0,"max_hp_loss":0,"event_name":"WeMeetAgain","floor":3,"gold_loss":0},{"damage_healed":0,"gold_gain":75,"player_choice":"Gather Gold","damage_taken":11,"max_hp_gain":0,"max_hp_loss":0,"event_name":"World of Goop","floor":11,"gold_loss":0}],"is_beta":false,"boss_relics":[],"items_purged_floors":[13],"is_endless":false,"potions_floor_spawned":[1,4,5,10],"killed_by":"Hexaghost","ascension_level":19}