{"gold_per_floor":[111,125,135,31,43,43,71,71,71,71,99,99,99,114,114,193,193,209,129,145,164,164,164,180,180,180,180,208,208,19,29,29,29],"floor_reached":33,"playtime":2103,"items_purged":["Strike_R","Strike_R"],"score":636,"play_id":"f8a83439-c0c7-4bec-9253-a908143d717e","local_time":"20190227204224","is_ascension_mode":true,"campfire_choices":[{"floor":6,"key":"REST"},{"floor":8,"key":"REST"},{"floor":10,"key":"REST"},{"data":"Body Slam","floor":15,"key":"SMITH"},{"floor":23,"key":"REST"},{"data":"Second Wind","floor":25,"key":"SMITH"},{"data":"Fiend Fire","floor":27,"key":"SMITH"},{"floor":32,"key":"REST"}],"neow_cost":"TEN_PERCENT_HP_LOSS","seed_source_timestamp":438319561243021,"circlet_count":0,"master_deck":["AscendersBane","Strike_R","Defend_R","Defend_R","Defend_R","Defend_R+1","Bash","Demon Form","Anger","Shrug It Off","Second Wind+1","Body Slam+1","Wild Strike","Cleave","Sentinel+1","Immolate","Regret","Shrug It Off+1","Fiend Fire+1","Injury","Parasite","Clash","Shrug It Off+1","Dual Wield+1","Decay","Rage+1","Seeing Red+1","Seeing Red+1","Evolve","Reckless Charge"],"relics":["Burning Blood","Bag of Marbles","War Paint","Toxic Egg 2","Omamori","Calling Bell","Bronze Scales","The Courier","Ice Cream","Juzu Bracelet","Dead Branch","Regal Pillow"],"potions_floor_usage":[16,16,20,28,31,31],"damage_taken":[{"damage":12,"enemies":"Small Slimes","floor":1,"turns":4},{"damage":16,"enemies":"Jaw Worm","floor":2,"turns":4},{"damage":8,"enemies":"2 Louse","floor":3,"turns":3},{"damage":13,"enemies":"Blue Slaver","floor":5,"turns":5},{"damage":58,"enemies":"Gremlin Nob","floor":7,"turns":5},{"damage":37,"enemies":"3 Sentries","floor":11,"turns":6},{"damage":3,"enemies":"Looter","floor":14,"turns":2},{"damage":32,"enemies":"Hexaghost","floor":16,"turns":9},{"damage":9,"enemies":"3 Byrds","floor":18,"turns":3},{"damage":21,"enemies":"Spheric Guardian","floor":20,"turns":5},{"damage":9,"enemies":"Centurion and Healer","floor":21,"turns":6},{"damage":2,"enemies":"Snecko","floor":24,"turns":5},{"damage":48,"enemies":"Slavers","floor":28,"turns":7},{"damage":14,"enemies":"3 Cultists","floor":31,"turns":4},{"damage":60,"enemies":"Collector","floor":33,"turns":7}],"seed_played":"1993561500501483037","potions_obtained":[{"floor":11,"key":"FearPotion"},{"floor":14,"key":"Strength Potion"},{"floor":16,"key":"AttackPotion"},{"floor":18,"key":"Strength Potion"},{"floor":21,"key":"SpeedPotion"},{"floor":24,"key":"FearPotion"},{"floor":28,"key":"Regen Potion"}],"is_trial":false,"path_per_floor":["M","M","M","$","M","R","E","R","T","R","E","?","?","M","R","B",null,"M","$","M","M","?","R","M","R","T","R","E","?","$","M","R","B"],"character_chosen":"IRONCLAD","items_purchased":["Wild Strike","Evolve","Regal Pillow"],"campfire_rested":5,"item_purchase_floors":[4,30,30],"current_hp_per_floor":[62,52,50,50,43,63,11,31,31,51,20,20,37,40,40,14,55,52,52,37,34,34,54,58,58,58,58,16,16,16,20,55,0],"gold":29,"neow_bonus":"TRANSFORM_TWO_CARDS","is_prod":false,"is_daily":false,"chose_seed":false,"campfire_upgraded":3,"win_rate":0,"timestamp":1551325344,"path_taken":["M","M","M","$","M","R","E","R","T","R","E","?","?","M","R","BOSS","M","$","M","M","?","R","M","R","T","R","E","?","$","M","R","BOSS"],"build_version":"2019-01-23","purchased_purges":2,"victory":false,"max_hp_per_floor":[68,68,68,68,68,68,68,68,68,68,68,68,68,68,68,68,68,68,68,68,68,68,68,68,68,68,68,68,68,68,68,68,68],"card_choices":[{"not_picked":["Pommel Strike","Corruption"],"picked":"Shrug It Off","floor":1},{"not_picked":["Wild Strike","Body Slam"],"picked":"Second Wind","floor":2},{"not_picked":["Pommel Strike","Rage"],"picked":"Body Slam","floor":3},{"not_picked":["Ghostly Armor","Rage"],"picked":"Cleave","floor":5},{"not_picked":["Brutality","Anger"],"picked":"Sentinel","floor":7},{"not_picked":["Havoc","Whirlwind"],"picked":"Immolate","floor":11},{"not_picked":["Shockwave+1","Flex+1"],"picked":"Shrug It Off+1","floor":14},{"not_picked":["Immolate","Dark Embrace"],"picked":"Fiend Fire","floor":16},{"not_picked":["Rampage","Spot Weakness+1"],"picked":"Clash","floor":18},{"not_picked":["Cleave","Anger"],"picked":"Shrug It Off+1","floor":20},{"not_picked":["Havoc+1","Wild Strike"],"picked":"Dual Wield+1","floor":21},{"not_picked":["Shrug It Off+1","Anger"],"picked":"Rage+1","floor":24},{"not_picked":["Heavy Blade+1","Shrug It Off+1"],"picked":"Seeing Red+1","floor":28},{"not_picked":["Warcry+1","Headbutt"],"picked":"Reckless Charge","floor":31}],"player_experience":1280954,"relics_obtained":[{"floor":7,"key":"Bag of Marbles"},{"floor":9,"key":"War Paint"},{"floor":11,"key":"Toxic Egg 2"},{"floor":17,"key":"Bronze Scales"},{"floor":17,"key":"The Courier"},{"floor":17,"key":"Ice Cream"},{"floor":26,"key":"Juzu Bracelet"},{"floor":28,"key":"Dead Branch"}],"event_choices":[{"damage_healed":0,"gold_gain":0,"player_choice":"Box","damage_taken":0,"relics_obtained":["Omamori"],"max_hp_gain":0,"max_hp_loss":0,"event_name":"Big Fish","floor":12,"gold_loss":0,"cards_obtained":["Regret"]},{"damage_healed":17,"gold_gain":0,"player_choice":"Healed and dodged fight","damage_taken":0,"max_hp_gain":0,"max_hp_loss":0,"event_name":"Mushrooms","floor":13,"gold_loss":0,"cards_obtained":["Parasite"]},{"damage_healed":0,"gold_gain":0,"player_choice":"Smashed Altar","damage_taken":0,"max_hp_gain":0,"max_hp_loss":0,"event_name":"Forgotten Altar","floor":22,"gold_loss":0,"cards_obtained":["Decay"]},{"damage_healed":0,"gold_gain":0,"player_choice":"Read","damage_taken":0,"max_hp_gain":0,"max_hp_loss":0,"event_name":"The Library","floor":29,"gold_loss":0,"cards_obtained":["Seeing Red"]}],"is_beta":false,"boss_relics":[{"not_picked":["Lizard Tail","Coffee Dripper"],"picked":"Calling Bell"}],"items_purged_floors":[4,19],"is_endless":false,"potions_floor_spawned":[11,14,16,18,21,24,28],"killed_by":"Collector","ascension_level":19}