{"gold_per_floor":[117,128,128,128,146,180,180,194,266,266,88,112,112,133,133,252,252,268,288,46,46,61,96,96,61,88,88,104,104,125,149,149,149],"floor_reached":33,"playtime":1815,"items_purged":[],"score":361,"play_id":"f6d2d80d-f51c-48d3-9d2c-22713543291f","local_time":"20190306190053","is_ascension_mode":true,"campfire_choices":[{"floor":10,"key":"REST"},{"data":"Uppercut","floor":13,"key":"SMITH"},{"floor":15,"key":"REST"},{"data":"Evolve","floor":24,"key":"SMITH"},{"floor":27,"key":"RECALL"},{"data":"Clothesline","floor":32,"key":"SMITH"}],"neow_cost":"NONE","seed_source_timestamp":176068353663061,"circlet_count":0,"master_deck":["Strike_R","Strike_R","Strike_R","Strike_R","Strike_R","Defend_R","Defend_R","Defend_R","Defend_R","Bash","Inflame+1","Corruption","Uppercut+1","Carnage","Clothesline+1","Shrug It Off","Immolate","Armaments","Evolve+1","Armaments+1","Feel No Pain","Sentinel+1"],"relics":["Burning Blood","NeowsBlessing","Golden Idol","Torii","Red Skull","Vajra","Coffee Dripper","Pantograph","Nilry\u0027s Codex","Du-Vu Doll","Bronze Scales","Pear"],"potions_floor_usage":[12,18,23,33],"damage_taken":[{"damage":0,"enemies":"Cultist","floor":1,"turns":1},{"damage":0,"enemies":"Jaw Worm","floor":2,"turns":1},{"damage":0,"enemies":"2 Louse","floor":5,"turns":1},{"damage":55,"enemies":"3 Sentries","floor":6,"turns":9},{"damage":15,"enemies":"Exordium Thugs","floor":8,"turns":4},{"damage":1,"enemies":"Blue Slaver","floor":12,"turns":2},{"damage":12,"enemies":"Exordium Wildlife","floor":14,"turns":3},{"damage":18,"enemies":"Hexaghost","floor":16,"turns":11},{"damage":7,"enemies":"Chosen","floor":18,"turns":3},{"damage":3,"enemies":"Shell Parasite","floor":19,"turns":4},{"damage":28,"enemies":"Chosen and Byrds","floor":22,"turns":5},{"damage":21,"enemies":"Book of Stabbing","floor":23,"turns":7},{"damage":0,"enemies":"Centurion and Healer","floor":28,"turns":4},{"damage":8,"enemies":"3 Cultists","floor":30,"turns":4},{"damage":24,"enemies":"Snake Plant","floor":31,"turns":2},{"damage":53,"enemies":"Champ","floor":33,"turns":9}],"seed_played":"110642837351268216","potions_obtained":[{"floor":1,"key":"Ancient Potion"},{"floor":5,"key":"Ancient Potion"},{"floor":6,"key":"AttackPotion"},{"floor":8,"key":"FearPotion"},{"floor":19,"key":"Ancient Potion"},{"floor":23,"key":"Fruit Juice"},{"floor":30,"key":"Dexterity Potion"}],"is_trial":false,"path_per_floor":["M","M","?","?","M","E","?","M","T","R","$","M","R","M","R","B",null,"M","M","$","?","M","E","R","$","T","R","M","T","M","M","R","B"],"character_chosen":"IRONCLAD","items_purchased":["Vajra","Clothesline","Pantograph","Feel No Pain"],"campfire_rested":2,"item_purchase_floors":[11,11,20,25],"current_hp_per_floor":[80,80,60,60,66,17,17,8,8,32,32,37,37,31,55,43,71,70,73,73,57,35,25,25,25,25,25,31,41,39,21,21,0],"gold":149,"neow_bonus":"THREE_ENEMY_KILL","is_prod":false,"is_daily":false,"chose_seed":false,"campfire_upgraded":3,"win_rate":0,"timestamp":1551920453,"path_taken":["M","?","?","?","?","E","?","M","T","R","?","M","R","M","R","BOSS","M","M","$","?","M","E","R","$","T","R","M","?","M","M","R","BOSS"],"build_version":"2019-01-23","purchased_purges":0,"victory":false,"max_hp_per_floor":[80,80,80,80,80,80,80,80,80,80,80,80,80,80,80,80,80,80,80,80,80,80,85,85,85,85,85,85,95,95,95,95,95],"card_choices":[{"not_picked":["Infernal Blade","Heavy Blade","Clash"],"picked":"SKIP","floor":1},{"not_picked":["Entrench","Rage"],"picked":"Inflame","floor":2},{"not_picked":["Second Wind","Rage"],"picked":"Corruption","floor":5},{"not_picked":["Shrug It Off","Clash"],"picked":"Uppercut","floor":6},{"not_picked":["Perfected Strike","Wild Strike"],"picked":"Carnage","floor":8},{"not_picked":["Body Slam","Double Tap","Clothesline"],"picked":"SKIP","floor":12},{"not_picked":["Armaments","Cleave"],"picked":"Shrug It Off","floor":14},{"not_picked":["Exhume","Demon Form"],"picked":"Immolate","floor":16},{"not_picked":["Wild Strike","Combust"],"picked":"Armaments","floor":18},{"not_picked":["True Grit","Wild Strike"],"picked":"Evolve","floor":19},{"not_picked":["Shrug It Off","Warcry"],"picked":"Armaments+1","floor":22},{"not_picked":["Burning Pact","Bloodletting","Infernal Blade+1"],"picked":"SKIP","floor":23},{"not_picked":["True Grit","Bloodletting","Rupture"],"picked":"SKIP","floor":28},{"not_picked":["Perfected Strike","Dark Embrace"],"picked":"Sentinel+1","floor":30},{"not_picked":["Reckless Charge+1","Blood for Blood","Armaments+1"],"picked":"SKIP","floor":31}],"player_experience":544569,"relics_obtained":[{"floor":6,"key":"Torii"},{"floor":21,"key":"Nilry\u0027s Codex"},{"floor":23,"key":"Du-Vu Doll"},{"floor":26,"key":"Bronze Scales"},{"floor":29,"key":"Pear"}],"event_choices":[{"damage_healed":0,"gold_gain":0,"player_choice":"Take Damage","damage_taken":20,"relics_obtained":["Golden Idol"],"max_hp_gain":0,"max_hp_loss":0,"event_name":"Golden Idol","floor":3,"gold_loss":0},{"damage_healed":0,"gold_gain":0,"player_choice":"Upgraded","damage_taken":0,"max_hp_gain":0,"max_hp_loss":0,"event_name":"Upgrade Shrine","floor":4,"gold_loss":0,"cards_upgraded":["Inflame"]},{"damage_healed":0,"gold_gain":0,"player_choice":"Gave Potion","damage_taken":0,"relics_obtained":["Red Skull"],"max_hp_gain":0,"max_hp_loss":0,"event_name":"WeMeetAgain","floor":7,"gold_loss":0},{"damage_healed":0,"gold_gain":0,"player_choice":"Obtained Book","damage_taken":16,"max_hp_gain":0,"max_hp_loss":0,"event_name":"Cursed Tome","floor":21,"gold_loss":0}],"is_beta":false,"boss_relics":[{"not_picked":["White Beast Statue","Calling Bell"],"picked":"Coffee Dripper"}],"items_purged_floors":[],"is_endless":false,"potions_floor_spawned":[1,5,6,8,19,23,30],"killed_by":"Champ","ascension_level":5}