{"gold_per_floor":[110,122,132,132,144,144,144,169,169,169,185,185,185,206,206,280,280,252,115,130,141,31,31,57,57,57,57,90,102,114],"floor_reached":30,"playtime":1626,"items_purged":["Strike_R"],"score":519,"play_id":"844c70c0-6440-4fd4-8c81-aa72f60510e1","local_time":"20190227210942","is_ascension_mode":true,"campfire_choices":[{"data":"Cleave","floor":6,"key":"SMITH"},{"data":"Pommel Strike","floor":10,"key":"SMITH"},{"data":"Armaments","floor":12,"key":"SMITH"},{"floor":15,"key":"REST"},{"data":"Entrench","floor":23,"key":"SMITH"},{"floor":25,"key":"REST"},{"data":"Feel No Pain","floor":27,"key":"SMITH"},{"floor":29,"key":"REST"}],"neow_cost":"CURSE","seed_source_timestamp":440435165891495,"circlet_count":0,"master_deck":["AscendersBane","Strike_R","Strike_R+1","Defend_R+1","Defend_R","Defend_R","Defend_R","Bash","Injury","Pommel Strike+1","Shrug It Off","Cleave+1","Spot Weakness+1","Ghostly Armor","Armaments+1","Second Wind","Immolate","Heavy Blade","Feel No Pain+1","Entrench+1","Evolve","True Grit"],"relics":["Burning Blood","FossilizedHelix","Smiling Mask","Letter Opener","Odd Mushroom","Mark of Pain","Nunchaku","Mummified Hand","MawBank"],"potions_floor_usage":[3,5,16,24,24],"damage_taken":[{"damage":21,"enemies":"Jaw Worm","floor":1,"turns":6},{"damage":0,"enemies":"2 Louse","floor":2,"turns":2},{"damage":1,"enemies":"Small Slimes","floor":3,"turns":4},{"damage":0,"enemies":"Gremlin Gang","floor":5,"turns":4},{"damage":12,"enemies":"Lagavulin","floor":8,"turns":5},{"damage":0,"enemies":"Large Slime","floor":11,"turns":4},{"damage":11,"enemies":"The Mushroom Lair","floor":14,"turns":4},{"damage":63,"enemies":"Slime Boss","floor":16,"turns":12},{"damage":12,"enemies":"2 Thieves","floor":18,"turns":4},{"damage":1,"enemies":"Chosen","floor":20,"turns":5},{"damage":5,"enemies":"Centurion and Healer","floor":21,"turns":6},{"damage":30,"enemies":"Slavers","floor":24,"turns":4},{"damage":53,"enemies":"Book of Stabbing","floor":28,"turns":7},{"damage":38,"enemies":"3 Cultists","floor":30,"turns":4}],"seed_played":"-6379928309165344277","potions_obtained":[{"floor":1,"key":"SteroidPotion"},{"floor":2,"key":"BloodPotion"},{"floor":14,"key":"SneckoOil"},{"floor":18,"key":"Ancient Potion"},{"floor":20,"key":"Strength Potion"},{"floor":21,"key":"Fire Potion"}],"is_trial":false,"path_per_floor":["M","M","M","?","M","R","?","E","T","R","M","R","?","?","R","B",null,"M","$","M","M","?","R","E","R","T","R","E","R","M"],"character_chosen":"IRONCLAD","items_purchased":["Feel No Pain"],"campfire_rested":3,"item_purchase_floors":[19],"current_hp_per_floor":[53,59,71,71,75,75,75,69,69,69,75,75,52,47,69,12,59,53,53,58,59,59,59,35,57,57,57,10,32,0],"gold":114,"neow_bonus":"ONE_RARE_RELIC","is_prod":false,"is_daily":false,"chose_seed":false,"campfire_upgraded":5,"win_rate":0,"timestamp":1551326982,"path_taken":["M","M","M","?","M","R","?","E","T","R","?","R","?","?","R","BOSS","M","$","M","M","?","R","E","R","T","R","E","R","M"],"build_version":"2019-01-23","purchased_purges":1,"victory":false,"max_hp_per_floor":[75,75,75,75,75,75,75,75,75,75,75,75,75,75,75,75,75,75,75,75,75,75,75,75,75,75,75,75,75,75],"card_choices":[{"not_picked":["Burning Pact","Rampage"],"picked":"Pommel Strike","floor":1},{"not_picked":["Fire Breathing","Havoc"],"picked":"Shrug It Off","floor":2},{"not_picked":["Warcry","Iron Wave"],"picked":"Cleave","floor":3},{"not_picked":["Searing Blow","True Grit"],"picked":"Spot Weakness","floor":5},{"not_picked":["Wild Strike","Hemokinesis"],"picked":"Ghostly Armor","floor":8},{"not_picked":["Bloodletting","Havoc"],"picked":"Armaments","floor":11},{"not_picked":["Juggernaut","Armaments"],"picked":"Second Wind","floor":14},{"not_picked":["Offering","Reaper"],"picked":"Immolate","floor":16},{"not_picked":["Warcry","Hemokinesis"],"picked":"Heavy Blade","floor":18},{"not_picked":["Intimidate","Bloodletting"],"picked":"Entrench","floor":20},{"not_picked":["Second Wind","Perfected Strike","Twin Strike"],"picked":"SKIP","floor":21},{"not_picked":["Headbutt","Rampage"],"picked":"Evolve","floor":24},{"not_picked":["Pommel Strike","Searing Blow"],"picked":"True Grit","floor":28}],"player_experience":1283057,"relics_obtained":[{"floor":8,"key":"Smiling Mask"},{"floor":9,"key":"Letter Opener"},{"floor":14,"key":"Odd Mushroom"},{"floor":24,"key":"Nunchaku"},{"floor":26,"key":"Mummified Hand"},{"floor":28,"key":"MawBank"}],"event_choices":[{"damage_healed":0,"gold_gain":0,"player_choice":"Ignored","damage_taken":0,"max_hp_gain":0,"max_hp_loss":0,"event_name":"Liars Game","floor":4,"gold_loss":0},{"cards_removed":["Strike_R"],"damage_healed":0,"gold_gain":0,"player_choice":"Forget","damage_taken":0,"max_hp_gain":0,"max_hp_loss":0,"event_name":"Living Wall","floor":7,"gold_loss":0},{"damage_healed":0,"gold_gain":0,"player_choice":"Entered Light","damage_taken":23,"max_hp_gain":0,"max_hp_loss":0,"event_name":"Shining Light","floor":13,"gold_loss":0,"cards_upgraded":["Strike_R","Spot Weakness"]},{"damage_healed":0,"gold_gain":0,"player_choice":"Fought Mushrooms","damage_taken":0,"max_hp_gain":0,"max_hp_loss":0,"event_name":"Mushrooms","floor":14,"gold_loss":0},{"cards_removed":["Strike_R"],"damage_healed":0,"gold_gain":0,"player_choice":"Upgrade and Remove","damage_taken":0,"max_hp_gain":0,"max_hp_loss":0,"event_name":"Designer","floor":22,"gold_loss":110,"cards_upgraded":["Defend_R"]}],"is_beta":false,"boss_relics":[{"not_picked":["White Beast Statue","Runic Cube"],"picked":"Mark of Pain"}],"items_purged_floors":[19],"is_endless":false,"potions_floor_spawned":[1,2,14,18,20,21],"killed_by":"3 Cultists","ascension_level":19}