{"gold_per_floor":[119,137,153,118,193,193,193,193,216,216,235,261,296,296,296,400,400,415,340,10,28,39,39],"floor_reached":23,"playtime":1593,"items_purged":["Strike_G"],"score":306,"play_id":"0a6d2e7c-bdaa-44f6-aeca-c3377eff6719","local_time":"20190316135246","is_ascension_mode":true,"campfire_choices":[{"floor":6,"key":"REST"},{"data":"Crippling Poison","floor":8,"key":"SMITH"},{"data":"Neutralize","floor":10,"key":"SMITH"},{"floor":15,"key":"REST"}],"neow_cost":"NONE","seed_source_timestamp":226016723067793,"circlet_count":0,"master_deck":["AscendersBane","Defend_G","Defend_G","Defend_G","Defend_G","Defend_G","Strike_G","Strike_G","Strike_G","Strike_G","Survivor","Neutralize+1","Crippling Poison+1","Dagger Spray","Dodge and Roll","Flying Knee","Riddle With Holes","Catalyst+1","Dodge and Roll","Envenom","Deadly Poison","Quick Slash","Skewer","Backflip+1","Backflip+1"],"relics":["HoveringKite","Blood Vial","Boot","Odd Mushroom","Vajra","Orrery","Toxic Egg 2"],"potions_floor_usage":[13,13,23],"damage_taken":[{"damage":2,"enemies":"2 Louse","floor":1,"turns":4},{"damage":4,"enemies":"Small Slimes","floor":2,"turns":5},{"damage":6,"enemies":"Cultist","floor":3,"turns":4},{"damage":14,"enemies":"Exordium Thugs","floor":4,"turns":5},{"damage":3,"enemies":"Blue Slaver","floor":11,"turns":5},{"damage":12,"enemies":"The Mushroom Lair","floor":12,"turns":4},{"damage":9,"enemies":"3 Sentries","floor":13,"turns":6},{"damage":25,"enemies":"The Guardian","floor":16,"turns":14},{"damage":22,"enemies":"Shell Parasite","floor":18,"turns":5},{"damage":0,"enemies":"3 Byrds","floor":21,"turns":3},{"damage":14,"enemies":"Cultist and Chosen","floor":22,"turns":5},{"damage":35,"enemies":"Book of Stabbing","floor":23,"turns":6}],"seed_played":"3196917198338608899","potions_obtained":[{"floor":3,"key":"Weak Potion"},{"floor":4,"key":"Block Potion"},{"floor":11,"key":"Strength Potion"},{"floor":13,"key":"Block Potion"},{"floor":16,"key":"AttackPotion"},{"floor":21,"key":"SpeedPotion"}],"is_trial":false,"path_per_floor":["M","M","M","M","?","R","?","R","T","R","M","?","E","?","R","B",null,"M","?","$","M","M","E"],"character_chosen":"THE_SILENT","items_purchased":["Toxic Egg 2"],"campfire_rested":2,"item_purchase_floors":[20],"current_hp_per_floor":[61,57,51,37,26,47,47,47,47,47,46,36,29,29,50,27,59,39,39,39,41,29,0],"gold":39,"neow_bonus":"BOSS_RELIC","is_prod":false,"is_daily":false,"chose_seed":false,"campfire_upgraded":2,"win_rate":0,"timestamp":1552762366,"path_taken":["M","M","M","M","?","R","?","R","T","R","M","?","E","?","R","BOSS","M","?","$","M","M","E"],"build_version":"2019-01-23","purchased_purges":1,"victory":false,"max_hp_per_floor":[70,70,70,70,70,70,70,70,70,70,70,70,70,70,70,70,70,70,70,70,70,70,70],"card_choices":[{"not_picked":["Cloak And Dagger","Blur"],"picked":"Crippling Poison","floor":1},{"not_picked":["All Out Attack","Flying Knee"],"picked":"Dagger Spray","floor":2},{"not_picked":["Dagger Throw","Backstab"],"picked":"Dodge and Roll","floor":3},{"not_picked":["Dagger Spray","Slice"],"picked":"Flying Knee","floor":4},{"not_picked":["Outmaneuver","Blade Dance"],"picked":"Riddle With Holes","floor":11},{"not_picked":["Deadly Poison","Acrobatics"],"picked":"Catalyst","floor":12},{"not_picked":["Flying Knee","Sucker Punch"],"picked":"Dodge and Roll","floor":13},{"not_picked":["Die Die Die","Phantasmal Killer"],"picked":"Envenom","floor":16},{"not_picked":["Poisoned Stab","Accuracy"],"picked":"Deadly Poison","floor":17},{"not_picked":["Cloak And Dagger","Terror"],"picked":"Quick Slash","floor":17},{"not_picked":["Dagger Throw","Finisher"],"picked":"Skewer","floor":17},{"not_picked":["Calculated Gamble+1","Outmaneuver"],"picked":"Backflip+1","floor":18},{"not_picked":["Dagger Throw+1","Flechettes","Sucker Punch"],"picked":"SKIP","floor":21},{"not_picked":["Deadly Poison+1","Dagger Throw"],"picked":"Backflip+1","floor":22}],"player_experience":561169,"relics_obtained":[{"floor":9,"key":"Boot"},{"floor":12,"key":"Odd Mushroom"},{"floor":13,"key":"Vajra"}],"event_choices":[{"damage_healed":0,"gold_gain":75,"player_choice":"Gather Gold","damage_taken":11,"max_hp_gain":0,"max_hp_loss":0,"event_name":"World of Goop","floor":5,"gold_loss":0},{"damage_healed":0,"gold_gain":0,"player_choice":"Box","damage_taken":0,"relics_obtained":["Blood Vial"],"max_hp_gain":0,"max_hp_loss":0,"event_name":"Big Fish","floor":7,"gold_loss":0,"cards_obtained":["Regret"]},{"damage_healed":0,"gold_gain":0,"player_choice":"Fought Mushrooms","damage_taken":0,"max_hp_gain":0,"max_hp_loss":0,"event_name":"Mushrooms","floor":12,"gold_loss":0},{"damage_healed":0,"gold_gain":0,"player_choice":"Grow","damage_taken":0,"max_hp_gain":0,"max_hp_loss":0,"event_name":"Living Wall","floor":14,"gold_loss":0,"cards_upgraded":["Catalyst"]},{"cards_removed":["Regret"],"damage_healed":0,"gold_gain":0,"player_choice":"Gave Gold","damage_taken":0,"max_hp_gain":0,"max_hp_loss":0,"event_name":"Beggar","floor":19,"gold_loss":75}],"is_beta":false,"boss_relics":[{"not_picked":["Coffee Dripper","White Beast Statue"],"picked":"Orrery"}],"items_purged_floors":[20],"is_endless":false,"potions_floor_spawned":[3,4,11,13,16,21],"killed_by":"Book of Stabbing","ascension_level":12}