{"path_per_floor":["M","?","M","$","M","E","R","E","T","M","R","?","E","?","R","B",null,"M","$","M","?","M","E","M","R","T","E","R","M","M","M","R"],"character_chosen":"IRONCLAD","items_purchased":["Metallicize","Metallicize","Bag of Preparation"],"gold_per_floor":[109,209,228,82,100,126,126,154,229,249,249,249,276,276,276,378,378,396,67,47,47,62,97,117,117,117,450,450,469,488,502,502,502],"floor_reached":33,"campfire_rested":1,"playtime":3763,"current_hp_per_floor":[77,77,76,76,76,54,54,45,45,41,41,41,48,48,48,80,80,67,67,49,49,66,16,29,54,54,76,76,77,89,81,81,0],"items_purged":["Strike_R","Strike_R"],"gold":502,"score":382,"play_id":"0b260e5f-aaa7-4869-92b6-f6d2842e1625","local_time":"20180521221317","is_prod":false,"is_daily":false,"chose_seed":false,"is_ascension_mode":false,"campfire_upgraded":5,"timestamp":1526955197,"campfire_choices":[{"data":"Flame Barrier","floor":7,"key":"SMITH"},{"data":"Armaments","floor":11,"key":"SMITH"},{"data":"Infernal Blade","floor":15,"key":"SMITH"},{"floor":25,"key":"REST"},{"data":"Seeing Red","floor":28,"key":"SMITH"},{"data":"Whirlwind","floor":32,"key":"SMITH"}],"path_taken":["M","?","M","?","?","E","R","E","T","M","R","?","E","?","R","BOSS","M","$","M","?","M","E","M","R","T","E","R","M","M","M","R","BOSS"],"build_version":"2018-05-17","seed_source_timestamp":595958728303729,"purchased_purges":2,"victory":false,"master_deck":["Strike_R","Strike_R","Strike_R","Defend_R","Defend_R","Defend_R+1","Defend_R","Bash","Infernal Blade+1","Armaments+1","Intimidate","Metallicize","Power Through+1","Clothesline","Flame Barrier+1","Metallicize","Shrug It Off","Power Through","Reaper","Metallicize","Iron Wave","Feed","Seeing Red+1","Metallicize","Spot Weakness","Whirlwind+1","Inflame+1","Dropkick","Pummel+1","Thunderclap","Warcry+1"],"max_hp_per_floor":[80,80,80,80,80,80,80,80,80,80,80,80,80,80,80,80,80,80,80,83,83,86,86,86,86,86,86,86,86,89,89,89,89],"relics":["Orrery","Champion Belt","Omamori","Pantograph","War Paint","Black Star","Bag of Preparation","Peace Pipe","Bird Faced Urn","Ornamental Fan","Old Coin","Charon\u0027s Ashes"],"card_choices":[{"not_picked":["Pummel","Pommel Strike"],"picked":"Infernal Blade","floor":0},{"not_picked":["Perfected Strike","Heavy Blade"],"picked":"Armaments","floor":0},{"not_picked":["Body Slam","Armaments"],"picked":"Intimidate","floor":0},{"not_picked":["Perfected Strike","Battle Trance"],"picked":"Metallicize","floor":0},{"not_picked":["Flex","Uppercut"],"picked":"Power Through","floor":0},{"not_picked":["Wild Strike","Body Slam"],"picked":"Clothesline","floor":1},{"not_picked":["Body Slam","Disarm"],"picked":"Flame Barrier","floor":3},{"not_picked":["Flex","Ghostly Armor"],"picked":"Shrug It Off","floor":5},{"not_picked":["Sword Boomerang","Heavy Blade"],"picked":"Power Through","floor":6},{"not_picked":["Spot Weakness","Bludgeon"],"picked":"Reaper","floor":8},{"not_picked":["Rage","Shrug It Off"],"picked":"Metallicize","floor":10},{"not_picked":["Pommel Strike","Heavy Blade"],"picked":"Iron Wave","floor":13},{"not_picked":["Fiend Fire","Demon Form"],"picked":"Feed","floor":16},{"not_picked":["Clash","Sword Boomerang"],"picked":"Seeing Red","floor":18},{"not_picked":["Second Wind","Twin Strike"],"picked":"Spot Weakness","floor":20},{"not_picked":["Dropkick","Combust+1"],"picked":"Whirlwind","floor":22},{"not_picked":["Flex","Wild Strike"],"picked":"Inflame+1","floor":23},{"not_picked":["Sever Soul+1","Carnage","Armaments"],"picked":"SKIP","floor":24},{"not_picked":["Rage","True Grit+1"],"picked":"Dropkick","floor":27},{"not_picked":["Clash","Disarm"],"picked":"Pummel+1","floor":29},{"not_picked":["Iron Wave","Perfected Strike"],"picked":"Thunderclap","floor":30},{"not_picked":["Blood for Blood","Clothesline"],"picked":"Warcry+1","floor":31}],"player_experience":34002,"potions_floor_usage":[6,13,13,16,16,23,23,23,24,33],"damage_taken":[{"damage":3,"enemies":"2 Louse","floor":1,"turns":3},{"damage":1,"enemies":"Cultist","floor":3,"turns":4},{"damage":0,"enemies":"Jaw Worm","floor":5,"turns":5},{"damage":30,"enemies":"Gremlin Nob","floor":6,"turns":7},{"damage":9,"enemies":"3 Sentries","floor":8,"turns":15},{"damage":10,"enemies":"Large Slime","floor":10,"turns":11},{"damage":5,"enemies":"Gremlin Nob","floor":13,"turns":7},{"damage":0,"enemies":"Hexaghost","floor":16,"turns":13},{"damage":13,"enemies":"Spheric Guardian","floor":18,"turns":10},{"damage":31,"enemies":"2 Thieves","floor":20,"turns":5},{"damage":0,"enemies":"Centurion and Healer","floor":22,"turns":11},{"damage":72,"enemies":"Gremlin Leader","floor":23,"turns":12},{"damage":17,"enemies":"Cultist and Chosen","floor":24,"turns":11},{"damage":13,"enemies":"Slavers","floor":27,"turns":10},{"damage":9,"enemies":"Slaver and Parasite","floor":29,"turns":8},{"damage":2,"enemies":"Centurion and Healer","floor":30,"turns":8},{"damage":9,"enemies":"Sentry and Sphere","floor":31,"turns":9},{"damage":98,"enemies":"Champ","floor":33,"turns":19}],"relics_obtained":[{"floor":6,"key":"Champion Belt"},{"floor":8,"key":"Omamori"},{"floor":9,"key":"Pantograph"},{"floor":13,"key":"War Paint"},{"floor":23,"key":"Peace Pipe"},{"floor":23,"key":"Bird Faced Urn"},{"floor":26,"key":"Ornamental Fan"},{"floor":27,"key":"Old Coin"},{"floor":27,"key":"Charon\u0027s Ashes"}],"event_choices":[{"event_name":"Golden Shrine","player_choice":"Pray","floor":2,"damage_taken":0},{"event_name":"Match and Keep!","player_choice":"0 cards matched","floor":12,"damage_taken":0},{"event_name":"The Lab","player_choice":"Got Potions","floor":14,"damage_taken":0},{"event_name":"Forgotten Altar","player_choice":"Smashed Altar","floor":21,"damage_taken":0}],"boss_relics":[{"not_picked":["Runic Pyramid","Velvet Choker"],"picked":"Black Star"}],"potions_floor_spawned":[1,5,8,10,20,22,23,31],"seed_played":"-4785860669971538789","killed_by":"Champ","ascension_level":0,"potions_obtained":[{"floor":1,"key":"BloodPotion"},{"floor":5,"key":"Weak Potion"},{"floor":8,"key":"Explosive Potion"},{"floor":10,"key":"BloodPotion"},{"floor":14,"key":"BloodPotion"},{"floor":14,"key":"Fire Potion"},{"floor":14,"key":"Fire Potion"},{"floor":20,"key":"Swift Potion"},{"floor":22,"key":"Poison Potion"},{"floor":23,"key":"SkillPotion"},{"floor":31,"key":"Explosive Potion"}],"is_trial":false}