{"gold_per_floor":[10,26,38,56,56,56,56,56,56,56,90,90,124,134,134,213,213,228,241,516,25,42,42,42,75,120,120,151,151,183,196,196,269,269,280,290,6,22,34,34,34],"floor_reached":41,"playtime":2947,"items_purged":[],"score":949,"play_id":"a9ef9fcf-4391-4f5a-85b2-9de4673710ff","local_time":"20190225222001","is_ascension_mode":true,"campfire_choices":[{"floor":6,"key":"DIG"},{"floor":8,"key":"DIG"},{"floor":10,"key":"DIG"},{"floor":12,"key":"DIG"},{"floor":15,"key":"DIG"},{"floor":23,"key":"DIG"},{"floor":27,"key":"DIG"},{"floor":29,"key":"DIG"},{"floor":32,"key":"DIG"},{"floor":40,"key":"DIG"}],"neow_cost":"NO_GOLD","seed_source_timestamp":270527174900353,"circlet_count":0,"master_deck":["AscendersBane","Strike_R","Strike_R","Strike_R","Strike_R","Defend_R","Defend_R","Defend_R","Defend_R","Bash","Secret Technique","Trip","Feel No Pain","Reckless Charge","Body Slam","Headbutt","Regret","Reckless Charge","Dark Embrace","Shockwave","Juggernaut","Body Slam+1","True Grit+1","Regret","Iron Wave","Heavy Blade+1","Iron Wave+1","Immolate","Entrench","Panache","Feel No Pain","Cleave","Warcry"],"relics":["Burning Blood","Shovel","Blood Vial","Mummified Hand","Nunchaku","Bottled Flame","Matryoshka","Pen Nib","Thread and Needle","FossilizedHelix","Gambling Chip","Busted Crown","Du-Vu Doll","Lantern","Bag of Preparation","Red Skull","Dream Catcher","Vajra","Art of War","Letter Opener","Singing Bowl","Regal Pillow","Pear","Mark of Pain","Ice Cream"],"potions_floor_usage":[11,13,16,28,31,33,41],"damage_taken":[{"damage":1,"enemies":"Cultist","floor":1,"turns":3},{"damage":4,"enemies":"Small Slimes","floor":2,"turns":3},{"damage":2,"enemies":"Jaw Worm","floor":3,"turns":3},{"damage":3,"enemies":"Exordium Wildlife","floor":4,"turns":4},{"damage":13,"enemies":"Gremlin Nob","floor":11,"turns":3},{"damage":20,"enemies":"3 Sentries","floor":13,"turns":10},{"damage":10,"enemies":"Lots of Slimes","floor":14,"turns":6},{"damage":69,"enemies":"The Guardian","floor":16,"turns":13},{"damage":13,"enemies":"Shell Parasite","floor":18,"turns":4},{"damage":0,"enemies":"3 Byrds","floor":19,"turns":5},{"damage":0,"enemies":"Snecko","floor":22,"turns":4},{"damage":27,"enemies":"Gremlin Leader","floor":25,"turns":6},{"damage":6,"enemies":"Book of Stabbing","floor":28,"turns":3},{"damage":6,"enemies":"Gremlin Leader","floor":30,"turns":7},{"damage":0,"enemies":"3 Cultists","floor":31,"turns":4},{"damage":79,"enemies":"Collector","floor":33,"turns":9},{"damage":0,"enemies":"Orb Walker","floor":35,"turns":2},{"damage":13,"enemies":"3 Darklings","floor":36,"turns":3},{"damage":22,"enemies":"4 Shapes","floor":38,"turns":8},{"damage":2,"enemies":"Maw","floor":39,"turns":6},{"damage":105,"enemies":"Giant Head","floor":41,"turns":6}],"seed_played":"6970516772751944034","potions_obtained":[{"floor":4,"key":"SteroidPotion"},{"floor":11,"key":"Regen Potion"},{"floor":14,"key":"SteroidPotion"},{"floor":16,"key":"Fire Potion"},{"floor":18,"key":"Poison Potion"},{"floor":25,"key":"SkillPotion"},{"floor":30,"key":"Regen Potion"},{"floor":35,"key":"PowerPotion"}],"is_trial":false,"path_per_floor":["M","M","M","M","?","R","T","R","T","R","E","R","E","M","R","B",null,"M","M","?","$","M","R","?","E","T","R","E","R","E","M","R","B",null,"M","M","$","M","M","R","E"],"character_chosen":"IRONCLAD","items_purchased":["Du-Vu Doll","Lantern","Panache","Feel No Pain"],"campfire_rested":0,"item_purchase_floors":[21,21,37,37],"current_hp_per_floor":[73,75,75,75,75,75,75,75,75,75,68,68,71,69,69,8,58,53,61,61,61,69,69,69,50,50,50,52,52,56,76,86,14,69,79,74,74,60,66,66,0],"gold":34,"neow_bonus":"RANDOM_COLORLESS_2","is_prod":false,"is_daily":false,"chose_seed":false,"campfire_upgraded":0,"win_rate":0,"timestamp":1551158401,"path_taken":["M","?","M","M","?","R","?","R","T","R","E","R","E","M","R","BOSS","M","M","?","$","?","R","?","E","T","R","E","R","E","M","R","BOSS","M","M","$","M","M","R","E"],"build_version":"2019-01-23","purchased_purges":0,"victory":false,"max_hp_per_floor":[75,75,75,75,75,75,75,75,75,75,75,75,75,75,75,75,75,75,75,75,75,75,75,75,75,75,75,75,75,77,77,87,87,87,89,89,89,89,89,89,89],"card_choices":[{"not_picked":["Fire Breathing","Headbutt"],"picked":"Feel No Pain","floor":1},{"not_picked":["Cleave","Warcry"],"picked":"Reckless Charge","floor":2},{"not_picked":["Clash","Ghostly Armor"],"picked":"Body Slam","floor":3},{"not_picked":["Body Slam","Clash"],"picked":"Headbutt","floor":4},{"not_picked":["Sever Soul","Pummel"],"picked":"Reckless Charge","floor":11},{"not_picked":["Cleave","Twin Strike"],"picked":"Dark Embrace","floor":13},{"not_picked":["Flex","Clash"],"picked":"Shockwave","floor":14},{"not_picked":["Offering","Feed"],"picked":"Juggernaut","floor":16},{"not_picked":[],"picked":"Body Slam+1","floor":18},{"not_picked":[],"picked":"True Grit+1","floor":19},{"not_picked":[],"picked":"Iron Wave","floor":22},{"not_picked":["Combust"],"picked":"SKIP","floor":25},{"not_picked":[],"picked":"Heavy Blade+1","floor":28},{"not_picked":["Flex"],"picked":"Singing Bowl","floor":30},{"not_picked":[],"picked":"Iron Wave+1","floor":31},{"not_picked":[],"picked":"Immolate","floor":33},{"not_picked":["Clothesline+1"],"picked":"Singing Bowl","floor":35},{"not_picked":[],"picked":"Entrench","floor":36},{"not_picked":[],"picked":"Cleave","floor":38},{"not_picked":[],"picked":"Warcry","floor":39}],"player_experience":1260605,"relics_obtained":[{"floor":6,"key":"Blood Vial"},{"floor":7,"key":"Mummified Hand"},{"floor":8,"key":"Nunchaku"},{"floor":9,"key":"Bottled Flame"},{"floor":10,"key":"Matryoshka"},{"floor":11,"key":"Pen Nib"},{"floor":12,"key":"Thread and Needle"},{"floor":13,"key":"FossilizedHelix"},{"floor":15,"key":"Gambling Chip"},{"floor":23,"key":"Bag of Preparation"},{"floor":25,"key":"Red Skull"},{"floor":26,"key":"Dream Catcher"},{"floor":26,"key":"Vajra"},{"floor":27,"key":"Art of War"},{"floor":28,"key":"Letter Opener"},{"floor":29,"key":"Singing Bowl"},{"floor":30,"key":"Regal Pillow"},{"floor":32,"key":"Pear"},{"floor":40,"key":"Ice Cream"}],"event_choices":[{"damage_healed":0,"gold_gain":0,"player_choice":"Box","damage_taken":0,"relics_obtained":["Shovel"],"max_hp_gain":0,"max_hp_loss":0,"event_name":"Big Fish","floor":5,"gold_loss":0,"cards_obtained":["Regret"]},{"damage_healed":0,"gold_gain":275,"player_choice":"Desecrate","damage_taken":0,"max_hp_gain":0,"max_hp_loss":0,"event_name":"Golden Shrine","floor":20,"gold_loss":0,"cards_obtained":["Regret"]},{"cards_removed":["Strike_R"],"damage_healed":0,"gold_gain":0,"player_choice":"Elegance","damage_taken":0,"max_hp_gain":0,"max_hp_loss":0,"event_name":"Back to Basics","floor":24,"gold_loss":0}],"is_beta":false,"boss_relics":[{"not_picked":["Cursed Key","White Beast Statue"],"picked":"Busted Crown"},{"not_picked":["Runic Pyramid","Eternal Feather"],"picked":"Mark of Pain"}],"items_purged_floors":[],"is_endless":false,"potions_floor_spawned":[4,11,14,16,18,25,30,35],"killed_by":"Giant Head","ascension_level":19}