{"gold_per_floor":[369,369,196,213,213,213,247,247,247,247,124,137,152,171,171,292,292,305,355,373,28,28,28,28,28,28,28,48,48,48],"floor_reached":30,"playtime":2677,"items_purged":["Defend_R","Strike_R","Clash"],"score":226,"play_id":"eafc5133-b923-4206-81c3-ffa04ea1850e","local_time":"20190311220535","is_ascension_mode":false,"campfire_choices":[{"data":"Bash","floor":6,"key":"SMITH"},{"floor":8,"key":"REST"},{"data":"Heavy Blade","floor":10,"key":"SMITH"},{"data":"Heavy Blade","floor":15,"key":"SMITH"},{"data":"Limit Break","floor":23,"key":"SMITH"},{"data":"Flex","floor":25,"key":"SMITH"},{"data":"Flex","floor":27,"key":"SMITH"}],"neow_cost":"PERCENT_DAMAGE","seed_source_timestamp":723338375330569,"circlet_count":0,"master_deck":["Bash+1","Ghostly Armor","Heavy Blade+1","Warcry","Flex+1","Armaments","Flex+1","Battle Trance","Shrug It Off","Heavy Blade+1","Limit Break+1","Ghostly Armor","Bludgeon","Feed","Seeing Red","Warcry+1","Reaper","Shrug It Off","Armaments","Rage","Heavy Blade","Limit Break+1","Armaments+1"],"relics":["Burning Blood","Golden Idol","Potion Belt","Bird Faced Urn","Pandora\u0027s Box","Matryoshka"],"potions_floor_usage":[7,16,30],"damage_taken":[{"damage":0,"enemies":"2 Louse","floor":1,"turns":3},{"damage":5,"enemies":"Small Slimes","floor":4,"turns":3},{"damage":34,"enemies":"Lagavulin","floor":7,"turns":7},{"damage":0,"enemies":"Jaw Worm","floor":12,"turns":2},{"damage":12,"enemies":"Large Slime","floor":13,"turns":6},{"damage":0,"enemies":"Red Slaver","floor":14,"turns":3},{"damage":34,"enemies":"Slime Boss","floor":16,"turns":11},{"damage":10,"enemies":"Chosen","floor":18,"turns":3},{"damage":33,"enemies":"Shell Parasite","floor":20,"turns":6},{"damage":28,"enemies":"Shelled Parasite and Fungi","floor":28,"turns":5},{"damage":32,"enemies":"Sentry and Sphere","floor":30,"turns":7}],"seed_played":"5373943819154043967","potions_obtained":[{"floor":1,"key":"Ancient Potion"},{"floor":13,"key":"Poison Potion"},{"floor":18,"key":"SpeedPotion"},{"floor":20,"key":"Ancient Potion"}],"is_trial":false,"path_per_floor":["M","?","$","M","?","R","E","R","T","R","$","M","M","M","R","B",null,"M","?","M","$","?","R","?","R","T","R","M","$","M"],"character_chosen":"IRONCLAD","items_purchased":["Heavy Blade","Warcry","Flex","Reaper","Shrug It Off","Armaments"],"campfire_rested":1,"item_purchase_floors":[3,3,11,21,21,21],"current_hp_per_floor":[62,80,80,80,60,60,32,56,56,56,56,62,56,62,62,34,80,76,76,49,49,49,49,49,49,49,49,27,27,0],"gold":48,"neow_bonus":"TWO_FIFTY_GOLD","is_prod":false,"is_daily":false,"chose_seed":false,"campfire_upgraded":6,"win_rate":0,"timestamp":1552352735,"path_taken":["M","?","$","M","?","R","E","R","T","R","?","M","M","M","R","BOSS","M","?","?","$","?","R","?","R","T","R","M","$","M"],"build_version":"2019-01-23","purchased_purges":3,"victory":false,"max_hp_per_floor":[80,80,80,80,80,80,80,80,80,80,80,80,80,80,80,80,80,80,80,80,80,80,80,80,80,80,80,80,80,80],"card_choices":[{"not_picked":["Power Through","Sword Boomerang"],"picked":"Ghostly Armor","floor":1},{"not_picked":["Anger","Warcry"],"picked":"Flex","floor":4},{"not_picked":["Twin Strike","Dropkick"],"picked":"Armaments","floor":7},{"not_picked":["Dropkick","Havoc"],"picked":"Battle Trance","floor":12},{"not_picked":["Reckless Charge","Warcry"],"picked":"Shrug It Off","floor":13},{"not_picked":["Dark Embrace","Wild Strike"],"picked":"Heavy Blade","floor":14},{"not_picked":["Demon Form","Barricade"],"picked":"Limit Break","floor":16},{"not_picked":["Thunderclap","Iron Wave"],"picked":"Warcry+1","floor":18},{"not_picked":["Feel No Pain","True Grit","Sever Soul+1"],"picked":"SKIP","floor":20},{"not_picked":["Pommel Strike","Iron Wave+1"],"picked":"Armaments+1","floor":28}],"player_experience":166012,"relics_obtained":[{"floor":7,"key":"Potion Belt"},{"floor":9,"key":"Bird Faced Urn"},{"floor":26,"key":"Matryoshka"}],"event_choices":[{"damage_healed":26,"gold_gain":0,"player_choice":"Banana","damage_taken":0,"max_hp_gain":0,"max_hp_loss":0,"event_name":"Big Fish","floor":2,"gold_loss":0},{"damage_healed":0,"gold_gain":0,"player_choice":"Take Damage","damage_taken":20,"relics_obtained":["Golden Idol"],"max_hp_gain":0,"max_hp_loss":0,"event_name":"Golden Idol","floor":5,"gold_loss":0},{"damage_healed":0,"gold_gain":100,"player_choice":"Bet on Murderer","damage_taken":0,"max_hp_gain":0,"max_hp_loss":0,"event_name":"The Joust","floor":19,"gold_loss":50},{"damage_healed":0,"gold_gain":0,"cards_transformed":["Juggernaut","Bludgeon"],"player_choice":"Became Test Subject","damage_taken":0,"max_hp_gain":0,"max_hp_loss":0,"event_name":"Drug Dealer","floor":22,"gold_loss":0,"cards_obtained":["Rage","Heavy Blade"]},{"damage_healed":0,"gold_gain":0,"player_choice":"Copied","damage_taken":0,"max_hp_gain":0,"max_hp_loss":0,"event_name":"Duplicator","floor":24,"gold_loss":0,"cards_obtained":["Limit Break"]}],"is_beta":false,"boss_relics":[{"not_picked":["Mark of Pain","Eternal Feather"],"picked":"Pandora\u0027s Box"}],"items_purged_floors":[3,11,21],"is_endless":false,"potions_floor_spawned":[1,13,18,20],"killed_by":"Sentry and Sphere","ascension_level":0}