{"gold_per_floor":[115,127,138,156,156,190,203,203,203,221,239,268,268,283,283,355,355,367,367,379,393,39,39,54,54,54,25,45,76,76,91,91,91],"floor_reached":33,"playtime":2867,"items_purged":["Strike_R"],"score":552,"play_id":"3c1126e2-da85-42d8-920d-2b15e350808c","local_time":"20190227225326","is_ascension_mode":true,"campfire_choices":[{"floor":8,"key":"REST"},{"floor":15,"key":"REST"},{"floor":23,"key":"REST"},{"data":"Battle Trance","floor":25,"key":"SMITH"},{"floor":30,"key":"REST"},{"floor":32,"key":"REST"}],"neow_cost":"TEN_PERCENT_HP_LOSS","seed_source_timestamp":445418014852727,"circlet_count":0,"master_deck":["AscendersBane","Strike_R","Strike_R","Strike_R","Strike_R","Defend_R","Defend_R","Defend_R","Defend_R","Bash","Battle Trance+1","Anger","Infernal Blade","Evolve","Metallicize","Metallicize","Flex+1","Reaper","Cleave","Feel No Pain","Double Tap+1","Seeing Red+1","Feed","Cleave","Metallicize","Clash+1","Armaments+1","Dark Embrace"],"relics":["Burning Blood","StoneCalendar","Smiling Mask","Toxic Egg 2","Letter Opener","Anchor","Busted Crown","Medical Kit","Peace Pipe","Matryoshka"],"potions_floor_usage":[7,10,12,28,29,29],"damage_taken":[{"damage":7,"enemies":"Cultist","floor":1,"turns":4},{"damage":5,"enemies":"Small Slimes","floor":2,"turns":4},{"damage":2,"enemies":"Jaw Worm","floor":3,"turns":5},{"damage":15,"enemies":"Gremlin Gang","floor":4,"turns":4},{"damage":30,"enemies":"3 Sentries","floor":6,"turns":7},{"damage":12,"enemies":"Large Slime","floor":7,"turns":4},{"damage":6,"enemies":"Looter","floor":10,"turns":4},{"damage":9,"enemies":"Blue Slaver","floor":11,"turns":4},{"damage":5,"enemies":"Gremlin Nob","floor":12,"turns":3},{"damage":7,"enemies":"Exordium Thugs","floor":14,"turns":4},{"damage":33,"enemies":"Hexaghost","floor":16,"turns":9},{"damage":22,"enemies":"Shell Parasite","floor":18,"turns":7},{"damage":12,"enemies":"3 Byrds","floor":20,"turns":6},{"damage":36,"enemies":"Cultist and Chosen","floor":21,"turns":7},{"damage":22,"enemies":"Centurion and Healer","floor":24,"turns":7},{"damage":25,"enemies":"Snake Plant","floor":28,"turns":7},{"damage":42,"enemies":"Slavers","floor":29,"turns":5},{"damage":49,"enemies":"Snecko","floor":31,"turns":7},{"damage":72,"enemies":"Champ","floor":33,"turns":10}],"seed_played":"1760071741911349119","potions_obtained":[{"floor":1,"key":"Poison Potion"},{"floor":3,"key":"Weak Potion"},{"floor":7,"key":"Strength Potion"},{"floor":20,"key":"Ancient Potion"},{"floor":21,"key":"Swift Potion"},{"floor":28,"key":"EssenceOfSteel"}],"is_trial":false,"path_per_floor":["M","M","M","M","?","E","M","R","T","M","M","E","?","M","R","B",null,"M","?","M","M","$","R","M","R","T","$","M","E","R","M","R","B"],"character_chosen":"IRONCLAD","items_purchased":["Medical Kit","Metallicize","Armaments+1"],"campfire_rested":5,"item_purchase_floors":[22,22,27],"current_hp_per_floor":[67,68,68,59,59,35,29,49,49,49,46,47,36,39,59,36,60,56,56,58,41,41,62,54,54,54,54,39,31,53,16,38,0],"gold":91,"neow_bonus":"ONE_RARE_RELIC","is_prod":false,"is_daily":false,"chose_seed":false,"campfire_upgraded":1,"win_rate":0,"timestamp":1551333206,"path_taken":["M","M","M","M","?","E","M","R","T","?","M","E","?","M","R","BOSS","M","?","M","M","$","R","M","R","T","$","?","E","R","M","R","BOSS"],"build_version":"2019-01-23","purchased_purges":1,"victory":false,"max_hp_per_floor":[68,68,68,68,68,68,68,68,68,68,68,68,68,68,68,68,68,68,68,68,71,71,71,71,71,71,71,71,75,75,75,75,75],"card_choices":[{"not_picked":["Dropkick","Rupture"],"picked":"Battle Trance","floor":1},{"not_picked":["Clothesline","Carnage","Twin Strike"],"picked":"SKIP","floor":2},{"not_picked":["Perfected Strike","Twin Strike"],"picked":"Anger","floor":3},{"not_picked":["Dual Wield","Havoc"],"picked":"Infernal Blade","floor":4},{"not_picked":["Anger","Dual Wield"],"picked":"Metallicize","floor":6},{"not_picked":["Hemokinesis","Twin Strike"],"picked":"Metallicize","floor":7},{"not_picked":["Shrug It Off+1","Battle Trance+1"],"picked":"Flex+1","floor":10},{"not_picked":["Twin Strike","Entrench+1"],"picked":"Reaper","floor":11},{"not_picked":["Reaper","Twin Strike"],"picked":"Cleave","floor":12},{"not_picked":["Flex+1","Twin Strike"],"picked":"Feel No Pain","floor":14},{"not_picked":["Juggernaut","Feed"],"picked":"Double Tap+1","floor":16},{"not_picked":["Anger"],"picked":"SKIP","floor":18},{"not_picked":["Sword Boomerang"],"picked":"SKIP","floor":20},{"not_picked":[],"picked":"Cleave","floor":21},{"not_picked":[],"picked":"Clash+1","floor":24},{"not_picked":[],"picked":"Dark Embrace","floor":28},{"not_picked":["Twin Strike"],"picked":"SKIP","floor":29},{"not_picked":["Sword Boomerang"],"picked":"SKIP","floor":31}],"player_experience":1287994,"relics_obtained":[{"floor":6,"key":"Smiling Mask"},{"floor":9,"key":"Toxic Egg 2"},{"floor":12,"key":"Letter Opener"},{"floor":26,"key":"Peace Pipe"},{"floor":29,"key":"Matryoshka"}],"event_choices":[{"damage_healed":0,"gold_gain":0,"player_choice":"1 cards matched","damage_taken":0,"max_hp_gain":0,"max_hp_loss":0,"event_name":"Match and Keep!","floor":5,"gold_loss":0,"cards_obtained":["Evolve"]},{"damage_healed":0,"gold_gain":0,"player_choice":"1 cards matched","damage_taken":0,"max_hp_gain":0,"max_hp_loss":0,"event_name":"Match and Keep!","floor":5,"gold_loss":0,"cards_obtained":["Evolve"]},{"damage_healed":0,"gold_gain":0,"player_choice":"Success","damage_taken":11,"relics_obtained":["Anchor"],"max_hp_gain":0,"max_hp_loss":0,"event_name":"Scrap Ooze","floor":13,"gold_loss":0},{"damage_healed":0,"gold_gain":0,"player_choice":"2 cards matched","damage_taken":0,"max_hp_gain":0,"max_hp_loss":0,"event_name":"Match and Keep!","floor":19,"gold_loss":0,"cards_obtained":["Seeing Red","Feed"]}],"is_beta":false,"boss_relics":[{"not_picked":["Eternal Feather","Snecko Eye"],"picked":"Busted Crown"}],"items_purged_floors":[22],"is_endless":false,"potions_floor_spawned":[1,3,7,20,21,28],"killed_by":"Champ","ascension_level":19}