{"gold_per_floor":[117,129,129,142,15,15,45,57,81,101,101,1,1,18,18,92,92,112,27,43,62,62,62,62,74,74,87,87,87,107,126,126,126],"floor_reached":33,"playtime":1758,"items_purged":["Strike_R","Strike_R"],"score":502,"play_id":"f907b89d-ca7a-4422-bb8f-313f3cf1c84f","local_time":"20190306235930","is_ascension_mode":true,"campfire_choices":[{"data":"Wild Strike","floor":6,"key":"SMITH"},{"data":"Inflame","floor":11,"key":"SMITH"},{"data":"True Grit","floor":13,"key":"SMITH"},{"floor":15,"key":"REST"},{"data":"Double Tap","floor":23,"key":"SMITH"},{"data":"Thunderclap","floor":28,"key":"SMITH"},{"floor":32,"key":"REST"}],"neow_cost":"TEN_PERCENT_HP_LOSS","seed_source_timestamp":918223632772,"circlet_count":0,"master_deck":["AscendersBane","Defend_R","Defend_R","Defend_R","Defend_R","Bash","Iron Wave","True Grit+1","Rage","Wild Strike+1","Shrug It Off","Inflame+1","Metallicize","Blood for Blood","Double Tap+1","Cleave","Metallicize","True Grit+1","Headbutt","Shame","J.A.X.","Cleave","Thunderclap+1","Cleave+1","Dropkick"],"relics":["Burning Blood","Centennial Puzzle","Pen Nib","Sozu","Vajra","Singing Bowl"],"potions_floor_usage":[7,7,10,16,21],"damage_taken":[{"damage":5,"enemies":"2 Louse","floor":1,"turns":4},{"damage":11,"enemies":"Jaw Worm","floor":2,"turns":5},{"damage":7,"enemies":"Small Slimes","floor":4,"turns":7},{"damage":16,"enemies":"Gremlin Nob","floor":7,"turns":4},{"damage":4,"enemies":"3 Louse","floor":8,"turns":4},{"damage":21,"enemies":"Gremlin Gang","floor":10,"turns":8},{"damage":18,"enemies":"Exordium Thugs","floor":14,"turns":5},{"damage":27,"enemies":"The Guardian","floor":16,"turns":12},{"damage":2,"enemies":"Spheric Guardian","floor":18,"turns":3},{"damage":9,"enemies":"2 Thieves","floor":20,"turns":4},{"damage":9,"enemies":"Snake Plant","floor":21,"turns":3},{"damage":2,"enemies":"Snecko","floor":25,"turns":3},{"damage":21,"enemies":"Centurion and Healer","floor":27,"turns":7},{"damage":19,"enemies":"Snake Plant","floor":30,"turns":4},{"damage":3,"enemies":"Cultist and Chosen","floor":31,"turns":2},{"damage":64,"enemies":"Collector","floor":33,"turns":6}],"seed_played":"7629295074412380736","potions_obtained":[{"floor":1,"key":"Strength Potion"},{"floor":2,"key":"Block Potion"},{"floor":8,"key":"SteroidPotion"},{"floor":10,"key":"LiquidBronze"},{"floor":16,"key":"Energy Potion"}],"is_trial":false,"path_per_floor":["M","M","?","M","$","R","E","M","T","M","R","$","R","M","R","B",null,"M","$","M","M","?","R","?","M","T","M","R","$","M","M","R","B"],"character_chosen":"IRONCLAD","items_purchased":["Wild Strike","Metallicize"],"campfire_rested":2,"item_purchase_floors":[5,19],"current_hp_per_floor":[68,63,63,62,62,62,52,54,54,39,39,39,39,27,47,26,58,62,62,59,56,56,56,56,60,60,45,45,45,32,35,55,0],"gold":126,"neow_bonus":"REMOVE_TWO","is_prod":false,"is_daily":false,"chose_seed":false,"campfire_upgraded":5,"win_rate":0,"timestamp":1551941970,"path_taken":["M","M","?","M","$","R","E","M","T","M","R","$","R","M","R","BOSS","M","$","M","M","?","R","?","M","T","M","R","$","M","M","R","BOSS"],"build_version":"2019-01-23","purchased_purges":2,"victory":false,"max_hp_per_floor":[68,68,68,68,68,68,68,68,68,68,68,68,68,68,68,68,68,68,68,68,68,68,68,68,68,68,68,68,68,68,68,68,68],"card_choices":[{"not_picked":["Warcry","Perfected Strike"],"picked":"Iron Wave","floor":1},{"not_picked":["Heavy Blade","Clothesline"],"picked":"True Grit","floor":2},{"not_picked":["Armaments","Heavy Blade"],"picked":"Rage","floor":4},{"not_picked":["Dual Wield","Perfected Strike"],"picked":"Shrug It Off","floor":7},{"not_picked":["Heavy Blade","Armaments"],"picked":"Inflame","floor":8},{"not_picked":["Armaments","Shrug It Off"],"picked":"Metallicize","floor":10},{"not_picked":["Shockwave","Seeing Red"],"picked":"Blood for Blood","floor":14},{"not_picked":["Bludgeon","Exhume"],"picked":"Double Tap","floor":16},{"not_picked":["Anger","Clothesline"],"picked":"Cleave","floor":18},{"not_picked":["Shrug It Off","Hemokinesis"],"picked":"True Grit+1","floor":20},{"not_picked":["Shrug It Off+1","Heavy Blade"],"picked":"Headbutt","floor":21},{"not_picked":["Double Tap","Burning Pact"],"picked":"Cleave","floor":25},{"not_picked":["Flex","Shrug It Off+1"],"picked":"Thunderclap","floor":27},{"not_picked":["Headbutt","True Grit+1"],"picked":"Cleave+1","floor":30},{"not_picked":["Twin Strike","Sentinel"],"picked":"Dropkick","floor":31}],"player_experience":1364302,"relics_obtained":[{"floor":7,"key":"Centennial Puzzle"},{"floor":9,"key":"Pen Nib"},{"floor":26,"key":"Singing Bowl"}],"event_choices":[{"cards_removed":["Strike_R"],"damage_healed":0,"gold_gain":0,"player_choice":"Forget","damage_taken":0,"max_hp_gain":0,"max_hp_loss":0,"event_name":"Living Wall","floor":3,"gold_loss":0},{"damage_healed":0,"gold_gain":0,"player_choice":"Stole Relic","damage_taken":0,"relics_obtained":["Vajra"],"max_hp_gain":0,"max_hp_loss":0,"event_name":"Addict","floor":22,"gold_loss":0,"cards_obtained":["Shame"]},{"damage_healed":0,"gold_gain":0,"player_choice":"Obtain J.A.X.","damage_taken":0,"max_hp_gain":0,"max_hp_loss":0,"event_name":"Drug Dealer","floor":24,"gold_loss":0,"cards_obtained":["J.A.X."]}],"is_beta":false,"boss_relics":[{"not_picked":["Black Blood","Fusion Hammer"],"picked":"Sozu"}],"items_purged_floors":[5,12],"is_endless":false,"potions_floor_spawned":[1,2,8,10,16,21,27,31],"killed_by":"Collector","ascension_level":20}