{"gold_per_floor":[114,114,124,140,154,154,154,185,185,185,185,185,196,206,206,277,277,289,305,125,125,125,125,138,138,138,438,452,452,452,467,467,542,542,556,33,33],"floor_reached":37,"playtime":2172,"items_purged":["Strike_R","Strike_R"],"score":683,"play_id":"9d0459fb-3b2c-4990-bb67-f0ffae3ff30f","local_time":"20190216232932","is_ascension_mode":true,"campfire_choices":[{"data":"Hemokinesis","floor":6,"key":"SMITH"},{"floor":10,"key":"REST"},{"floor":12,"key":"REST"},{"data":"Heavy Blade","floor":15,"key":"SMITH"},{"floor":23,"key":"RECALL"},{"floor":25,"key":"REST"},{"floor":29,"key":"REST"},{"data":"Shrug It Off","floor":32,"key":"SMITH"}],"neow_cost":"NONE","seed_source_timestamp":111023614299097,"circlet_count":0,"master_deck":["AscendersBane","Strike_R+1","Strike_R+1","Defend_R","Defend_R","Defend_R","Defend_R","Bash+1","Headbutt","Hemokinesis+1","Spot Weakness","Iron Wave+1","Bludgeon+1","Clothesline","Inflame","Shrug It Off+1","Heavy Blade+1","Berserk","Flame Barrier+1","Hemokinesis+1","Uppercut+1","Writhe","Ghostly","Ghostly","Ghostly","Inflame","Limit Break","True Grit","Rupture"],"relics":["Burning Blood","Juzu Bracelet","Gambling Chip","Mark of Pain","Whetstone","Old Coin","Sozu","Ice Cream"],"potions_floor_usage":[5,16,18,19,20,24,33,33],"damage_taken":[{"damage":2,"enemies":"2 Louse","floor":1,"turns":3},{"damage":1,"enemies":"Cultist","floor":3,"turns":3},{"damage":9,"enemies":"Jaw Worm","floor":4,"turns":4},{"damage":11,"enemies":"2 Fungi Beasts","floor":5,"turns":4},{"damage":37,"enemies":"Lagavulin","floor":8,"turns":4},{"damage":10,"enemies":"Blue Slaver","floor":13,"turns":2},{"damage":11,"enemies":"3 Louse","floor":14,"turns":4},{"damage":35,"enemies":"The Guardian","floor":16,"turns":9},{"damage":19,"enemies":"2 Thieves","floor":18,"turns":3},{"damage":31,"enemies":"Shell Parasite","floor":19,"turns":5},{"damage":18,"enemies":"3 Cultists","floor":24,"turns":4},{"damage":32,"enemies":"Sentry and Sphere","floor":28,"turns":4},{"damage":4,"enemies":"Shelled Parasite and Fungi","floor":31,"turns":4},{"damage":19,"enemies":"Champ","floor":33,"turns":12},{"damage":9,"enemies":"3 Shapes","floor":35,"turns":6},{"damage":46,"enemies":"2 Orb Walkers","floor":37,"turns":3}],"seed_played":"-4579452284948605390","potions_obtained":[{"floor":4,"key":"Ancient Potion"},{"floor":8,"key":"LiquidBronze"},{"floor":14,"key":"Poison Potion"},{"floor":16,"key":"Regen Potion"},{"floor":19,"key":"Strength Potion"},{"floor":21,"key":"PowerPotion"},{"floor":28,"key":"Weak Potion"}],"is_trial":false,"path_per_floor":["M","?","M","M","M","R","?","E","T","R","?","R","M","M","R","B",null,"M","M","$","?","?","R","M","R","T","?","M","R","?","M","R","B",null,"M","$","?"],"character_chosen":"IRONCLAD","items_purchased":["Fruit Juice","Rupture","Ice Cream"],"campfire_rested":4,"item_purchase_floors":[20,36,36],"current_hp_per_floor":[72,49,54,51,46,46,46,15,15,37,37,59,55,50,50,21,62,49,38,43,43,43,43,31,55,55,55,29,53,40,40,40,27,37,34,34,0],"gold":33,"neow_bonus":"RANDOM_COMMON_RELIC","is_prod":false,"is_daily":false,"chose_seed":false,"campfire_upgraded":3,"win_rate":0,"timestamp":1550384972,"path_taken":["M","?","M","M","M","R","?","E","T","R","?","R","M","M","R","BOSS","M","M","$","?","?","R","M","R","T","?","M","R","?","M","R","BOSS","M","$","?"],"build_version":"2019-01-23","purchased_purges":2,"victory":false,"max_hp_per_floor":[75,75,75,75,75,75,75,75,75,75,75,75,75,75,75,75,75,75,75,80,80,80,80,80,80,80,80,80,80,40,40,40,40,40,40,40,40],"card_choices":[{"not_picked":["Wild Strike","Clash"],"picked":"Headbutt","floor":1},{"not_picked":["Twin Strike","Perfected Strike"],"picked":"Hemokinesis","floor":3},{"not_picked":["Thunderclap","Pummel"],"picked":"Spot Weakness","floor":4},{"not_picked":["Twin Strike","Shrug It Off"],"picked":"Iron Wave","floor":5},{"not_picked":["Wild Strike","Fire Breathing"],"picked":"Inflame","floor":8},{"not_picked":["Sentinel","Second Wind"],"picked":"Shrug It Off","floor":13},{"not_picked":["Second Wind","Shrug It Off"],"picked":"Heavy Blade","floor":14},{"not_picked":["Juggernaut","Double Tap"],"picked":"Berserk","floor":16},{"not_picked":["True Grit","Armaments"],"picked":"Flame Barrier+1","floor":18},{"not_picked":["Sword Boomerang","Searing Blow"],"picked":"Hemokinesis+1","floor":19},{"not_picked":["Twin Strike","Pommel Strike"],"picked":"Uppercut+1","floor":24},{"not_picked":["Sword Boomerang","Anger","Heavy Blade+1"],"picked":"SKIP","floor":28},{"not_picked":["Hemokinesis","Heavy Blade"],"picked":"Inflame","floor":31},{"not_picked":["Impervious","Reaper"],"picked":"Limit Break","floor":33},{"not_picked":["Cleave","Dual Wield+1"],"picked":"True Grit","floor":35}],"player_experience":1120541,"relics_obtained":[{"floor":8,"key":"Gambling Chip"},{"floor":26,"key":"Whetstone"}],"event_choices":[{"damage_healed":0,"gold_gain":0,"player_choice":"Entered Light","damage_taken":23,"max_hp_gain":0,"max_hp_loss":0,"event_name":"Shining Light","floor":2,"gold_loss":0,"cards_upgraded":["Strike_R","Bash"]},{"damage_healed":0,"gold_gain":0,"player_choice":"2 cards matched","damage_taken":0,"max_hp_gain":0,"max_hp_loss":0,"event_name":"Match and Keep!","floor":7,"gold_loss":0,"cards_obtained":["Bludgeon","Clothesline"]},{"cards_removed":["Strike_R"],"damage_healed":0,"gold_gain":0,"player_choice":"Offered Basic","damage_taken":0,"max_hp_gain":0,"max_hp_loss":0,"event_name":"Bonfire Elementals","floor":11,"gold_loss":0},{"damage_healed":0,"gold_gain":0,"player_choice":"Got Potions","damage_taken":0,"max_hp_gain":0,"max_hp_loss":0,"event_name":"Lab","floor":21,"gold_loss":0},{"damage_healed":0,"gold_gain":0,"player_choice":"Upgraded","damage_taken":0,"max_hp_gain":0,"max_hp_loss":0,"event_name":"Upgrade Shrine","floor":22,"gold_loss":0,"cards_upgraded":["Iron Wave"]},{"damage_healed":0,"gold_gain":0,"player_choice":"Opened","damage_taken":0,"relics_obtained":["Old Coin"],"max_hp_gain":0,"max_hp_loss":0,"event_name":"The Mausoleum","floor":27,"gold_loss":0,"cards_obtained":["Writhe"]},{"damage_healed":0,"gold_gain":0,"player_choice":"Became a Ghost","damage_taken":0,"max_hp_gain":0,"max_hp_loss":40,"event_name":"Ghosts","floor":30,"gold_loss":0,"cards_obtained":["Ghostly","Ghostly","Ghostly"]},{"damage_healed":0,"gold_gain":0,"player_choice":"Fight","damage_taken":0,"max_hp_gain":0,"max_hp_loss":0,"event_name":"Mysterious Sphere","floor":37,"gold_loss":0}],"is_beta":false,"boss_relics":[{"not_picked":["Ectoplasm","Runic Cube"],"picked":"Mark of Pain"},{"not_picked":["Black Star","Velvet Choker"],"picked":"Sozu"}],"items_purged_floors":[20,36],"is_endless":false,"potions_floor_spawned":[4,8,14,16,19,28,35],"killed_by":"2 Orb Walkers","ascension_level":17}