{"gold_per_floor":[118,43,57,57,82,94,89,101,113,125,156,168,180,213,225,326,338,371,383,410,443,455],"floor_reached":22,"playtime":1137,"items_purged":["Strike_B"],"score":312,"play_id":"990cde40-5e3e-4515-bace-b4be579c6677","local_time":"20190207230728","is_ascension_mode":true,"campfire_choices":[{"data":"Zap","floor":6,"key":"SMITH"},{"data":"Dualcast","floor":8,"key":"SMITH"},{"data":"Chill","floor":10,"key":"SMITH"},{"data":"Beam Cell","floor":15,"key":"SMITH"}],"neow_cost":"NONE","seed_source_timestamp":1743532723378557,"circlet_count":0,"master_deck":["AscendersBane","Strike_B","Strike_B","Defend_B","Defend_B","Defend_B","Defend_B","Zap+1","Dualcast+1","Chill+1","Core Surge","Regret","Skim","Beam Cell+1","Scrape+1","Conserve Battery","Buffer+1","White Noise","Sweeping Beam"],"relics":["Cracked Core","MawBank","Cables","Golden Idol","Cursed Key"],"potions_floor_usage":[7,16,16,21],"damage_taken":[{"damage":0,"enemies":"Cultist","floor":1,"turns":4},{"damage":0,"enemies":"2 Louse","floor":3,"turns":3},{"damage":4,"enemies":"Small Slimes","floor":5,"turns":2},{"damage":27,"enemies":"Exordium Thugs","floor":7,"turns":5},{"damage":2,"enemies":"2 Fungi Beasts","floor":11,"turns":4},{"damage":5,"enemies":"Red Slaver","floor":14,"turns":2},{"damage":29,"enemies":"Hexaghost","floor":16,"turns":8},{"damage":25,"enemies":"Shell Parasite","floor":18,"turns":5},{"damage":7,"enemies":"Spheric Guardian","floor":20,"turns":5},{"damage":10,"enemies":"Snake Plant","floor":21,"turns":4},{"damage":25,"enemies":"Snecko","floor":22,"turns":4}],"seed_played":"-7210052661188587440","potions_obtained":[{"floor":1,"key":"Regen Potion"},{"floor":7,"key":"Energy Potion"},{"floor":14,"key":"Strength Potion"},{"floor":16,"key":"PowerPotion"},{"floor":18,"key":"EssenceOfSteel"}],"is_trial":false,"path_per_floor":["M","$","M","?","M","R","M","R","T","R","M","?","?","M","R","B",null,"M","?","M","M","M"],"character_chosen":"DEFECT","items_purchased":[],"campfire_rested":0,"item_purchase_floors":[],"current_hp_per_floor":[64,64,64,64,60,60,47,47,47,47,45,45,45,40,40,11,51,26,26,19,9,0],"gold":455,"neow_bonus":"REMOVE_CARD","is_prod":false,"is_daily":false,"chose_seed":false,"campfire_upgraded":4,"win_rate":0,"timestamp":1549606048,"path_taken":["M","$","?","?","M","R","M","R","T","R","M","?","?","?","R","BOSS","M","?","M","M","M"],"build_version":"2019-01-23","purchased_purges":1,"victory":false,"max_hp_per_floor":[71,71,71,71,71,71,71,71,71,71,71,64,64,64,64,64,64,64,64,64,64,64],"card_choices":[{"not_picked":["Coolheaded","Gash"],"picked":"Chill","floor":1},{"not_picked":["Barrage","Conserve Battery"],"picked":"Core Surge","floor":3},{"not_picked":["Coolheaded","Force Field"],"picked":"Skim","floor":5},{"not_picked":["Turbo","Hologram"],"picked":"Beam Cell","floor":7},{"not_picked":["Reinforced Body","Static Discharge"],"picked":"Scrape","floor":11},{"not_picked":["Stack","Chill"],"picked":"Conserve Battery","floor":14},{"not_picked":["Meteor Strike","Echo Form"],"picked":"Buffer","floor":16},{"not_picked":["Chaos","Steam"],"picked":"White Noise","floor":18},{"not_picked":["Turbo","Coolheaded"],"picked":"Sweeping Beam","floor":20},{"not_picked":["Rebound","Sweeping Beam","Streamline"],"picked":"SKIP","floor":21}],"player_experience":996153,"relics_obtained":[{"floor":9,"key":"Cables"}],"event_choices":[{"damage_healed":0,"gold_gain":0,"player_choice":"Box","damage_taken":0,"relics_obtained":["MawBank"],"max_hp_gain":0,"max_hp_loss":0,"event_name":"Big Fish","floor":4,"gold_loss":0,"cards_obtained":["Regret"]},{"damage_healed":0,"gold_gain":0,"player_choice":"Lose Max HP","damage_taken":0,"relics_obtained":["Golden Idol"],"max_hp_gain":0,"max_hp_loss":7,"event_name":"Golden Idol","floor":12,"gold_loss":0},{"damage_healed":0,"gold_gain":0,"player_choice":"Upgraded","damage_taken":0,"max_hp_gain":0,"max_hp_loss":0,"event_name":"Upgrade Shrine","floor":13,"gold_loss":0,"cards_upgraded":["Scrape"]},{"damage_healed":0,"gold_gain":0,"player_choice":"Upgraded","damage_taken":0,"max_hp_gain":0,"max_hp_loss":0,"event_name":"Upgrade Shrine","floor":19,"gold_loss":0,"cards_upgraded":["Buffer"]}],"is_beta":false,"boss_relics":[{"not_picked":["Runic Dome","Velvet Choker"],"picked":"Cursed Key"}],"items_purged_floors":[2],"is_endless":false,"potions_floor_spawned":[1,7,14,16,18,20],"killed_by":"Snecko","ascension_level":15}