{"gold_per_floor":[109,127,127,142,154,154,189,189,213,213,241,221,254,271,271,347,347,362,29,42,52,52],"floor_reached":22,"playtime":1658,"items_purged":["Strike_R"],"score":412,"play_id":"140c66ee-7f78-4404-9eb1-44d26173699f","local_time":"20190306101640","is_ascension_mode":true,"campfire_choices":[{"floor":6,"key":"REST"},{"data":"Discovery","floor":8,"key":"SMITH"},{"floor":10,"key":"REST"},{"data":"Barricade","floor":15,"key":"SMITH"}],"neow_cost":"PERCENT_DAMAGE","seed_source_timestamp":406365489693623,"circlet_count":0,"master_deck":["AscendersBane","Defend_R","Defend_R","Defend_R","Defend_R","Bash","Trip","Discovery+1","Clash","Feel No Pain","Inflame","Thunderclap","Barricade+1","Feed","Thunderclap","Iron Wave","Dark Embrace","Cleave+1","Dropkick+1","Dual Wield+1","Iron Wave","Feel No Pain","Flex","Shockwave"],"relics":["Burning Blood","Strawberry","Pen Nib","Centennial Puzzle","StoneCalendar","Astrolabe","Anchor"],"potions_floor_usage":[11,13,14,16,16,22,22],"damage_taken":[{"damage":7,"enemies":"Small Slimes","floor":1,"turns":3},{"damage":0,"enemies":"Cultist","floor":2,"turns":2},{"damage":9,"enemies":"2 Louse","floor":4,"turns":3},{"damage":16,"enemies":"Gremlin Gang","floor":5,"turns":5},{"damage":21,"enemies":"3 Sentries","floor":7,"turns":11},{"damage":4,"enemies":"Lagavulin","floor":11,"turns":6},{"damage":23,"enemies":"Gremlin Nob","floor":13,"turns":4},{"damage":11,"enemies":"3 Louse","floor":14,"turns":3},{"damage":49,"enemies":"Slime Boss","floor":16,"turns":6},{"damage":12,"enemies":"Chosen","floor":18,"turns":5},{"damage":33,"enemies":"Shell Parasite","floor":20,"turns":6},{"damage":23,"enemies":"Chosen and Byrds","floor":21,"turns":7},{"damage":38,"enemies":"Snecko","floor":22,"turns":6}],"seed_played":"-2021288650229510891","potions_obtained":[{"floor":4,"key":"Poison Potion"},{"floor":11,"key":"FearPotion"},{"floor":12,"key":"BloodPotion"},{"floor":13,"key":"GamblersBrew"},{"floor":14,"key":"SkillPotion"},{"floor":20,"key":"SteroidPotion"},{"floor":21,"key":"Energy Potion"}],"is_trial":false,"path_per_floor":["M","M","?","M","M","R","E","R","T","R","E","?","E","M","R","B",null,"M","$","M","M","M"],"character_chosen":"IRONCLAD","items_purchased":["Anchor","Feel No Pain"],"campfire_rested":2,"item_purchase_floors":[19,19],"current_hp_per_floor":[49,55,55,52,42,64,56,56,56,80,82,82,65,71,71,28,71,65,65,41,27,0],"gold":52,"neow_bonus":"RANDOM_COLORLESS_2","is_prod":false,"is_daily":false,"chose_seed":false,"campfire_upgraded":2,"win_rate":0,"timestamp":1551892600,"path_taken":["M","M","?","M","?","R","E","R","T","R","E","?","E","M","R","BOSS","M","$","M","M","M"],"build_version":"2019-01-23","purchased_purges":1,"victory":false,"max_hp_per_floor":[75,75,75,75,75,75,82,82,82,82,82,82,82,85,85,85,85,85,85,88,91,91],"card_choices":[{"not_picked":["Seeing Red","Anger"],"picked":"Clash","floor":1},{"not_picked":["Burning Pact","Dropkick"],"picked":"Feel No Pain","floor":2},{"not_picked":["Warcry","Iron Wave"],"picked":"Inflame","floor":4},{"not_picked":["Limit Break","Havoc"],"picked":"Thunderclap","floor":5},{"not_picked":["Intimidate","Power Through"],"picked":"Barricade","floor":7},{"not_picked":["Anger","Bloodletting"],"picked":"Feed","floor":11},{"not_picked":["Sword Boomerang","Sentinel"],"picked":"Thunderclap","floor":13},{"not_picked":["Searing Blow","Havoc"],"picked":"Iron Wave","floor":14},{"not_picked":["Berserk","Brutality"],"picked":"Dark Embrace","floor":16},{"not_picked":["Rupture","Wild Strike+1"],"picked":"Iron Wave","floor":18},{"not_picked":["Iron Wave","Clothesline"],"picked":"Flex","floor":20},{"not_picked":["Searing Blow","Twin Strike"],"picked":"Shockwave","floor":21}],"player_experience":1351430,"relics_obtained":[{"floor":7,"key":"Strawberry"},{"floor":9,"key":"Pen Nib"},{"floor":11,"key":"Centennial Puzzle"},{"floor":13,"key":"StoneCalendar"}],"event_choices":[{"cards_removed":["Strike_R"],"damage_healed":0,"gold_gain":0,"player_choice":"Purged","damage_taken":0,"max_hp_gain":0,"max_hp_loss":0,"event_name":"Purifier","floor":3,"gold_loss":0},{"damage_healed":0,"gold_gain":0,"player_choice":"Bought 1 Potion","damage_taken":0,"max_hp_gain":0,"max_hp_loss":0,"event_name":"The Woman in Blue","floor":12,"gold_loss":0}],"is_beta":false,"boss_relics":[{"not_picked":["Runic Pyramid","Velvet Choker"],"picked":"Astrolabe"}],"items_purged_floors":[19],"is_endless":false,"potions_floor_spawned":[4,11,13,14,20,21],"killed_by":"Snecko","ascension_level":20}