{"gold_per_floor":[109,0,16,33,33,61,61,61,61,61,77,77,96,113,113,186,186,197,197,212,212],"floor_reached":21,"playtime":972,"items_purged":["Strike_B"],"score":317,"play_id":"96136f00-42f9-4d31-81c9-246cc4c1bafe","local_time":"20190208215540","is_ascension_mode":true,"campfire_choices":[{"floor":8,"key":"REST"},{"data":"1","floor":10,"key":"LIFT"},{"data":"2","floor":12,"key":"LIFT"},{"data":"3","floor":15,"key":"LIFT"}],"neow_cost":"NONE","seed_source_timestamp":1825793974989315,"circlet_count":0,"master_deck":["AscendersBane","Strike_B","Strike_B","Strike_B","Defend_B","Defend_B","Defend_B","Defend_B","Zap","Dualcast","Auto Shields","Loop","Static Discharge+1","Self Repair","Compile Driver","Thunder Strike","Hologram","Ball Lightning","Amplify","Cold Snap"],"relics":["Cracked Core","NeowsBlessing","Girya","Bronze Scales","Symbiotic Virus","Gremlin Horn","Eternal Feather"],"potions_floor_usage":[6,20,21],"damage_taken":[{"damage":0,"enemies":"Cultist","floor":1,"turns":1},{"damage":0,"enemies":"Jaw Worm","floor":3,"turns":1},{"damage":0,"enemies":"2 Louse","floor":4,"turns":1},{"damage":43,"enemies":"Lagavulin","floor":6,"turns":7},{"damage":14,"enemies":"Red Slaver","floor":11,"turns":3},{"damage":6,"enemies":"Looter","floor":13,"turns":3},{"damage":8,"enemies":"3 Louse","floor":14,"turns":2},{"damage":26,"enemies":"The Guardian","floor":16,"turns":8},{"damage":33,"enemies":"2 Thieves","floor":18,"turns":3},{"damage":10,"enemies":"Chosen","floor":20,"turns":4},{"damage":29,"enemies":"3 Cultists","floor":21,"turns":4}],"seed_played":"1802046227871949271","potions_obtained":[{"floor":1,"key":"FearPotion"},{"floor":4,"key":"LiquidBronze"},{"floor":6,"key":"SteroidPotion"},{"floor":20,"key":"Strength Potion"}],"is_trial":false,"path_per_floor":["M","$","M","M","?","E","T","R","T","R","M","R","M","M","R","B",null,"M","?","M","M"],"character_chosen":"DEFECT","items_purchased":["Loop"],"campfire_rested":1,"item_purchase_floors":[2],"current_hp_per_floor":[64,64,64,64,59,23,23,44,44,44,37,37,38,37,37,18,58,25,25,29,0],"gold":212,"neow_bonus":"THREE_ENEMY_KILL","is_prod":false,"is_daily":false,"chose_seed":false,"campfire_upgraded":0,"win_rate":0,"timestamp":1549688140,"path_taken":["M","$","M","M","?","E","?","R","T","R","?","R","M","M","R","BOSS","M","?","M","M"],"build_version":"2019-01-23","purchased_purges":1,"victory":false,"max_hp_per_floor":[71,71,71,71,71,71,71,71,71,71,71,71,71,71,71,71,71,71,71,71,71],"card_choices":[{"not_picked":["Blizzard","FTL"],"picked":"Auto Shields","floor":1},{"not_picked":["Conserve Battery","Chaos"],"picked":"Static Discharge","floor":3},{"not_picked":["Turbo","Rebound"],"picked":"Self Repair","floor":4},{"not_picked":["Coolheaded","Fusion"],"picked":"Compile Driver","floor":6},{"not_picked":["Stack","Hologram"],"picked":"Thunder Strike","floor":11},{"not_picked":["Blizzard","Rebound"],"picked":"Hologram","floor":13},{"not_picked":["Turbo","Undo"],"picked":"Ball Lightning","floor":14},{"not_picked":["Hyperbeam","Reboot"],"picked":"Amplify","floor":16},{"not_picked":["Reprogram","Scrape"],"picked":"Cold Snap","floor":18},{"not_picked":["Lockon","Leap","Compile Driver"],"picked":"SKIP","floor":20}],"player_experience":1011274,"relics_obtained":[{"floor":6,"key":"Bronze Scales"},{"floor":7,"key":"Symbiotic Virus"},{"floor":9,"key":"Gremlin Horn"}],"event_choices":[{"damage_healed":0,"gold_gain":0,"player_choice":"Success","damage_taken":5,"relics_obtained":["Girya"],"max_hp_gain":0,"max_hp_loss":0,"event_name":"Scrap Ooze","floor":5,"gold_loss":0},{"damage_healed":0,"gold_gain":0,"player_choice":"Upgraded","damage_taken":0,"max_hp_gain":0,"max_hp_loss":0,"event_name":"Upgrade Shrine","floor":19,"gold_loss":0,"cards_upgraded":["Static Discharge"]}],"is_beta":false,"boss_relics":[{"not_picked":["FrozenCore","Tiny House"],"picked":"Eternal Feather"}],"items_purged_floors":[2],"is_endless":false,"potions_floor_spawned":[1,4,6,11,20],"killed_by":"3 Cultists","ascension_level":15}