{"gold_per_floor":[366,10,285,13,13,13,78,89,89,89,109,109,184,203,203,300,300,318,24,24],"floor_reached":20,"playtime":1164,"items_purged":["Strike_R","Regret"],"score":440,"play_id":"a6cfecd7-6f09-4e42-9ae2-6d70d8e8f9a9","local_time":"20190302091248","is_ascension_mode":true,"campfire_choices":[{"data":"Magnetism","floor":6,"key":"SMITH"},{"floor":10,"key":"REST"},{"data":"Feel No Pain","floor":15,"key":"SMITH"}],"neow_cost":"TEN_PERCENT_HP_LOSS","seed_source_timestamp":57415777446533,"circlet_count":0,"master_deck":["AscendersBane","Strike_R","Strike_R","Strike_R","Strike_R","Defend_R","Defend_R","Defend_R","Defend_R","Bash","Infernal Blade","Magnetism+1","Pain","Clash","Corruption","Feel No Pain+1","Demon Form","Shrug It Off","Feel No Pain"],"relics":["Burning Blood","Membership Card","Matryoshka","Regal Pillow","WarpedTongs","Bag of Preparation","Gremlin Horn","Pantograph","Vajra","Philosopher\u0027s Stone","Bird Faced Urn","Strawberry"],"potions_floor_usage":[7,16,16],"damage_taken":[{"damage":14,"enemies":"Jaw Worm","floor":1,"turns":4},{"damage":33,"enemies":"3 Sentries","floor":7,"turns":8},{"damage":2,"enemies":"Cultist","floor":8,"turns":2},{"damage":6,"enemies":"Small Slimes","floor":11,"turns":3},{"damage":21,"enemies":"Looter","floor":14,"turns":3},{"damage":6,"enemies":"Slime Boss","floor":16,"turns":6},{"damage":38,"enemies":"Chosen","floor":18,"turns":5},{"damage":66,"enemies":"Masked Bandits","floor":20,"turns":5}],"seed_played":"-1588144876310003905","potions_obtained":[{"floor":7,"key":"Fruit Juice"},{"floor":8,"key":"SteroidPotion"},{"floor":11,"key":"EssenceOfSteel"},{"floor":18,"key":"FairyPotion"}],"is_trial":false,"path_per_floor":["M","$","?","$","?","R","E","M","T","R","M","?","?","M","R","B",null,"M","$","?"],"character_chosen":"IRONCLAD","items_purchased":["Membership Card","Magnetism","Matryoshka","Regal Pillow","Bird Faced Urn","Feel No Pain","Strawberry"],"campfire_rested":1,"item_purchase_floors":[2,2,4,4,19,19,19],"current_hp_per_floor":[60,60,60,60,60,60,38,42,42,73,73,55,44,29,29,54,68,36,43,0],"gold":24,"neow_bonus":"TWO_FIFTY_GOLD","is_prod":false,"is_daily":false,"chose_seed":false,"campfire_upgraded":2,"win_rate":0,"timestamp":1551543168,"path_taken":["M","$","?","?","?","R","E","?","T","R","M","?","?","M","R","BOSS","M","$","?"],"build_version":"2019-01-23","purchased_purges":2,"victory":false,"max_hp_per_floor":[68,68,68,68,68,68,73,73,73,73,73,73,73,73,73,73,73,73,80,80],"card_choices":[{"not_picked":["Heavy Blade","Anger"],"picked":"Infernal Blade","floor":1},{"not_picked":["Armaments","Entrench"],"picked":"Clash","floor":7},{"not_picked":["Warcry","Infernal Blade"],"picked":"Corruption","floor":8},{"not_picked":["Anger","Bloodletting","Armaments"],"picked":"SKIP","floor":11},{"not_picked":["Hemokinesis","Flex"],"picked":"Feel No Pain","floor":14},{"not_picked":["Reaper","Berserk"],"picked":"Demon Form","floor":16},{"not_picked":["Rupture","Entrench"],"picked":"Shrug It Off","floor":18}],"player_experience":1315226,"relics_obtained":[{"floor":7,"key":"Bag of Preparation"},{"floor":9,"key":"Gremlin Horn"},{"floor":9,"key":"Pantograph"}],"event_choices":[{"damage_healed":0,"gold_gain":275,"player_choice":"Desecrate","damage_taken":0,"max_hp_gain":0,"max_hp_loss":0,"event_name":"Golden Shrine","floor":3,"gold_loss":0,"cards_obtained":["Regret"]},{"damage_healed":0,"gold_gain":0,"player_choice":"Rummage","damage_taken":0,"relics_obtained":["WarpedTongs"],"max_hp_gain":0,"max_hp_loss":0,"event_name":"Accursed Blacksmith","floor":5,"gold_loss":0,"cards_obtained":["Pain"]},{"damage_healed":0,"gold_gain":0,"player_choice":"Success","damage_taken":18,"relics_obtained":["Vajra"],"max_hp_gain":0,"max_hp_loss":0,"event_name":"Scrap Ooze","floor":12,"gold_loss":0},{"damage_healed":0,"gold_gain":75,"player_choice":"Gather Gold","damage_taken":11,"max_hp_gain":0,"max_hp_loss":0,"event_name":"World of Goop","floor":13,"gold_loss":0},{"damage_healed":0,"gold_gain":0,"player_choice":"Fought Bandits","damage_taken":0,"max_hp_gain":0,"max_hp_loss":0,"event_name":"Masked Bandits","floor":20,"gold_loss":0}],"is_beta":false,"boss_relics":[{"not_picked":["Lizard Tail","Snecko Eye"],"picked":"Philosopher\u0027s Stone"}],"items_purged_floors":[2,4],"is_endless":false,"potions_floor_spawned":[7,8,11,18],"killed_by":"Masked Bandits","ascension_level":20}