{"gold_per_floor":[113,128,139,289,305,305,340,340,340,372,372,385,385],"floor_reached":13,"playtime":644,"items_purged":[],"score":176,"play_id":"77342d01-fabc-40bc-aaeb-29dc9a05bba4","local_time":"20190216223934","is_ascension_mode":true,"campfire_choices":[{"floor":6,"key":"RECALL"},{"data":"Fiend Fire","floor":8,"key":"SMITH"},{"data":"Searing Blow","floor":11,"key":"SMITH"}],"neow_cost":"NONE","seed_source_timestamp":109555267114533,"circlet_count":0,"master_deck":["AscendersBane","Strike_R","Strike_R","Strike_R","Strike_R","Strike_R","Defend_R","Defend_R","Defend_R","Defend_R","Bash","Fiend Fire+1","Iron Wave","Dropkick","Doubt","Headbutt","Metallicize","Searing Blow+1","Thunderclap"],"relics":["Burning Blood","Shuriken","Mummified Hand","Kunai"],"potions_floor_usage":[7,10],"damage_taken":[{"damage":1,"enemies":"Cultist","floor":1,"turns":3},{"damage":0,"enemies":"Small Slimes","floor":2,"turns":4},{"damage":11,"enemies":"Jaw Worm","floor":3,"turns":4},{"damage":3,"enemies":"3 Louse","floor":5,"turns":5},{"damage":25,"enemies":"3 Sentries","floor":7,"turns":8},{"damage":30,"enemies":"Lagavulin","floor":10,"turns":4},{"damage":16,"enemies":"Looter","floor":12,"turns":3},{"damage":26,"enemies":"The Mushroom Lair","floor":13,"turns":2}],"seed_played":"5953694068748520447","potions_obtained":[{"floor":2,"key":"Energy Potion"},{"floor":3,"key":"FearPotion"},{"floor":5,"key":"Strength Potion"}],"is_trial":false,"path_per_floor":["M","M","M","?","M","R","E","R","T","E","R","M","?"],"character_chosen":"IRONCLAD","items_purchased":[],"campfire_rested":0,"item_purchase_floors":[],"current_hp_per_floor":[73,75,70,70,73,73,54,54,54,30,30,20,0],"gold":385,"neow_bonus":"ONE_RANDOM_RARE_CARD","is_prod":false,"is_daily":false,"chose_seed":false,"campfire_upgraded":2,"win_rate":0,"timestamp":1550381974,"path_taken":["M","M","M","?","M","R","E","R","T","E","R","M","?"],"build_version":"2019-01-23","purchased_purges":0,"victory":false,"max_hp_per_floor":[75,75,75,75,75,75,75,75,75,75,75,75,75],"card_choices":[{"not_picked":["Shrug It Off","Armaments"],"picked":"Iron Wave","floor":1},{"not_picked":["Rupture","Wild Strike"],"picked":"Dropkick","floor":2},{"not_picked":["Burning Pact","Double Tap","Clothesline"],"picked":"SKIP","floor":3},{"not_picked":["Wild Strike","Headbutt","Warcry"],"picked":"SKIP","floor":5},{"not_picked":["Wild Strike","Headbutt","Warcry"],"picked":"SKIP","floor":5},{"not_picked":["Wild Strike","Warcry"],"picked":"Headbutt","floor":5},{"not_picked":["Twin Strike","Wild Strike"],"picked":"Metallicize","floor":7},{"not_picked":["Reaper","Intimidate"],"picked":"Searing Blow","floor":10},{"not_picked":["Pommel Strike","Twin Strike"],"picked":"Thunderclap","floor":12}],"player_experience":1119099,"relics_obtained":[{"floor":7,"key":"Shuriken"},{"floor":9,"key":"Mummified Hand"},{"floor":10,"key":"Kunai"}],"event_choices":[{"damage_healed":0,"gold_gain":150,"player_choice":"AGREE","damage_taken":0,"max_hp_gain":0,"max_hp_loss":0,"event_name":"Liars Game","floor":4,"gold_loss":0,"cards_obtained":["Doubt"]},{"damage_healed":0,"gold_gain":0,"player_choice":"Fought Mushrooms","damage_taken":0,"max_hp_gain":0,"max_hp_loss":0,"event_name":"Mushrooms","floor":13,"gold_loss":0}],"is_beta":false,"boss_relics":[],"items_purged_floors":[],"is_endless":false,"potions_floor_spawned":[2,3,5],"killed_by":"The Mushroom Lair","ascension_level":17}