{"path_per_floor":["M","M","M","?","M","R","?","R","T","M","E","R","T","E","R","B",null,"M","?","M","$","?","R","?","E","T","R","E","?","R","M","R"],"character_chosen":"DEFECT","items_purchased":[],"gold_per_floor":[118,137,151,101,121,121,121,121,148,162,201,201,250,293,293,423,423,363,278,278,203,203,203,203,203,203,203,203,203,203,203,203,203],"floor_reached":33,"campfire_rested":6,"playtime":1489,"current_hp_per_floor":[61,47,47,47,33,33,33,53,53,52,36,56,56,16,36,36,69,41,41,30,30,14,34,34,15,15,50,31,54,54,43,69,0],"items_purged":["Strike_B"],"gold":203,"score":409,"play_id":"2edbb346-46a1-4972-9f92-2bad819f9bb7","local_time":"20180511220112","is_prod":false,"is_daily":false,"chose_seed":false,"is_ascension_mode":true,"campfire_upgraded":2,"timestamp":1526097672,"path_taken":["M","M","M","?","?","R","?","R","T","M","E","R","?","E","R","BOSS","M","?","M","$","?","R","?","E","T","R","E","?","R","M","R","BOSS"],"build_version":"2018-05-10","seed_source_timestamp":176357407841677,"purchased_purges":1,"victory":false,"master_deck":["Strike_B+1","Strike_B+1","Defend_B+1","Defend_B+1","Defend_B+1","Defend_B+1","Zap","Dualcast+1","Ball Lightning","Consume+1","Ball Lightning","Gash","Ball Lightning","Defragment+1","Echo Form","Amplify","Fission","Cold Snap","Force Field+1","Necronomicurse","Static Discharge","Self Repair+1"],"max_hp_per_floor":[75,75,75,75,75,75,69,69,69,69,69,69,69,69,69,69,69,69,69,69,69,69,69,69,69,69,69,69,69,69,69,69,69],"relics":["Cracked Core","Golden Idol","Anchor","War Paint","Oddly Smooth Stone","Bag of Marbles","Ectoplasm","Turnip","Necronomicon","Regal Pillow","Orichalcum","Dodecahedron"],"card_choices":[{"not_picked":["Cold Snap","Barrage"],"picked":"Ball Lightning","floor":0},{"not_picked":["Cold Snap","Conserve Battery"],"picked":"Consume","floor":1},{"not_picked":["Auto Shields","Coolheaded"],"picked":"Ball Lightning","floor":2},{"not_picked":["Beam Cell","Rebound"],"picked":"Gash","floor":3},{"not_picked":["Skim","Leap"],"picked":"Ball Lightning","floor":5},{"not_picked":["Skim","Darkness"],"picked":"Defragment","floor":10},{"not_picked":["Aggregate","Go for the Eyes"],"picked":"Echo Form","floor":11},{"not_picked":["Coolheaded","Capacitor"],"picked":"Amplify","floor":14},{"not_picked":["All For One","Nova"],"picked":"Fission","floor":16},{"not_picked":["Steam","Impulse"],"picked":"Cold Snap","floor":18},{"not_picked":["Ball Lightning","Steam"],"picked":"Force Field","floor":20},{"not_picked":["Lockon","Streamline"],"picked":"Static Discharge","floor":25},{"not_picked":["Beam Cell","Genetic Algorithm"],"picked":"Self Repair","floor":28}],"player_experience":94725,"potions_floor_usage":[11,16,25,25,31,33],"damage_taken":[{"damage":14,"enemies":"2 Louse","floor":1,"turns":2},{"damage":14,"enemies":"Small Slimes","floor":2,"turns":2},{"damage":0,"enemies":"Cultist","floor":3,"turns":2},{"damage":14,"enemies":"Exordium Thugs","floor":5,"turns":3},{"damage":1,"enemies":"Looter","floor":10,"turns":2},{"damage":16,"enemies":"Gremlin Nob","floor":11,"turns":3},{"damage":40,"enemies":"Lagavulin","floor":14,"turns":4},{"damage":0,"enemies":"Slime Boss","floor":16,"turns":5},{"damage":28,"enemies":"2 Thieves","floor":18,"turns":3},{"damage":11,"enemies":"Spheric Guardian","floor":20,"turns":3},{"damage":19,"enemies":"Gremlin Leader","floor":25,"turns":6},{"damage":19,"enemies":"Book of Stabbing","floor":28,"turns":5},{"damage":11,"enemies":"Centurion and Healer","floor":31,"turns":3},{"damage":74,"enemies":"Automaton","floor":33,"turns":6}],"event_choices":[{"event_name":"The Cleric","player_choice":"Card Removal","floor":4,"damage_taken":0},{"event_name":"Golden Idol","player_choice":"Lose Max HP","floor":7,"damage_taken":0},{"event_name":"Addict","player_choice":"Obtained Relic","floor":19,"damage_taken":0},{"event_name":"Cursed Tome","player_choice":"Obtained Book","floor":22,"damage_taken":0},{"event_name":"Back to Basics","player_choice":"Simplicity","floor":24,"damage_taken":0},{"event_name":"The Library","player_choice":"Heal","floor":29,"damage_taken":0}],"boss_relics":[{"not_picked":["Eternal Feather","Inserter"],"picked":"Ectoplasm"}],"potions_floor_spawned":[2,5,11,16,20,25,28],"seed_played":"-1890707582874933106","killed_by":"Automaton","ascension_level":4,"is_trial":false}