{"gold_per_floor":[109,34,34,49,72,95,95,95,121,3,24,90,90,114,114,208,208,226,251,269,0,50,50,50,50,50,50],"floor_reached":27,"playtime":1168,"items_purged":["Doubt"],"score":373,"play_id":"58967431-f9a6-4bbf-b22e-fe7bf9c96239","local_time":"20190313230742","is_ascension_mode":true,"campfire_choices":[{"data":"Self Repair","floor":7,"key":"SMITH"},{"data":"Defragment","floor":13,"key":"SMITH"},{"data":"Dualcast","floor":15,"key":"SMITH"},{"data":"Coolheaded","floor":23,"key":"SMITH"},{"data":"Zap","floor":25,"key":"SMITH"}],"neow_cost":"CURSE","seed_source_timestamp":539720211230,"circlet_count":0,"master_deck":["AscendersBane","Strike_B","Strike_B","Defend_B","Defend_B","Defend_B","Defend_B+1","Zap+1","Dualcast+1","Ball Lightning","Self Repair+1","Conserve Battery","Coolheaded+1","Defragment+1","Force Field+1","Ball Lightning","Core Surge","Capacitor","Steam"],"relics":["Cracked Core","Golden Idol","Strawberry","Tiny Chest","Coffee Dripper","War Paint"],"potions_floor_usage":[12,12,19],"damage_taken":[{"damage":6,"enemies":"2 Louse","floor":1,"turns":2},{"damage":16,"enemies":"Small Slimes","floor":4,"turns":3},{"damage":0,"enemies":"Cultist","floor":5,"turns":2},{"damage":4,"enemies":"Large Slime","floor":6,"turns":5},{"damage":19,"enemies":"3 Louse","floor":11,"turns":3},{"damage":7,"enemies":"Gremlin Nob","floor":12,"turns":3},{"damage":9,"enemies":"Red Slaver","floor":14,"turns":4},{"damage":26,"enemies":"Hexaghost","floor":16,"turns":9},{"damage":12,"enemies":"3 Byrds","floor":18,"turns":4},{"damage":24,"enemies":"2 Thieves","floor":19,"turns":3},{"damage":48,"enemies":"3 Cultists","floor":20,"turns":6},{"damage":25,"enemies":"Book of Stabbing","floor":27,"turns":5}],"seed_played":"6051727477611930161","potions_obtained":[{"floor":6,"key":"PowerPotion"},{"floor":11,"key":"Fire Potion"},{"floor":14,"key":"Explosive Potion"}],"is_trial":false,"path_per_floor":["M","$","?","M","M","M","R","?","T","$","M","E","R","M","R","B",null,"M","M","M","?","?","R","?","R","T","E"],"character_chosen":"DEFECT","items_purchased":["Defragment","Block Potion"],"campfire_rested":0,"item_purchase_floors":[10,10],"current_hp_per_floor":[72,72,72,56,56,59,59,52,59,59,50,53,53,54,54,38,73,71,57,19,19,19,19,19,19,19,0],"gold":50,"neow_bonus":"TWENTY_PERCENT_HP_BONUS","is_prod":false,"is_daily":false,"chose_seed":false,"campfire_upgraded":5,"win_rate":0,"timestamp":1552536462,"path_taken":["M","$","?","M","M","M","R","?","T","$","M","E","R","M","R","BOSS","M","M","M","?","?","R","?","R","T","E"],"build_version":"2019-01-23","purchased_purges":1,"victory":false,"max_hp_per_floor":[85,85,77,77,77,77,77,77,84,84,84,84,84,84,84,84,84,84,84,84,84,84,84,84,84,84,84],"card_choices":[{"not_picked":["Steam Power","Turbo"],"picked":"Ball Lightning","floor":1},{"not_picked":["Tempest","Barrage"],"picked":"Self Repair","floor":4},{"not_picked":["Storm","Beam Cell"],"picked":"Conserve Battery","floor":5},{"not_picked":["Hello World","Redo"],"picked":"Coolheaded","floor":6},{"not_picked":["Redo","FTL","Heatsinks"],"picked":"SKIP","floor":11},{"not_picked":["Stack","White Noise"],"picked":"Force Field","floor":12},{"not_picked":["Steam","Conserve Battery"],"picked":"Ball Lightning","floor":14},{"not_picked":["Hyperbeam","Thunder Strike"],"picked":"Core Surge","floor":16},{"not_picked":["Rebound","Leap"],"picked":"Capacitor","floor":18},{"not_picked":["Beam Cell","Coolheaded"],"picked":"Steam","floor":19},{"not_picked":["Gash","Turbo","Beam Cell"],"picked":"SKIP","floor":20}],"player_experience":554321,"relics_obtained":[{"floor":9,"key":"Strawberry"},{"floor":12,"key":"Tiny Chest"},{"floor":26,"key":"War Paint"}],"event_choices":[{"damage_healed":0,"gold_gain":0,"player_choice":"Lose Max HP","damage_taken":0,"relics_obtained":["Golden Idol"],"max_hp_gain":0,"max_hp_loss":8,"event_name":"Golden Idol","floor":3,"gold_loss":0},{"cards_removed":["Strike_B"],"damage_healed":0,"gold_gain":0,"player_choice":"Card Removal","damage_taken":7,"max_hp_gain":0,"max_hp_loss":0,"event_name":"Golden Wing","floor":8,"gold_loss":0},{"damage_healed":0,"gold_gain":0,"player_choice":"Paid Fearfully","damage_taken":0,"max_hp_gain":0,"max_hp_loss":0,"event_name":"Masked Bandits","floor":21,"gold_loss":269},{"damage_healed":0,"gold_gain":50,"player_choice":"Stole From Cult","damage_taken":0,"max_hp_gain":0,"max_hp_loss":0,"event_name":"Nest","floor":22,"gold_loss":0},{"cards_removed":["Strike_B"],"damage_healed":0,"gold_gain":0,"player_choice":"Offered Basic","damage_taken":0,"max_hp_gain":0,"max_hp_loss":0,"event_name":"Bonfire Elementals","floor":24,"gold_loss":0}],"is_beta":false,"boss_relics":[{"not_picked":["White Beast Statue","FrozenCore"],"picked":"Coffee Dripper"}],"items_purged_floors":[2],"is_endless":false,"potions_floor_spawned":[6,11,14],"killed_by":"Book of Stabbing","ascension_level":15}