{"gold_per_floor":[219,231,306,324,378,378,412,428,428,428,443,24,87,106,106,180,180,190,208,40,40,40],"floor_reached":22,"playtime":1074,"items_purged":["Strike_R"],"score":372,"play_id":"c8a55b6a-2327-417e-9945-b4d676a628b3","local_time":"20190302165415","is_ascension_mode":true,"campfire_choices":[{"data":"Searing Blow","floor":6,"key":"SMITH"},{"floor":10,"key":"REST"},{"floor":15,"key":"REST"}],"neow_cost":"NONE","seed_source_timestamp":85195260231435,"circlet_count":0,"master_deck":["AscendersBane","Strike_R","Strike_R","Strike_R","Strike_R","Defend_R","Defend_R","Defend_R+1","Defend_R+1","Bash","Searing Blow+1","Blood for Blood","Anger","Immolate","Armaments","Apotheosis","Shrug It Off","Cleave","Berserk","Body Slam","Ghostly Armor"],"relics":["Burning Blood","Happy Flower","Matryoshka","Regal Pillow","Pear","War Paint","Bottled Flame","Sozu","Oddly Smooth Stone"],"potions_floor_usage":[7,8,14,16],"damage_taken":[{"damage":7,"enemies":"Cultist","floor":1,"turns":4},{"damage":14,"enemies":"Jaw Worm","floor":2,"turns":3},{"damage":3,"enemies":"Small Slimes","floor":4,"turns":4},{"damage":30,"enemies":"Lagavulin","floor":7,"turns":5},{"damage":18,"enemies":"Exordium Thugs","floor":8,"turns":3},{"damage":18,"enemies":"Lots of Slimes","floor":11,"turns":3},{"damage":50,"enemies":"Lagavulin Event","floor":13,"turns":6},{"damage":0,"enemies":"Looter","floor":14,"turns":3},{"damage":25,"enemies":"Slime Boss","floor":16,"turns":9},{"damage":30,"enemies":"Chosen","floor":18,"turns":5},{"damage":20,"enemies":"2 Thieves","floor":19,"turns":3},{"damage":36,"enemies":"Snake Plant","floor":22,"turns":2}],"seed_played":"4077425614844258948","potions_obtained":[{"floor":2,"key":"Fire Potion"},{"floor":4,"key":"SpeedPotion"},{"floor":13,"key":"SkillPotion"},{"floor":14,"key":"Poison Potion"}],"is_trial":false,"path_per_floor":["M","M","?","M","T","R","E","M","T","R","M","$","?","M","R","B",null,"M","M","$","?","M"],"character_chosen":"IRONCLAD","items_purchased":["Apotheosis","War Paint","Oddly Smooth Stone"],"campfire_rested":2,"item_purchase_floors":[12,12,20],"current_hp_per_floor":[67,59,48,51,51,51,27,15,25,65,53,53,9,15,55,36,73,49,35,35,35,0],"gold":40,"neow_bonus":"HUNDRED_GOLD","is_prod":false,"is_daily":false,"chose_seed":false,"campfire_upgraded":1,"win_rate":0,"timestamp":1551570855,"path_taken":["M","M","?","M","?","R","E","M","T","R","?","$","?","M","R","BOSS","M","M","$","?","M"],"build_version":"2019-01-23","purchased_purges":1,"victory":false,"max_hp_per_floor":[75,75,75,75,75,75,75,75,85,85,85,85,85,85,85,85,85,85,85,85,85,85],"card_choices":[{"not_picked":["Havoc","Body Slam"],"picked":"Searing Blow","floor":1},{"not_picked":["Wild Strike","Disarm"],"picked":"Blood for Blood","floor":2},{"not_picked":["Perfected Strike","Wild Strike"],"picked":"Anger","floor":4},{"not_picked":["Flex","Disarm"],"picked":"Immolate","floor":7},{"not_picked":["Combust","Perfected Strike","True Grit"],"picked":"SKIP","floor":8},{"not_picked":["Heavy Blade","Havoc"],"picked":"Armaments","floor":11},{"not_picked":["Warcry","Entrench"],"picked":"Shrug It Off","floor":13},{"not_picked":["Anger","Limit Break"],"picked":"Cleave","floor":14},{"not_picked":["Reaper","Brutality"],"picked":"Berserk","floor":16},{"not_picked":["Wild Strike+1","Bloodletting"],"picked":"Body Slam","floor":18},{"not_picked":["Anger","Headbutt"],"picked":"Ghostly Armor","floor":19}],"player_experience":1323445,"relics_obtained":[{"floor":5,"key":"Happy Flower"},{"floor":7,"key":"Matryoshka"},{"floor":9,"key":"Regal Pillow"},{"floor":9,"key":"Pear"},{"floor":13,"key":"Bottled Flame"}],"event_choices":[{"damage_healed":0,"gold_gain":75,"player_choice":"Gather Gold","damage_taken":11,"max_hp_gain":0,"max_hp_loss":0,"event_name":"World of Goop","floor":3,"gold_loss":0},{"damage_healed":0,"gold_gain":30,"player_choice":"Searched \u00272\u0027 times","damage_taken":0,"max_hp_gain":0,"max_hp_loss":0,"event_name":"Dead Adventurer","floor":13,"gold_loss":0},{"damage_healed":0,"gold_gain":0,"player_choice":"Ignored","damage_taken":0,"max_hp_gain":0,"max_hp_loss":0,"event_name":"Beggar","floor":21,"gold_loss":0}],"is_beta":false,"boss_relics":[{"not_picked":["Runic Cube","Runic Dome"],"picked":"Sozu"}],"items_purged_floors":[12],"is_endless":false,"potions_floor_spawned":[2,4,13,14,18],"killed_by":"Snake Plant","ascension_level":20}