{"gold_per_floor":[119,119,119,142,168,180,223,235,271,297,325,368,107,107,107,206,206,192,117,132,132,152,152,165,165],"floor_reached":25,"playtime":4108,"items_purged":[],"score":213,"play_id":"b97ba802-8e30-4b0c-bfed-e0e7e998bb72","local_time":"20190316014336","is_ascension_mode":false,"campfire_choices":[{"data":"Noxious Fumes","floor":6,"key":"SMITH"},{"floor":8,"key":"REST"},{"data":"Footwork","floor":15,"key":"SMITH"},{"data":"A Thousand Cuts","floor":23,"key":"SMITH"}],"neow_cost":"NONE","seed_source_timestamp":198191853757334,"circlet_count":0,"master_deck":["Defend_G","Defend_G+1","Defend_G","Defend_G","Defend_G","Strike_G","Strike_G+1","Strike_G","Strike_G","Survivor","Neutralize","Noxious Fumes+1","Quick Slash","Backflip","Dagger Spray","Burst","Deflect","Footwork+1","A Thousand Cuts+1","Predator+1","Deflect+1","Skewer"],"relics":["Ring of the Snake","MawBank","Regal Pillow","Happy Flower","PreservedInsect","Bag of Preparation","Philosopher\u0027s Stone"],"potions_floor_usage":[12,16,16,16,16,16,24],"damage_taken":[{"damage":0,"enemies":"2 Louse","floor":1,"turns":4},{"damage":0,"enemies":"Jaw Worm","floor":4,"turns":4},{"damage":0,"enemies":"Cultist","floor":5,"turns":3},{"damage":15,"enemies":"3 Sentries","floor":7,"turns":9},{"damage":5,"enemies":"Large Slime","floor":10,"turns":7},{"damage":6,"enemies":"Exordium Thugs","floor":11,"turns":7},{"damage":16,"enemies":"Gremlin Nob","floor":12,"turns":4},{"damage":22,"enemies":"Hexaghost","floor":16,"turns":12},{"damage":13,"enemies":"2 Thieves","floor":18,"turns":4},{"damage":3,"enemies":"Shell Parasite","floor":20,"turns":5},{"damage":12,"enemies":"Shelled Parasite and Fungi","floor":22,"turns":7},{"damage":34,"enemies":"Snake Plant","floor":24,"turns":6},{"damage":9,"enemies":"Cultist and Chosen","floor":25,"turns":4}],"seed_played":"8294541657542091052","potions_obtained":[{"floor":1,"key":"Fire Potion"},{"floor":5,"key":"Weak Potion"},{"floor":7,"key":"Poison Potion"},{"floor":11,"key":"Swift Potion"},{"floor":14,"key":"Explosive Potion"},{"floor":14,"key":"EntropicBrew"},{"floor":18,"key":"Dexterity Potion"}],"is_trial":false,"path_per_floor":["M","?","?","M","M","R","E","R","T","M","M","E","$","?","R","B",null,"M","?","M","?","M","R","M","M"],"character_chosen":"THE_SILENT","items_purchased":["Bag of Preparation","Deflect","Footwork"],"campfire_rested":1,"item_purchase_floors":[13,13,13],"current_hp_per_floor":[77,62,55,55,55,55,40,77,77,72,66,50,50,50,50,28,77,64,64,61,47,35,35,1,0],"gold":165,"neow_bonus":"TEN_PERCENT_HP_BONUS","is_prod":false,"is_daily":false,"chose_seed":false,"campfire_upgraded":3,"win_rate":0.0,"timestamp":1552718616,"path_taken":["M","?","?","M","M","R","E","R","T","M","M","E","$","?","R","BOSS","M","?","M","?","M","R","M","M"],"build_version":"2019-01-23","purchased_purges":0,"victory":false,"max_hp_per_floor":[77,77,77,77,77,77,77,77,77,77,77,77,77,77,77,77,77,77,77,77,82,82,82,82,82],"card_choices":[{"not_picked":["Well Laid Plans","Prepared"],"picked":"Noxious Fumes","floor":1},{"not_picked":["Distraction","Heel Hook"],"picked":"Quick Slash","floor":4},{"not_picked":["Poisoned Stab","Dagger Spray"],"picked":"Backflip","floor":5},{"not_picked":["Reflex","Dagger Throw"],"picked":"Dagger Spray","floor":7},{"not_picked":["Dagger Throw","Endless Agony","Poisoned Stab"],"picked":"SKIP","floor":10},{"not_picked":["PiercingWail","Quick Slash"],"picked":"Burst","floor":11},{"not_picked":["All Out Attack","Blade Dance","Prepared"],"picked":"SKIP","floor":12},{"not_picked":["Doppelganger","Envenom"],"picked":"A Thousand Cuts","floor":16},{"not_picked":["Deadly Poison+1","Acrobatics"],"picked":"Predator+1","floor":18},{"not_picked":["Skewer+1","PiercingWail"],"picked":"Deflect+1","floor":20},{"not_picked":["All Out Attack","Flying Knee","Poisoned Stab"],"picked":"SKIP","floor":22},{"not_picked":["Sucker Punch+1","Deflect"],"picked":"Skewer","floor":24}],"player_experience":8572,"relics_obtained":[{"floor":7,"key":"Regal Pillow"},{"floor":9,"key":"Happy Flower"},{"floor":12,"key":"PreservedInsect"}],"event_choices":[{"damage_healed":0,"gold_gain":0,"player_choice":"Entered Light","damage_taken":15,"max_hp_gain":0,"max_hp_loss":0,"event_name":"Shining Light","floor":2,"gold_loss":0,"cards_upgraded":["Strike_G","Defend_G"]},{"damage_healed":0,"gold_gain":0,"player_choice":"Success","damage_taken":7,"relics_obtained":["MawBank"],"max_hp_gain":0,"max_hp_loss":0,"event_name":"Scrap Ooze","floor":3,"gold_loss":0},{"damage_healed":0,"gold_gain":0,"player_choice":"Got Potions","damage_taken":0,"max_hp_gain":0,"max_hp_loss":0,"event_name":"Lab","floor":14,"gold_loss":0},{"cards_removed":["Strike_G"],"damage_healed":0,"gold_gain":0,"player_choice":"Gave Gold","damage_taken":0,"max_hp_gain":0,"max_hp_loss":0,"event_name":"Beggar","floor":19,"gold_loss":75},{"damage_healed":0,"gold_gain":0,"player_choice":"Shed Blood","damage_taken":19,"max_hp_gain":5,"max_hp_loss":0,"event_name":"Forgotten Altar","floor":21,"gold_loss":0}],"is_beta":false,"boss_relics":[{"not_picked":["Runic Pyramid","Cursed Key"],"picked":"Philosopher\u0027s Stone"}],"items_purged_floors":[],"is_endless":false,"potions_floor_spawned":[1,5,7,11,18],"killed_by":"Cultist and Chosen","ascension_level":0}