{"gold_per_floor":[118,131,150,150,250,279,279,299,299,7,20,20,51,65,65,65],"floor_reached":16,"playtime":1221,"items_purged":["Strike_R"],"score":213,"play_id":"a84cf680-9340-475e-976d-fd814e4c227c","local_time":"20190220223048","is_ascension_mode":true,"campfire_choices":[{"floor":7,"key":"REST"},{"floor":12,"key":"REST"},{"data":"Apotheosis","floor":15,"key":"SMITH"}],"neow_cost":"NONE","seed_source_timestamp":454051576151808,"circlet_count":0,"master_deck":["AscendersBane","Strike_R","Strike_R","Strike_R","Defend_R","Defend_R","Defend_R","Defend_R","Bash","Iron Wave","True Grit","Shrug It Off","Power Through","Iron Wave","Apotheosis+1","Iron Wave","Metallicize","Entrench","Whirlwind"],"relics":["Burning Blood","Du-Vu Doll","Singing Bowl","Bottled Lightning","Darkstone Periapt"],"potions_floor_usage":[13,16,16],"damage_taken":[{"damage":19,"enemies":"Small Slimes","floor":1,"turns":4},{"damage":2,"enemies":"Cultist","floor":2,"turns":4},{"damage":5,"enemies":"Jaw Worm","floor":3,"turns":5},{"damage":54,"enemies":"Gremlin Nob","floor":6,"turns":5},{"damage":5,"enemies":"Red Slaver","floor":8,"turns":8},{"damage":5,"enemies":"Large Slime","floor":11,"turns":8},{"damage":20,"enemies":"Lagavulin","floor":13,"turns":8},{"damage":6,"enemies":"Exordium Thugs","floor":14,"turns":7},{"damage":48,"enemies":"Slime Boss","floor":16,"turns":14}],"seed_played":"1302840598319469214","potions_obtained":[{"floor":1,"key":"LiquidBronze"},{"floor":6,"key":"Dexterity Potion"},{"floor":14,"key":"Weak Potion"}],"is_trial":false,"path_per_floor":["M","M","M","?","?","E","R","M","T","$","M","R","E","M","R","B"],"character_chosen":"IRONCLAD","items_purchased":["Apotheosis","Iron Wave"],"campfire_rested":2,"item_purchase_floors":[10,10],"current_hp_per_floor":[55,59,60,55,55,7,29,30,30,30,31,53,39,39,39,0],"gold":65,"neow_bonus":"REMOVE_CARD","is_prod":false,"is_daily":false,"chose_seed":false,"campfire_upgraded":1,"win_rate":0,"timestamp":1550727048,"path_taken":["M","M","M","?","?","E","R","M","T","$","?","R","E","M","R","BOSS"],"build_version":"2019-01-23","purchased_purges":1,"victory":false,"max_hp_per_floor":[75,75,75,75,75,75,75,75,75,75,75,75,75,75,75,75],"card_choices":[{"not_picked":["Uppercut","Cleave"],"picked":"Iron Wave","floor":1},{"not_picked":["Pummel","Power Through"],"picked":"True Grit","floor":2},{"not_picked":["Clash","Thunderclap"],"picked":"Shrug It Off","floor":3},{"not_picked":["Juggernaut","Combust"],"picked":"Power Through","floor":6},{"not_picked":["Sword Boomerang","Clash"],"picked":"Iron Wave","floor":8},{"not_picked":["Pummel","Flex"],"picked":"Metallicize","floor":11},{"not_picked":["Battle Trance","Uppercut"],"picked":"Entrench","floor":13},{"not_picked":["Combust","Twin Strike"],"picked":"Whirlwind","floor":14}],"player_experience":1185413,"relics_obtained":[{"floor":6,"key":"Singing Bowl"},{"floor":9,"key":"Bottled Lightning"},{"floor":13,"key":"Darkstone Periapt"}],"event_choices":[{"damage_healed":0,"gold_gain":0,"player_choice":"Success","damage_taken":5,"relics_obtained":["Du-Vu Doll"],"max_hp_gain":0,"max_hp_loss":0,"event_name":"Scrap Ooze","floor":4,"gold_loss":0},{"damage_healed":0,"gold_gain":100,"player_choice":"Gold","damage_taken":0,"max_hp_gain":0,"max_hp_loss":0,"event_name":"Wheel of Change","floor":5,"gold_loss":0}],"is_beta":false,"boss_relics":[],"items_purged_floors":[10],"is_endless":false,"potions_floor_spawned":[1,6,11,14],"killed_by":"Slime Boss","ascension_level":18}