{"path_per_floor":["M","M","M","M","?","R","E","R","T","$","E","M","R","M","R","B",null,"M","?","M","M","?","R","M","R","T","R","?","E","M","M","R"],"character_chosen":"DEFECT","items_purchased":[],"gold_per_floor":[14,33,52,70,70,70,101,101,101,26,59,79,79,93,93,190,190,176,208,222,242,242,242,259,259,259,259,259,292,304,320,320,320],"floor_reached":33,"campfire_rested":5,"playtime":2420,"current_hp_per_floor":[71,71,66,53,53,53,23,45,45,45,29,21,43,36,58,12,75,75,46,35,10,10,32,29,51,51,51,37,36,35,37,37,0],"items_purged":["Strike_B"],"gold":320,"score":360,"play_id":"941761d4-ffbe-45c5-99cb-a7de1f580e11","local_time":"20180512223323","is_prod":false,"is_daily":false,"chose_seed":false,"is_ascension_mode":true,"campfire_upgraded":3,"timestamp":1526186003,"path_taken":["M","M","M","M","?","R","E","R","T","$","E","M","R","M","R","BOSS","M","?","M","M","?","R","?","R","T","R","?","E","M","M","R","BOSS"],"build_version":"2018-05-12v2","seed_source_timestamp":263761336470359,"purchased_purges":1,"victory":false,"master_deck":["Defend_B","Defend_B","Defend_B","Zap","Dualcast","Genetic Algorithm","Lockon+1","Streamline","Storm+1","Static Discharge","Glacier","Heatsinks","Multi-Cast","Loop","Nova","Ghostly","Ghostly","Ghostly","Ghostly","Ghostly","Force Field+1","Consume+1"],"max_hp_per_floor":[75,75,75,75,75,75,75,75,75,75,75,75,75,75,75,75,75,75,75,75,75,75,75,75,75,75,75,37,37,37,37,37,37],"relics":["Cracked Core","Anchor","Bottled Lightning","Bird Faced Urn","Nuclear Battery","Red Mask","Oddly Smooth Stone","Bag of Marbles"],"card_choices":[{"not_picked":["Sunder","Sweeping Beam"],"picked":"Genetic Algorithm","floor":1},{"not_picked":["Stack","Go for the Eyes"],"picked":"Lockon","floor":2},{"not_picked":["Stack","Go for the Eyes"],"picked":"Streamline","floor":3},{"not_picked":["Redo","Loop"],"picked":"Storm","floor":4},{"not_picked":["Coolheaded","Barrage"],"picked":"Static Discharge","floor":7},{"not_picked":["Sunder","Streamline"],"picked":"Glacier","floor":11},{"not_picked":["Reprogram","Leap","Cold Snap"],"picked":"SKIP","floor":12},{"not_picked":["Recycle","Hologram"],"picked":"Heatsinks","floor":14},{"not_picked":["Biased Cognition","Hyperbeam"],"picked":"Multi-Cast","floor":16},{"not_picked":["Go for the Eyes","Ball Lightning"],"picked":"Loop","floor":18},{"not_picked":["FTL","Turbo"],"picked":"Nova","floor":20},{"not_picked":["Leap","Coolheaded","Beam Cell"],"picked":"SKIP","floor":21},{"not_picked":["Streamline","Steam","Cold Snap+1"],"picked":"SKIP","floor":24},{"not_picked":["Conserve Battery","Lockon+1","Steam"],"picked":"SKIP","floor":29},{"not_picked":["Chaos+1","Streamline+1"],"picked":"Force Field+1","floor":30},{"not_picked":["Stack+1","Auto Shields+1"],"picked":"Consume","floor":31}],"player_experience":99625,"potions_floor_usage":[7,11,16,16,19,33],"damage_taken":[{"damage":4,"enemies":"Jaw Worm","floor":1,"turns":3},{"damage":0,"enemies":"Cultist","floor":2,"turns":4},{"damage":5,"enemies":"Small Slimes","floor":3,"turns":3},{"damage":13,"enemies":"Exordium Thugs","floor":4,"turns":4},{"damage":30,"enemies":"3 Sentries","floor":7,"turns":6},{"damage":16,"enemies":"Gremlin Nob","floor":11,"turns":3},{"damage":10,"enemies":"2 Fungi Beasts","floor":12,"turns":4},{"damage":11,"enemies":"3 Louse","floor":14,"turns":2},{"damage":52,"enemies":"Hexaghost","floor":16,"turns":12},{"damage":1,"enemies":"2 Thieves","floor":18,"turns":4},{"damage":33,"enemies":"Masked Bandits","floor":19,"turns":4},{"damage":19,"enemies":"Spheric Guardian","floor":20,"turns":4},{"damage":31,"enemies":"3 Cultists","floor":21,"turns":5},{"damage":11,"enemies":"Sentry and Sphere","floor":24,"turns":7},{"damage":1,"enemies":"Slavers","floor":29,"turns":8},{"damage":2,"enemies":"Cultist and Chosen","floor":30,"turns":5},{"damage":0,"enemies":"Centurion and Healer","floor":31,"turns":9},{"damage":44,"enemies":"Collector","floor":33,"turns":11}],"event_choices":[{"event_name":"Purifier","player_choice":"One Purge","floor":5,"damage_taken":0},{"event_name":"Masked Bandits","player_choice":"Fought over 176 gold","floor":19,"damage_taken":0},{"event_name":"Back to Basics","player_choice":"Elegance","floor":22,"damage_taken":0},{"event_name":"Ghosts","player_choice":"Became a Ghost","floor":28,"damage_taken":0}],"boss_relics":[{"not_picked":["Cursed Key","Lizard Tail"],"picked":"Nuclear Battery"}],"potions_floor_spawned":[1,3,4,11,18,19],"seed_played":"8248133838256198139","killed_by":"Collector","ascension_level":4,"is_trial":false}