{"gold_per_floor":[11,25,39,57,69,69,94,94,162,162,162,162,172,202,202,202],"floor_reached":16,"playtime":979,"items_purged":[],"score":207,"play_id":"3e80865e-b931-4bbc-b660-f33c61548338","local_time":"20190210004557","is_ascension_mode":true,"campfire_choices":[{"floor":6,"key":"REST"},{"floor":8,"key":"REST"},{"data":"Sunder","floor":11,"key":"SMITH"},{"floor":15,"key":"REST"}],"neow_cost":"NO_GOLD","seed_source_timestamp":1922408539934169,"circlet_count":0,"master_deck":["AscendersBane","Strike_B","Strike_B","Strike_B","Defend_B","Defend_B","Defend_B","Defend_B","Zap","Dualcast","Beam Cell","Scrape","Consume","Reinforced Body","Sunder+1","Cold Snap","Recycle","Multi-Cast","Blizzard","Coolheaded","Glacier","Buffer"],"relics":["Cracked Core","Prayer Wheel","Ornamental Fan","The Courier","WingedGreaves"],"potions_floor_usage":[4,13,16,16],"damage_taken":[{"damage":4,"enemies":"Small Slimes","floor":1,"turns":4},{"damage":4,"enemies":"2 Louse","floor":2,"turns":3},{"damage":1,"enemies":"Cultist","floor":3,"turns":3},{"damage":11,"enemies":"Looter","floor":4,"turns":2},{"damage":3,"enemies":"Gremlin Gang","floor":5,"turns":4},{"damage":25,"enemies":"Lagavulin","floor":7,"turns":5},{"damage":17,"enemies":"Lots of Slimes","floor":13,"turns":3},{"damage":9,"enemies":"3 Sentries","floor":14,"turns":8},{"damage":55,"enemies":"Hexaghost","floor":16,"turns":16}],"seed_played":"-4707687594437431274","potions_obtained":[{"floor":3,"key":"SkillPotion"},{"floor":7,"key":"AttackPotion"},{"floor":13,"key":"Weak Potion"},{"floor":14,"key":"GamblersBrew"}],"is_trial":false,"path_per_floor":["M","M","M","M","M","R","E","R","T","?","R","?","M","E","R","B"],"character_chosen":"DEFECT","items_purchased":[],"campfire_rested":3,"item_purchase_floors":[],"current_hp_per_floor":[60,56,55,44,41,62,37,58,58,51,51,56,39,30,51,0],"gold":202,"neow_bonus":"ONE_RARE_RELIC","is_prod":false,"is_daily":false,"chose_seed":false,"campfire_upgraded":1,"win_rate":0,"timestamp":1549784757,"path_taken":["M","M","M","M","M","R","E","R","T","?","R","?","?","E","R","BOSS"],"build_version":"2019-01-23","purchased_purges":0,"victory":false,"max_hp_per_floor":[71,71,71,71,71,71,71,71,71,71,71,71,71,71,71,71],"card_choices":[{"not_picked":["Fusion","Turbo"],"picked":"Beam Cell","floor":1},{"not_picked":["Gash","Chaos"],"picked":"Scrape","floor":1},{"not_picked":["Doom and Gloom","Barrage"],"picked":"Consume","floor":2},{"not_picked":["Undo","Beam Cell","Barrage"],"picked":"SKIP","floor":2},{"not_picked":["Rebound","Beam Cell"],"picked":"Turbo","floor":3},{"not_picked":["Barrage","Stack"],"picked":"Reinforced Body","floor":3},{"not_picked":["Recycle","Cold Snap"],"picked":"Sunder","floor":4},{"not_picked":["Compile Driver","Redo"],"picked":"Cold Snap","floor":4},{"not_picked":["Sweeping Beam","Turbo"],"picked":"Recycle","floor":5},{"not_picked":["Compile Driver","Beam Cell"],"picked":"Multi-Cast","floor":5},{"not_picked":["Ball Lightning","Streamline"],"picked":"Blizzard","floor":7},{"not_picked":["Hologram","Aggregate"],"picked":"Coolheaded","floor":13},{"not_picked":["Fusion","Coolheaded"],"picked":"Glacier","floor":13},{"not_picked":["Rebound","Force Field"],"picked":"Buffer","floor":14}],"player_experience":1043731,"relics_obtained":[{"floor":7,"key":"Ornamental Fan"},{"floor":9,"key":"The Courier"},{"floor":14,"key":"WingedGreaves"}],"event_choices":[{"cards_removed":["Strike_B"],"damage_healed":0,"gold_gain":0,"player_choice":"Card Removal","damage_taken":7,"max_hp_gain":0,"max_hp_loss":0,"event_name":"Golden Wing","floor":10,"gold_loss":0},{"cards_removed":["Turbo"],"damage_healed":5,"gold_gain":0,"player_choice":"Offered Common","damage_taken":0,"max_hp_gain":0,"max_hp_loss":0,"event_name":"Bonfire Elementals","floor":12,"gold_loss":0},{"cards_removed":["Turbo"],"damage_healed":5,"gold_gain":0,"player_choice":"Offered Special","damage_taken":0,"max_hp_gain":0,"max_hp_loss":0,"event_name":"Bonfire Elementals","floor":12,"gold_loss":0}],"is_beta":false,"boss_relics":[],"items_purged_floors":[],"is_endless":false,"potions_floor_spawned":[3,7,13,14],"killed_by":"Hexaghost","ascension_level":17}