{"path_per_floor":["M","$","?","?","M","R","E","R","T","E","M","M","$","M","R","B",null,"M","M","?","M","$","R","$","R","T","M","?","M","R","?","R","B",null,"M","?","?","M","M","R","M","M","T","R","E","M","R","E","R","B"],"character_chosen":"DEFECT","items_purchased":["DataDisk","Vajra"],"gold_per_floor":[111,36,36,36,55,55,90,90,90,122,134,149,3,20,20,122,122,135,146,146,161,12,12,12,12,91,106,106,126,126,126,126,224,224,235,235,235,252,266,266,284,304,331,331,356,373,373,405,405,405],"floor_reached":51,"campfire_rested":8,"playtime":3969,"item_purchase_floors":[13,22],"current_hp_per_floor":[68,68,68,68,68,68,46,68,68,14,14,14,14,14,36,29,64,66,56,56,37,37,59,59,59,59,31,37,38,62,62,62,3,62,64,64,64,37,18,42,33,7,7,31,3,40,64,62,90,2],"items_purged":["Strike_B"],"gold":405,"score":958,"play_id":"8c7d4afd-406f-4c91-b199-5966f37d9d1b","local_time":"20180522234130","is_prod":false,"is_daily":false,"chose_seed":false,"is_ascension_mode":true,"campfire_upgraded":2,"timestamp":1527054090,"campfire_choices":[{"data":"Genetic Algorithm","floor":6,"key":"SMITH"},{"floor":8,"key":"REST"},{"floor":15,"key":"REST"},{"floor":23,"key":"REST"},{"data":"Static Discharge","floor":25,"key":"SMITH"},{"floor":30,"key":"REST"},{"data":"1","floor":32,"key":"LIFT"},{"floor":40,"key":"REST"},{"floor":44,"key":"REST"},{"floor":47,"key":"REST"},{"floor":49,"key":"REST"}],"path_taken":["M","$","?","?","M","R","E","R","T","E","M","M","$","M","R","BOSS","M","M","?","M","$","R","$","R","T","M","?","M","R","?","R","BOSS","M","?","?","M","M","R","M","M","T","R","E","M","R","E","R","BOSS"],"build_version":"2018-05-21v2","seed_source_timestamp":1127709661610374,"purchased_purges":1,"victory":true,"master_deck":["Strike_B","Strike_B","Strike_B","Defend_B","Defend_B","Defend_B","Zap+1","Dualcast","Sweeping Beam","Genetic Algorithm+1","Doom and Gloom","Ball Lightning","FTL","Buffer+1","Reinforced Body+1","Static Discharge+1","Cold Snap","Writhe","Reinforced Body","All For One","Beam Cell+1","Go for the Eyes+1","Redo+1","Gash+1","Loop+1"],"max_hp_per_floor":[75,75,75,75,75,75,75,75,75,75,75,75,75,75,75,75,75,75,75,75,75,75,75,75,75,75,75,81,81,81,81,81,81,81,81,81,81,81,81,81,81,81,81,81,81,81,81,95,95,95],"relics":["Cracked Core","Juzu Bracelet","Oddly Smooth Stone","Spirit Poop","Potion Belt","Bird Faced Urn","Bag of Preparation","DataDisk","Black Star","Vajra","Darkstone Periapt","Girya","Lizard Tail","Happy Flower","Anchor","Orichalcum","Ginger","Mango"],"card_choices":[{"not_picked":["Chill","Go for the Eyes"],"picked":"Sweeping Beam","floor":1},{"not_picked":["Steam","Go for the Eyes"],"picked":"Genetic Algorithm","floor":5},{"not_picked":["Barrage","Hologram","Steam"],"picked":"SKIP","floor":7},{"not_picked":["Force Field","Coolheaded"],"picked":"Doom and Gloom","floor":10},{"not_picked":["Sweeping Beam","Aggregate","Steam"],"picked":"SKIP","floor":11},{"not_picked":["Hologram","Stack"],"picked":"Ball Lightning","floor":12},{"not_picked":["Streamline","Aggregate"],"picked":"FTL","floor":14},{"not_picked":["Reboot","Biased Cognition"],"picked":"Buffer","floor":16},{"not_picked":["Barrage","Coolheaded"],"picked":"Reinforced Body+1","floor":18},{"not_picked":["Go for the Eyes","Redo"],"picked":"Static Discharge","floor":19},{"not_picked":["Redo+1","Rip and Tear","Hologram"],"picked":"SKIP","floor":21},{"not_picked":["Static Discharge","Reboot"],"picked":"Cold Snap","floor":27},{"not_picked":["Leap","Barrage","Turbo"],"picked":"SKIP","floor":29},{"not_picked":["Seek","Rainbow"],"picked":"All For One","floor":33},{"not_picked":["Streamline+1","Barrage+1"],"picked":"Beam Cell+1","floor":35},{"not_picked":["Genetic Algorithm","Axe Kick+1"],"picked":"Go for the Eyes+1","floor":38},{"not_picked":["Aggregate","Hologram+1"],"picked":"Redo+1","floor":39},{"not_picked":["Beam Cell+1","Go for the Eyes","Aggregate"],"picked":"SKIP","floor":41},{"not_picked":["Sweeping Beam","Turbo","Rebound+1"],"picked":"SKIP","floor":42},{"not_picked":["Axe Kick+1","Redo"],"picked":"Gash+1","floor":45},{"not_picked":["Streamline","Redo","Axe Kick+1"],"picked":"SKIP","floor":46},{"not_picked":["Multi-Cast","Auto Shields+1"],"picked":"Loop+1","floor":48}],"player_experience":157249,"potions_floor_usage":[7,16,18,21,33,33,39,42,45,45,50],"damage_taken":[{"damage":0,"enemies":"2 Louse","floor":1,"turns":1},{"damage":0,"enemies":"Jaw Worm","floor":5,"turns":3},{"damage":22,"enemies":"3 Sentries","floor":7,"turns":6},{"damage":54,"enemies":"Gremlin Nob","floor":10,"turns":5},{"damage":0,"enemies":"Small Slimes","floor":11,"turns":2},{"damage":0,"enemies":"3 Louse","floor":12,"turns":3},{"damage":0,"enemies":"Lots of Slimes","floor":14,"turns":1},{"damage":7,"enemies":"Hexaghost","floor":16,"turns":8},{"damage":0,"enemies":"Spheric Guardian","floor":18,"turns":3},{"damage":10,"enemies":"3 Byrds","floor":19,"turns":6},{"damage":23,"enemies":"Snake Plant","floor":21,"turns":6},{"damage":32,"enemies":"Slaver and Parasite","floor":27,"turns":6},{"damage":3,"enemies":"Sentry and Sphere","floor":29,"turns":4},{"damage":68,"enemies":"Champ","floor":33,"turns":12},{"damage":0,"enemies":"3 Shapes","floor":35,"turns":6},{"damage":31,"enemies":"3 Darklings","floor":38,"turns":7},{"damage":23,"enemies":"Transient","floor":39,"turns":5},{"damage":13,"enemies":"4 Shapes","floor":41,"turns":6},{"damage":30,"enemies":"3 Darklings","floor":42,"turns":3},{"damage":32,"enemies":"2 Orb Walkers","floor":45,"turns":5},{"damage":8,"enemies":"Flame Bruiser 2 Orb","floor":46,"turns":5},{"damage":20,"enemies":"Nemesis","floor":48,"turns":9},{"damage":94,"enemies":"Awakened One","floor":50,"turns":10}],"relics_obtained":[{"floor":7,"key":"Potion Belt"},{"floor":9,"key":"Bird Faced Urn"},{"floor":10,"key":"Bag of Preparation"},{"floor":26,"key":"Darkstone Periapt"},{"floor":43,"key":"Happy Flower"},{"floor":45,"key":"Anchor"},{"floor":45,"key":"Orichalcum"},{"floor":48,"key":"Ginger"},{"floor":48,"key":"Mango"}],"event_choices":[{"event_name":"Big Fish","player_choice":"Box","floor":3,"damage_taken":0},{"event_name":"Bonfire Elementals","player_choice":"CURSE","floor":4,"damage_taken":0},{"event_name":"Upgrade Shrine","player_choice":"Upgraded","floor":20,"damage_taken":0},{"event_name":"The Mausoleum","player_choice":"Yes","floor":28,"damage_taken":0},{"event_name":"The Library","player_choice":"Read","floor":31,"damage_taken":0},{"event_name":"Upgrade Shrine","player_choice":"Upgraded","floor":37,"damage_taken":0}],"boss_relics":[{"not_picked":["Calling Bell","Ectoplasm"],"picked":"Black Star"},{"not_picked":["Sozu","Tiny House"],"picked":"Lizard Tail"}],"items_purged_floors":[2],"potions_floor_spawned":[1,7,11,16,19,27,33,35,38,41,42],"seed_played":"-7204588467074493001","ascension_level":8,"potions_obtained":[{"floor":1,"key":"Strength Potion"},{"floor":7,"key":"Fire Potion"},{"floor":11,"key":"AttackPotion"},{"floor":16,"key":"Regen Potion"},{"floor":19,"key":"GamblersBrew"},{"floor":27,"key":"Explosive Potion"},{"floor":33,"key":"LiquidBronze"},{"floor":35,"key":"FocusPotion"},{"floor":38,"key":"AttackPotion"},{"floor":41,"key":"Fire Potion"},{"floor":42,"key":"EssenceOfSteel"}],"is_trial":false}