{"gold_per_floor":[215,24,24,24,24,53,53,128,155,155,165,186,197,197,197,272,272,286,70,90,90,189,189,221,221,221,235,266,14,14,14,14,89,89,89,26,26,74,90,116,116,116,141,155,155,171,271,283,283,283],"floor_reached":50,"playtime":4190,"items_purged":["Defend_B","Strike_B","Strike_B"],"score":1043,"play_id":"20342fb4-b5c2-4193-a497-90da63fd2d45","local_time":"20190204215939","is_ascension_mode":true,"campfire_choices":[{"floor":7.0,"key":"REST"},{"floor":10.0,"key":"REST"},{"floor":15.0,"key":"REST"},{"data":"Defragment","floor":23.0,"key":"SMITH"},{"data":"Buffer","floor":25.0,"key":"SMITH"},{"floor":32.0,"key":"REST"},{"data":"Fission","floor":42,"key":"SMITH"},{"data":"Beam Cell","floor":45,"key":"SMITH"},{"floor":49,"key":"REST"}],"neow_cost":"NONE","seed_source_timestamp":0,"circlet_count":0,"master_deck":["AscendersBane","Strike_B","Defend_B","Defend_B+1","Zap","Dualcast","Reinforced Body+1","Ball Lightning","Cold Snap","Go for the Eyes","Beam Cell+1","Buffer+1","Cold Snap","Sweeping Beam","Defragment+1","Ghostly","Ghostly","Ghostly","Ghostly","Ghostly","Conserve Battery","Beam Cell+1","Stack","Fission+1","Dark Shackles","Scrape+1","Double Energy","Parasite","Conserve Battery"],"special_seed":0,"relics":["Cracked Core","Membership Card","Incense Burner","Potion Belt","Boot","Odd Mushroom","NlothsMask","Busted Crown","Gremlin Horn","Regal Pillow","Letter Opener","Strawberry","Pear","Nilry\u0027s Codex","Inserter","Torii","Meat on the Bone","Happy Flower","Bird Faced Urn"],"potions_floor_usage":[35,40,50],"damage_taken":[{"damage":0.0,"enemies":"2 Louse","floor":1.0,"turns":2.0},{"damage":29.0,"enemies":"3 Sentries","floor":6.0,"turns":9.0},{"damage":0.0,"enemies":"Small Slimes","floor":11.0,"turns":3.0},{"damage":3.0,"enemies":"The Mushroom Lair","floor":12.0,"turns":4.0},{"damage":7.0,"enemies":"Jaw Worm","floor":13.0,"turns":3.0},{"damage":23.0,"enemies":"The Guardian","floor":16.0,"turns":11.0},{"damage":0.0,"enemies":"Chosen","floor":18.0,"turns":4.0},{"damage":0.0,"enemies":"Spheric Guardian","floor":20.0,"turns":3.0},{"damage":0.0,"enemies":"Gremlin Leader","floor":24.0,"turns":7.0},{"damage":0.0,"enemies":"Chosen and Byrds","floor":27.0,"turns":6.0},{"damage":16.0,"enemies":"Slavers","floor":28.0,"turns":5.0},{"damage":0.0,"enemies":"Automaton","floor":33.0,"turns":12.0},{"damage":0,"enemies":"3 Darklings","floor":35,"turns":2},{"damage":15,"enemies":"2 Orb Walkers","floor":38,"turns":8},{"damage":0,"enemies":"3 Shapes","floor":39,"turns":5},{"damage":0,"enemies":"Reptomancer","floor":40,"turns":7},{"damage":3,"enemies":"Writhing Mass","floor":44,"turns":9},{"damage":0,"enemies":"Jaw Worm Horde","floor":46,"turns":8},{"damage":2,"enemies":"Mind Bloom Boss Battle","floor":47,"turns":10},{"damage":0,"enemies":"4 Shapes","floor":48,"turns":7},{"damage":70,"enemies":"Donu and Deca","floor":50,"turns":11}],"seed_played":"6657082548529484690","potions_obtained":[{"floor":1.0,"key":"Block Potion"},{"floor":13.0,"key":"Explosive Potion"},{"floor":16.0,"key":"Dexterity Potion"},{"floor":18.0,"key":"Weak Potion"},{"floor":20.0,"key":"SmokeBomb"},{"floor":27.0,"key":"AttackPotion"},{"floor":39,"key":"GamblersBrew"},{"floor":40,"key":"FearPotion"},{"floor":48,"key":"PowerPotion"}],"is_trial":false,"path_per_floor":["M","$","?","?","?","E","R","?","T","R","M","?","M","?","R","B",null,"M","$","M","?","?","R","E","R","T","M","E","$","$","?","R","B",null,"M","$","?","?","M","E","?","R","T","M","R","M","?","M","R","B"],"character_chosen":"DEFECT","items_purchased":["Membership Card","Gremlin Horn","Sweeping Beam","Defragment","Strawberry","Pear"],"campfire_rested":5,"item_purchase_floors":[2,19,19,19,29,29],"current_hp_per_floor":[68,68,68,53,50,21,43,32,32,54,54,51,44,44,66,43,67,67,67,67,37,37,37,37,37,37,37,21,38,38,22,53,53,54,54,54,54,39,39,39,39,39,39,36,36,36,34,42,54,0],"gold":283,"neow_bonus":"HUNDRED_GOLD","is_prod":false,"is_daily":false,"chose_seed":false,"campfire_upgraded":4,"win_rate":0,"timestamp":1549342779,"path_taken":["M","$","?","?","?","E","R","?","T","R","M","?","?","?","R","BOSS","M","$","M","?","?","R","E","R","T","M","E","?","$","?","R","BOSS","M","$","?","?","M","E","?","R","T","M","R","?","?","M","R","BOSS"],"build_version":"2019-01-23","purchased_purges":3,"victory":false,"max_hp_per_floor":[75,75,75,75,75,75,75,75,75,75,75,75,75,75,75,75,75,75,75,75,37,37,37,37,37,37,37,37,54,54,54,54,54,54,54,54,54,54,54,54,54,54,54,54,54,54,54,54,54,54],"card_choices":[{"not_picked":["Hello World","Redo"],"picked":"Reinforced Body","floor":1.0},{"not_picked":["Conserve Battery","Undo"],"picked":"Ball Lightning","floor":6.0},{"not_picked":["Redo","Double Energy"],"picked":"Cold Snap","floor":11.0},{"not_picked":["Hologram","Fusion"],"picked":"Go for the Eyes","floor":12.0},{"not_picked":["Ball Lightning","Compile Driver"],"picked":"Beam Cell","floor":13.0},{"not_picked":["Hyperbeam","Biased Cognition"],"picked":"Buffer","floor":16.0},{"not_picked":[],"picked":"Cold Snap","floor":18.0},{"not_picked":["Streamline"],"picked":"SKIP","floor":20.0},{"not_picked":[],"picked":"Conserve Battery","floor":24.0},{"not_picked":[],"picked":"Beam Cell+1","floor":27.0},{"not_picked":[],"picked":"Stack","floor":28.0},{"not_picked":[],"picked":"Fission","floor":33.0},{"not_picked":[],"picked":"Dark Shackles","floor":37},{"not_picked":[],"picked":"Scrape+1","floor":39},{"not_picked":["Fission"],"picked":"SKIP","floor":40},{"not_picked":["Compile Driver"],"picked":"SKIP","floor":44},{"not_picked":["Go for the Eyes"],"picked":"SKIP","floor":46},{"not_picked":[],"picked":"Conserve Battery","floor":48}],"player_experience":962521,"relics_obtained":[{"floor":6.0,"key":"Potion Belt"},{"floor":9.0,"key":"Boot"},{"floor":12.0,"key":"Odd Mushroom"},{"floor":24.0,"key":"Regal Pillow"},{"floor":28.0,"key":"Letter Opener"},{"floor":31.0,"key":"Nilry\u0027s Codex"},{"floor":38,"key":"Torii"},{"floor":40,"key":"Meat on the Bone"},{"floor":43,"key":"Happy Flower"},{"floor":47,"key":"Bird Faced Urn"}],"event_choices":[{"cards_removed":["Defend_B"],"damage_healed":0.0,"max_hp_gain":0.0,"max_hp_loss":0.0,"gold_gain":0.0,"event_name":"Living Wall","player_choice":"Forget","floor":3.0,"gold_loss":0.0,"damage_taken":0.0},{"damage_healed":0.0,"max_hp_gain":0.0,"max_hp_loss":0.0,"gold_gain":0.0,"event_name":"Shining Light","player_choice":"Entered Light","floor":4.0,"gold_loss":0.0,"damage_taken":15.0,"cards_upgraded":["Defend_B","Reinforced Body"]},{"damage_healed":0.0,"max_hp_gain":0.0,"max_hp_loss":0.0,"gold_gain":0.0,"event_name":"Scrap Ooze","player_choice":"Success","floor":5.0,"gold_loss":0.0,"damage_taken":3.0,"relics_obtained":["Incense Burner"]},{"damage_healed":0.0,"max_hp_gain":0.0,"max_hp_loss":0.0,"gold_gain":75.0,"event_name":"World of Goop","player_choice":"Gather Gold","floor":8.0,"gold_loss":0.0,"damage_taken":11.0},{"damage_healed":0.0,"max_hp_gain":0.0,"max_hp_loss":0.0,"gold_gain":0.0,"event_name":"Mushrooms","player_choice":"Fought Mushrooms","floor":12.0,"gold_loss":0.0,"damage_taken":0.0},{"damage_healed":0.0,"max_hp_gain":0.0,"max_hp_loss":0.0,"gold_gain":0.0,"event_name":"FaceTrader","player_choice":"Trade","floor":14.0,"gold_loss":0.0,"damage_taken":0.0,"relics_obtained":["NlothsMask"]},{"damage_healed":0.0,"max_hp_gain":0.0,"max_hp_loss":38.0,"gold_gain":0.0,"event_name":"Ghosts","player_choice":"Became a Ghost","floor":21.0,"gold_loss":0.0,"damage_taken":0.0,"cards_obtained":["Ghostly","Ghostly","Ghostly","Ghostly","Ghostly"]},{"damage_healed":0.0,"max_hp_gain":0.0,"max_hp_loss":0.0,"gold_gain":99.0,"event_name":"Nest","player_choice":"Stole From Cult","floor":22.0,"gold_loss":0.0,"damage_taken":0.0},{"damage_healed":0.0,"max_hp_gain":0.0,"max_hp_loss":0.0,"gold_gain":0.0,"event_name":"Cursed Tome","player_choice":"Obtained Book","floor":31.0,"gold_loss":0.0,"damage_taken":16.0},{"damage_healed":0,"gold_gain":0,"player_choice":"Memory 1","damage_taken":0,"max_hp_gain":0,"max_hp_loss":0,"event_name":"SensoryStone","floor":37,"gold_loss":0},{"damage_healed":0,"gold_gain":0,"player_choice":"Fight","damage_taken":0,"max_hp_gain":0,"max_hp_loss":0,"event_name":"Mysterious Sphere","floor":38,"gold_loss":0},{"damage_healed":0,"gold_gain":0,"cards_transformed":["Strike_B"],"player_choice":"Transformed","damage_taken":0,"max_hp_gain":0,"max_hp_loss":0,"event_name":"Transmorgrifier","floor":41,"gold_loss":0,"cards_obtained":["Double Energy"]},{"damage_healed":0,"gold_gain":0,"player_choice":"Fight","damage_taken":0,"max_hp_gain":0,"max_hp_loss":0,"event_name":"MindBloom","floor":47,"gold_loss":0}],"is_beta":false,"boss_relics":[{"not_picked":["Sozu","Eternal Feather"],"picked":"Busted Crown"},{"not_picked":["Coffee Dripper","Lizard Tail"],"picked":"Inserter"}],"items_purged_floors":[19,29,36],"is_endless":false,"potions_floor_spawned":[1,13,16,18,20,27,35,39,40,48],"killed_by":"Donu and Deca","ascension_level":13}