{"gold_per_floor":[116,127,32,32,52,52,86,104,155,186,99,111,111,137,137,235,235,235,235,235,42,42,42,42,42,42,42,42,42,42,42,42,42,42,42,42,0,0,0,0,0,0,0,0,0,0,0,0,0,0],"floor_reached":51,"playtime":4221,"items_purged":[],"score":798,"play_id":"c33c6d5c-b9d7-4774-86fe-3357da204565","local_time":"20190316174134","is_ascension_mode":true,"campfire_choices":[{"data":"Rebound","floor":6.0,"key":"SMITH"},{"floor":13.0,"key":"REST"},{"data":"Sunder","floor":15.0,"key":"SMITH"},{"data":"Bandage Up","floor":23.0,"key":"SMITH"},{"floor":32.0,"key":"REST"},{"floor":40.0,"key":"REST"},{"floor":45.0,"key":"REST"},{"floor":49,"key":"REST"}],"neow_cost":"NONE","seed_source_timestamp":23004373347515,"circlet_count":0,"master_deck":["Strike_B","Strike_B","Strike_B","Strike_B","Defend_B","Defend_B","Defend_B","Defend_B","Zap","Dualcast","Conserve Battery","Conserve Battery","Bandage Up+1","Rebound+1","Capacitor","Rebound","Darkness","Loop","Chill","Sunder+1","Rainbow","Leap+1","Sweeping Beam","Storm+1","Loop","Shame","Writhe","Consume","Reinforced Body+1","Writhe","Hologram+1","Conserve Battery+1","Creative AI","Coolheaded+1","Leap+1","Beam Cell+1","Defragment+1","Thunder Strike","Compile Driver+1","Steam+1","Conserve Battery+1","Steam+1"],"special_seed":0,"relics":["Cracked Core","Darkstone Periapt","Centennial Puzzle","Regal Pillow","Ancient Tea Set","Strawberry","Ectoplasm","HandDrill","Prayer Wheel","Nilry\u0027s Codex","Mummified Hand","Tiny Chest","Lizard Tail","Red Mask","Unceasing Top","Dream Catcher","StoneCalendar","Incense Burner"],"potions_floor_usage":[50],"damage_taken":[{"damage":1.0,"enemies":"2 Louse","floor":1.0,"turns":2.0},{"damage":3.0,"enemies":"Cultist","floor":2.0,"turns":4.0},{"damage":2.0,"enemies":"Small Slimes","floor":5.0,"turns":4.0},{"damage":24.0,"enemies":"3 Sentries","floor":7.0,"turns":7.0},{"damage":5.0,"enemies":"Blue Slaver","floor":8.0,"turns":4.0},{"damage":24.0,"enemies":"Lagavulin","floor":10.0,"turns":6.0},{"damage":0.0,"enemies":"3 Louse","floor":12.0,"turns":4.0},{"damage":4.0,"enemies":"3 Sentries","floor":14.0,"turns":7.0},{"damage":55.0,"enemies":"Slime Boss","floor":16.0,"turns":11.0},{"damage":7.0,"enemies":"3 Byrds","floor":18.0,"turns":6.0},{"damage":19.0,"enemies":"Spheric Guardian","floor":20.0,"turns":4.0},{"damage":7.0,"enemies":"Cultist and Chosen","floor":22.0,"turns":6.0},{"damage":26.0,"enemies":"Sentry and Sphere","floor":28.0,"turns":5.0},{"damage":18.0,"enemies":"Snake Plant","floor":31.0,"turns":5.0},{"damage":61.0,"enemies":"Champ","floor":33.0,"turns":10.0},{"damage":19.0,"enemies":"3 Shapes","floor":35.0,"turns":4.0},{"damage":48.0,"enemies":"2 Orb Walkers","floor":38.0,"turns":6.0},{"damage":4.0,"enemies":"Orb Walker","floor":41.0,"turns":4.0},{"damage":45.0,"enemies":"Reptomancer","floor":44.0,"turns":6.0},{"damage":3.0,"enemies":"Mind Bloom Boss Battle","floor":46.0,"turns":6.0},{"damage":33.0,"enemies":"Sphere and 2 Shapes","floor":47.0,"turns":6.0},{"damage":32,"enemies":"Time Eater","floor":50,"turns":10}],"seed_played":"9199131982632984265","potions_obtained":[{"floor":2.0,"key":"SpeedPotion"},{"floor":5.0,"key":"Regen Potion"},{"floor":8.0,"key":"GamblersBrew"},{"floor":16.0,"key":"FairyPotion"},{"floor":18.0,"key":"Poison Potion"},{"floor":31.0,"key":"Weak Potion"},{"floor":33.0,"key":"SneckoOil"},{"floor":35.0,"key":"LiquidBronze"},{"floor":47.0,"key":"Block Potion"}],"is_trial":false,"path_per_floor":["M","M","$","?","M","R","E","M","T","E","$","M","R","E","R","B",null,"M","?","M","$","M","R","?","?","T","?","M","?","?","M","R","B",null,"M","$","?","?","?","R","M","?","T","E","R","?","M","$","R","B",null],"character_chosen":"DEFECT","items_purchased":["Bandage Up","Loop","Compile Driver","HandDrill"],"campfire_rested":5,"item_purchase_floors":[3,11,11,21],"current_hp_per_floor":[81,78,78,78,80,80,60,59,59,54,54,58,82,89,89,34,89,86,86,70,70,67,67,73,57,57,63,43,43,49,37,84,29,107,94,94,94,52,52,99,101,101,101,62,107,107,76,76,107,81],"gold":0,"neow_bonus":"TEN_PERCENT_HP_BONUS","is_prod":false,"is_daily":false,"chose_seed":false,"campfire_upgraded":3,"win_rate":1,"timestamp":1552768894,"path_taken":["M","M","$","?","M","R","E","M","T","E","?","M","R","E","R","BOSS","M","?","M","$","M","R","?","?","T","?","?","?","?","M","R","BOSS","M","$","?","?","?","R","M","?","T","E","R","?","M","?","R","BOSS"],"build_version":"2019-01-17","purchased_purges":0,"victory":true,"max_hp_per_floor":[82,82,82,82,82,82,82,82,82,82,82,82,82,89,89,89,89,89,89,89,89,89,89,95,95,95,101,101,101,107,107,107,107,107,107,107,107,107,107,107,107,107,107,107,107,107,107,107,107,107],"card_choices":[{"not_picked":["Skim","Reprogram"],"picked":"Conserve Battery","floor":1.0},{"not_picked":["Gash","Go for the Eyes"],"picked":"Conserve Battery","floor":2.0},{"not_picked":["Glacier","Coolheaded"],"picked":"Rebound","floor":5.0},{"not_picked":["Streamline","Hello World"],"picked":"Capacitor","floor":7.0},{"not_picked":["Hello World","Go for the Eyes"],"picked":"Rebound","floor":8.0},{"not_picked":["Coolheaded","Gash"],"picked":"Darkness","floor":10.0},{"not_picked":["Double Energy","Beam Cell"],"picked":"Chill","floor":12.0},{"not_picked":["Conserve Battery","Go for the Eyes"],"picked":"Sunder","floor":14.0},{"not_picked":["Thunder Strike","All For One"],"picked":"Rainbow","floor":16.0},{"not_picked":["Double Energy","Storm"],"picked":"Leap+1","floor":18.0},{"not_picked":["Ball Lightning","Sweeping Beam+1"],"picked":"Storm+1","floor":20.0},{"not_picked":["Heatsinks","Force Field"],"picked":"Loop","floor":22.0},{"not_picked":["Redo","Hologram"],"picked":"Consume","floor":28.0},{"not_picked":["Coolheaded","Leap"],"picked":"Reinforced Body+1","floor":28.0},{"not_picked":["Rainbow","Coolheaded+1"],"picked":"Hologram+1","floor":31.0},{"not_picked":["Reinforced Body","Ball Lightning"],"picked":"Conserve Battery+1","floor":31.0},{"not_picked":["Seek","Reboot"],"picked":"Creative AI","floor":33.0},{"not_picked":["Undo","Streamline"],"picked":"Coolheaded+1","floor":35.0},{"not_picked":["Lockon+1","Turbo"],"picked":"Leap+1","floor":35.0},{"not_picked":["Skim+1","Force Field+1"],"picked":"Beam Cell+1","floor":41.0},{"not_picked":["Tempest","Beam Cell+1"],"picked":"Defragment+1","floor":41.0},{"not_picked":["Hello World","Reprogram+1"],"picked":"Thunder Strike","floor":44.0},{"not_picked":["Consume+1","Scrape"],"picked":"Compile Driver+1","floor":45.0},{"not_picked":["Go for the Eyes","Streamline+1"],"picked":"Steam+1","floor":47.0},{"not_picked":["Echo Form","Storm"],"picked":"Conserve Battery+1","floor":47.0},{"not_picked":["FTL+1","Self Repair+1"],"picked":"Steam+1","floor":49}],"player_experience":17155,"relics_obtained":[{"floor":7.0,"key":"Centennial Puzzle"},{"floor":9.0,"key":"Regal Pillow"},{"floor":10.0,"key":"Ancient Tea Set"},{"floor":14.0,"key":"Strawberry"},{"floor":25.0,"key":"Nilry\u0027s Codex"},{"floor":26.0,"key":"Mummified Hand"},{"floor":38.0,"key":"Unceasing Top"},{"floor":43.0,"key":"Dream Catcher"},{"floor":44.0,"key":"StoneCalendar"},{"floor":46.0,"key":"Incense Burner"}],"event_choices":[{"damage_healed":0.0,"max_hp_gain":0.0,"max_hp_loss":0.0,"gold_gain":0.0,"event_name":"WeMeetAgain","player_choice":"Gave Potion","floor":4.0,"gold_loss":0.0,"damage_taken":0.0,"relics_obtained":["Darkstone Periapt"]},{"damage_healed":0.0,"max_hp_gain":0.0,"max_hp_loss":0.0,"gold_gain":0.0,"event_name":"The Library","player_choice":"Read","floor":19.0,"gold_loss":0.0,"damage_taken":0.0,"cards_obtained":["Sweeping Beam"]},{"damage_healed":0.0,"max_hp_gain":0.0,"max_hp_loss":0.0,"gold_gain":0.0,"event_name":"Addict","player_choice":"Stole Relic","floor":24.0,"gold_loss":0.0,"damage_taken":0.0,"relics_obtained":["Prayer Wheel"],"cards_obtained":["Shame"]},{"damage_healed":0.0,"max_hp_gain":0.0,"max_hp_loss":0.0,"gold_gain":0.0,"event_name":"Cursed Tome","player_choice":"Obtained Book","floor":25.0,"gold_loss":0.0,"damage_taken":16.0},{"damage_healed":0.0,"max_hp_gain":0.0,"max_hp_loss":0.0,"gold_gain":0.0,"event_name":"Match and Keep!","player_choice":"1 cards matched","floor":27.0,"gold_loss":0.0,"damage_taken":0.0,"cards_obtained":["Writhe"]},{"damage_healed":0.0,"max_hp_gain":0.0,"max_hp_loss":0.0,"gold_gain":0.0,"event_name":"Vampires","player_choice":"Ignored","floor":29.0,"gold_loss":0.0,"damage_taken":0.0},{"damage_healed":0.0,"max_hp_gain":0.0,"max_hp_loss":0.0,"gold_gain":0.0,"event_name":"The Mausoleum","player_choice":"Opened","floor":30.0,"gold_loss":0.0,"damage_taken":0.0,"relics_obtained":["Tiny Chest"],"cards_obtained":["Writhe"]},{"damage_healed":0.0,"max_hp_gain":0.0,"max_hp_loss":0.0,"gold_gain":0.0,"event_name":"Tomb of Lord Red Mask","player_choice":"Paid","floor":37.0,"gold_loss":42.0,"damage_taken":0.0,"relics_obtained":["Red Mask"]},{"damage_healed":0.0,"max_hp_gain":0.0,"max_hp_loss":0.0,"gold_gain":0.0,"event_name":"Mysterious Sphere","player_choice":"Fight","floor":38.0,"gold_loss":0.0,"damage_taken":0.0},{"damage_healed":0.0,"max_hp_gain":0.0,"max_hp_loss":0.0,"gold_gain":0.0,"event_name":"SensoryStone","player_choice":"Memory 1","floor":39.0,"gold_loss":0.0,"damage_taken":0.0},{"cards_removed":["Compile Driver"],"damage_healed":0.0,"max_hp_gain":0.0,"max_hp_loss":0.0,"gold_gain":0.0,"event_name":"Falling","player_choice":"Removed Attack","floor":42.0,"gold_loss":0.0,"damage_taken":0.0},{"damage_healed":0.0,"max_hp_gain":0.0,"max_hp_loss":0.0,"gold_gain":0.0,"event_name":"MindBloom","player_choice":"Fight","floor":46.0,"gold_loss":0.0,"damage_taken":0.0}],"is_beta":false,"boss_relics":[{"not_picked":["Tiny House","Velvet Choker"],"picked":"Ectoplasm"},{"not_picked":["Snecko Eye","Coffee Dripper"],"picked":"Lizard Tail"}],"items_purged_floors":[],"is_endless":false,"potions_floor_spawned":[2,5,8,16,18,31,33,35,47],"ascension_level":1}