{"gold_per_floor":[116,266,266,283,208,208,224,259,259,259,259,270,270,283,283,360,360,378,397,397,57,57,57,67,67,67,79,95,12,46,46,46,122,122,140,150,25,25,25],"floor_reached":39,"playtime":2724,"items_purged":["Doubt","Pain","Defend_R"],"score":809,"play_id":"755fa52c-d179-4181-8536-4ff896e56e8f","local_time":"20190217094117","is_ascension_mode":true,"campfire_choices":[{"floor":6,"key":"REST"},{"floor":10,"key":"REST"},{"floor":13,"key":"REST"},{"floor":15,"key":"REST"},{"floor":23,"key":"REST"},{"data":"Metallicize","floor":25,"key":"SMITH"},{"data":"True Grit","floor":32,"key":"SMITH"}],"neow_cost":"PERCENT_DAMAGE","seed_source_timestamp":147178381742747,"circlet_count":0,"master_deck":["AscendersBane","Defend_R","Defend_R","Flame Barrier","Heavy Blade","Flame Barrier","Iron Wave","Reaper","Spot Weakness","Flame Barrier","Bite","Bite","Bite","Bite","Bite","Metallicize+1","Iron Wave","Pain","Metallicize","Pommel Strike","Rupture","True Grit+1","J.A.X.","Feed","Rupture","Cleave","Dropkick"],"relics":["Burning Blood","Ornamental Fan","Matryoshka","WarpedTongs","Cursed Key","PreservedInsect","Ancient Tea Set","Bag of Preparation","Juzu Bracelet","Sozu"],"potions_floor_usage":[8,16,16,19,30],"damage_taken":[{"damage":1,"enemies":"2 Louse","floor":1,"turns":4},{"damage":39,"enemies":"Cultist","floor":4,"turns":8},{"damage":3,"enemies":"Small Slimes","floor":7,"turns":4},{"damage":29,"enemies":"3 Sentries","floor":8,"turns":15},{"damage":42,"enemies":"Exordium Thugs","floor":12,"turns":6},{"damage":5,"enemies":"Blue Slaver","floor":14,"turns":5},{"damage":20,"enemies":"Hexaghost","floor":16,"turns":9},{"damage":44,"enemies":"Chosen","floor":18,"turns":8},{"damage":27,"enemies":"3 Byrds","floor":19,"turns":6},{"damage":20,"enemies":"Snecko","floor":24,"turns":6},{"damage":27,"enemies":"Centurion and Healer","floor":27,"turns":10},{"damage":13,"enemies":"Snake Plant","floor":28,"turns":5},{"damage":38,"enemies":"Gremlin Leader","floor":30,"turns":12},{"damage":113,"enemies":"Collector","floor":33,"turns":13},{"damage":31,"enemies":"3 Darklings","floor":35,"turns":8},{"damage":12,"enemies":"Orb Walker","floor":36,"turns":3},{"damage":81,"enemies":"Maw","floor":39,"turns":7}],"seed_played":"-666830934176409148","potions_obtained":[{"floor":1,"key":"Swift Potion"},{"floor":8,"key":"PowerPotion"},{"floor":12,"key":"SkillPotion"},{"floor":18,"key":"PowerPotion"},{"floor":24,"key":"FairyPotion"},{"floor":27,"key":"PowerPotion"}],"is_trial":false,"path_per_floor":["M","?","?","M","$","R","M","E","T","R","?","M","R","M","R","B",null,"M","M","?","$","?","R","M","R","T","M","M","$","E","?","R","B",null,"M","M","$","?","M"],"character_chosen":"IRONCLAD","items_purchased":["PreservedInsect","Metallicize","Rupture"],"campfire_rested":5,"item_purchase_floors":[21,21,29],"current_hp_per_floor":[55,55,55,22,22,44,47,24,24,46,46,10,32,33,55,41,67,33,18,18,18,18,33,41,41,41,52,50,50,52,52,52,17,43,56,54,54,54,0],"gold":25,"neow_bonus":"REMOVE_TWO","is_prod":false,"is_daily":false,"chose_seed":false,"campfire_upgraded":2,"win_rate":0,"timestamp":1550421677,"path_taken":["M","?","?","?","$","R","M","E","T","R","?","M","R","?","R","BOSS","M","M","?","$","?","R","M","R","T","M","?","$","E","?","R","BOSS","M","M","$","?","M"],"build_version":"2019-01-23","purchased_purges":3,"victory":false,"max_hp_per_floor":[75,75,75,75,75,75,75,75,75,75,75,75,75,75,75,75,75,75,75,52,52,52,52,52,52,52,52,52,52,52,52,52,52,52,56,56,56,56,56],"card_choices":[{"not_picked":["Body Slam","Clash"],"picked":"Flame Barrier","floor":1},{"not_picked":["Wild Strike","Battle Trance"],"picked":"Heavy Blade","floor":4},{"not_picked":["Spot Weakness","Seeing Red"],"picked":"Flame Barrier","floor":7},{"not_picked":["Havoc","Intimidate"],"picked":"Hemokinesis","floor":8},{"not_picked":["Fire Breathing","Anger","Heavy Blade"],"picked":"SKIP","floor":12},{"not_picked":["Perfected Strike","Armaments"],"picked":"Iron Wave","floor":14},{"not_picked":["Fiend Fire","Feed"],"picked":"Reaper","floor":16},{"not_picked":["Headbutt","Dual Wield"],"picked":"Spot Weakness","floor":18},{"not_picked":["Burning Pact","Havoc"],"picked":"Flame Barrier","floor":19},{"not_picked":["Seeing Red","Pommel Strike"],"picked":"Iron Wave","floor":24},{"not_picked":["Heavy Blade","Feel No Pain"],"picked":"Metallicize","floor":27},{"not_picked":["Sword Boomerang","Flex"],"picked":"Pommel Strike","floor":28},{"not_picked":["Uppercut","Burning Pact"],"picked":"True Grit","floor":30},{"not_picked":["Brutality","Demon Form"],"picked":"Feed","floor":33},{"not_picked":["Flex","Havoc+1"],"picked":"Rupture","floor":35},{"not_picked":["Wild Strike","Rage+1"],"picked":"Cleave","floor":36}],"player_experience":1134907,"relics_obtained":[{"floor":8,"key":"Ornamental Fan"},{"floor":9,"key":"Matryoshka"},{"floor":26,"key":"Bag of Preparation"},{"floor":30,"key":"Juzu Bracelet"}],"event_choices":[{"damage_healed":0,"gold_gain":150,"player_choice":"AGREE","damage_taken":0,"max_hp_gain":0,"max_hp_loss":0,"event_name":"Liars Game","floor":2,"gold_loss":0,"cards_obtained":["Doubt"]},{"cards_removed":["Bash"],"damage_healed":0,"gold_gain":0,"player_choice":"Offered Basic","damage_taken":0,"max_hp_gain":0,"max_hp_loss":0,"event_name":"Bonfire Elementals","floor":3,"gold_loss":0},{"damage_healed":0,"gold_gain":0,"player_choice":"Rummage","damage_taken":0,"relics_obtained":["WarpedTongs"],"max_hp_gain":0,"max_hp_loss":0,"event_name":"Accursed Blacksmith","floor":11,"gold_loss":0,"cards_obtained":["Pain"]},{"damage_healed":0,"gold_gain":0,"player_choice":"Became a vampire","damage_taken":0,"max_hp_gain":0,"max_hp_loss":23,"event_name":"Vampires","floor":20,"gold_loss":0,"cards_obtained":["Bite","Bite","Bite","Bite","Bite"]},{"cards_removed":["Hemokinesis"],"damage_healed":0,"gold_gain":0,"player_choice":"Gave Card","damage_taken":0,"relics_obtained":["Ancient Tea Set"],"max_hp_gain":0,"max_hp_loss":0,"event_name":"WeMeetAgain","floor":22,"gold_loss":0},{"damage_healed":0,"gold_gain":0,"player_choice":"Obtain J.A.X.","damage_taken":0,"max_hp_gain":0,"max_hp_loss":0,"event_name":"Drug Dealer","floor":31,"gold_loss":0,"cards_obtained":["J.A.X."]},{"damage_healed":0,"gold_gain":0,"cards_transformed":["Defend_R"],"player_choice":"Transformed","damage_taken":0,"max_hp_gain":0,"max_hp_loss":0,"event_name":"Transmorgrifier","floor":38,"gold_loss":0,"cards_obtained":["Dropkick"]}],"is_beta":false,"boss_relics":[{"not_picked":["Runic Dome","Black Blood"],"picked":"Cursed Key"},{"not_picked":["Tiny House","Orrery"],"picked":"Sozu"}],"items_purged_floors":[5,21,37],"is_endless":false,"potions_floor_spawned":[1,8,12,18,24,27,33,35],"killed_by":"Maw","ascension_level":17}