{"gold_per_floor":[116,126,51,64,78,78,108,108,108,126,126,136,151,65,65,136,136,116,116],"floor_reached":19,"playtime":1757,"items_purged":["Shame"],"score":333,"play_id":"ed6ef767-ec18-49c9-aa49-1fbed1397289","local_time":"20190223095127","is_ascension_mode":true,"campfire_choices":[{"data":"Armaments","floor":6,"key":"SMITH"},{"data":"Barricade","floor":8,"key":"SMITH"},{"data":"Jack Of All Trades","floor":11,"key":"SMITH"},{"data":"Entrench","floor":15,"key":"SMITH"}],"neow_cost":"CURSE","seed_source_timestamp":53995369852563,"circlet_count":0,"master_deck":["AscendersBane","Strike_R","Strike_R","Strike_R","Strike_R","Strike_R","Defend_R","Defend_R","Defend_R","Defend_R","Bash","Thinking Ahead","Jack Of All Trades+1","Ghostly Armor","Headbutt","Shrug It Off","Armaments+1","Barricade+1","Cleave","Sever Soul","Entrench+1","Impervious","Shame","Normality","Pain","Flex"],"relics":["Burning Blood","Blood Vial","Orichalcum","Calling Bell","Ancient Tea Set","Pear","Ice Cream"],"potions_floor_usage":[7,12,16,18],"damage_taken":[{"damage":6,"enemies":"Cultist","floor":1,"turns":3},{"damage":0,"enemies":"Small Slimes","floor":2,"turns":4},{"damage":7,"enemies":"Jaw Worm","floor":4,"turns":5},{"damage":12,"enemies":"Looter","floor":5,"turns":4},{"damage":33,"enemies":"3 Sentries","floor":7,"turns":12},{"damage":0,"enemies":"3 Louse","floor":10,"turns":5},{"damage":14,"enemies":"Exordium Wildlife","floor":12,"turns":8},{"damage":10,"enemies":"2 Fungi Beasts","floor":13,"turns":4},{"damage":17,"enemies":"The Guardian","floor":16,"turns":17},{"damage":29,"enemies":"2 Thieves","floor":18,"turns":4},{"damage":64,"enemies":"Spheric Guardian","floor":19,"turns":11}],"seed_played":"6986495005926714622","potions_obtained":[{"floor":2,"key":"Ancient Potion"},{"floor":4,"key":"SpeedPotion"},{"floor":12,"key":"Weak Potion"},{"floor":16,"key":"SteroidPotion"}],"is_trial":false,"path_per_floor":["M","M","$","M","M","R","E","R","T","M","R","M","M","$","R","B",null,"M","M"],"character_chosen":"IRONCLAD","items_purchased":["Entrench"],"campfire_rested":0,"item_purchase_floors":[14],"current_hp_per_floor":[68,74,74,73,67,67,40,40,40,48,48,42,40,40,40,31,74,53,0],"gold":116,"neow_bonus":"RANDOM_COLORLESS_2","is_prod":false,"is_daily":false,"chose_seed":false,"campfire_upgraded":4,"win_rate":0,"timestamp":1550940687,"path_taken":["M","M","$","M","M","R","E","R","T","M","R","M","M","$","R","BOSS","M","M"],"build_version":"2019-01-23","purchased_purges":1,"victory":false,"max_hp_per_floor":[75,75,75,75,75,75,75,75,75,75,75,75,75,75,75,75,85,85,85],"card_choices":[{"not_picked":["Twin Strike","Clash"],"picked":"Ghostly Armor","floor":1},{"not_picked":["Burning Pact","Wild Strike"],"picked":"Headbutt","floor":2},{"not_picked":["Clash","Disarm"],"picked":"Shrug It Off","floor":4},{"not_picked":["Anger","Clothesline"],"picked":"Armaments","floor":5},{"not_picked":["Flex","Heavy Blade"],"picked":"Barricade","floor":7},{"not_picked":["Seeing Red","Perfected Strike"],"picked":"Cleave","floor":10},{"not_picked":["Pummel","Dual Wield","Headbutt"],"picked":"SKIP","floor":12},{"not_picked":["Warcry","Fire Breathing"],"picked":"Sever Soul","floor":13},{"not_picked":["Dark Embrace","Reaper"],"picked":"Impervious","floor":16},{"not_picked":["Intimidate","Armaments"],"picked":"Flex","floor":18}],"player_experience":1222005,"relics_obtained":[{"floor":7,"key":"Blood Vial"},{"floor":9,"key":"Orichalcum"},{"floor":17,"key":"Ancient Tea Set"},{"floor":17,"key":"Pear"},{"floor":17,"key":"Ice Cream"}],"event_choices":[],"is_beta":false,"boss_relics":[{"not_picked":["Runic Cube","Black Blood"],"picked":"Calling Bell"}],"items_purged_floors":[3],"is_endless":false,"potions_floor_spawned":[2,4,12,16],"killed_by":"Spheric Guardian","ascension_level":19}