{"gold_per_floor":[111,111,36,50,50,50,78,78,132,132,166,166,180,199,199,273,273,286,299,317,329,16,41,41,75,75,75,92,92,92,142,142,213,213,231,331,386,52,0,0,18,18,97,116,116,150,169,169,169,169],"floor_reached":50,"playtime":4044,"items_purged":["Strike_R","Strike_R","Strike_R"],"score":1053,"play_id":"22479988-78da-4625-821f-ee1678043987","local_time":"20190218121953","is_ascension_mode":true,"campfire_choices":[{"data":"Body Slam","floor":6,"key":"SMITH"},{"floor":10,"key":"REST"},{"data":"Flame Barrier","floor":12,"key":"SMITH"},{"data":"Thunderclap","floor":15,"key":"SMITH"},{"floor":24,"key":"REST"},{"data":"Body Slam","floor":27,"key":"SMITH"},{"data":"Exhume","floor":29,"key":"SMITH"},{"floor":32,"key":"REST"},{"floor":40,"key":"REST"},{"data":"Entrench","floor":42,"key":"SMITH"},{"floor":45,"key":"RECALL"},{"floor":49,"key":"REST"}],"neow_cost":"NONE","seed_source_timestamp":241765147180334,"circlet_count":0,"master_deck":["AscendersBane","Strike_R","Strike_R","Defend_R","Defend_R","Defend_R","Defend_R","Bash","Impervious","Body Slam+1","Clash","Thunderclap+1","Flame Barrier+1","Shrug It Off","Exhume+1","Dual Wield","Inflame","Uppercut+1","Body Slam+1","Panache","Metallicize+1","Body Slam+1","Iron Wave+1","Impervious","Flex","Flame Barrier","Ghostly Armor","Entrench+1","Metallicize+1","Pain","Body Slam+1","True Grit+1","Second Wind","Good Instincts"],"relics":["Burning Blood","Pen Nib","Kunai","Centennial Puzzle","Boot","Philosopher\u0027s Stone","Dodecahedron","Juzu Bracelet","Molten Egg 2","Lantern","Cursed Key","Bird Faced Urn","Nunchaku","Strawberry","Red Mask","Bronze Scales"],"potions_floor_usage":[7,16,23,23,25,35,37,50],"damage_taken":[{"damage":3,"enemies":"Small Slimes","floor":1,"turns":5},{"damage":7,"enemies":"Jaw Worm","floor":4,"turns":2},{"damage":28,"enemies":"Gremlin Nob","floor":7,"turns":4},{"damage":20,"enemies":"Lagavulin","floor":11,"turns":6},{"damage":1,"enemies":"Cultist","floor":13,"turns":3},{"damage":1,"enemies":"Looter","floor":14,"turns":4},{"damage":34,"enemies":"The Guardian","floor":16,"turns":14},{"damage":8,"enemies":"Spheric Guardian","floor":18,"turns":4},{"damage":15,"enemies":"Shell Parasite","floor":19,"turns":5},{"damage":19,"enemies":"Snecko","floor":20,"turns":5},{"damage":0,"enemies":"Centurion and Healer","floor":21,"turns":7},{"damage":16,"enemies":"Slavers","floor":23,"turns":5},{"damage":12,"enemies":"Book of Stabbing","floor":25,"turns":5},{"damage":11,"enemies":"3 Cultists","floor":28,"turns":4},{"damage":39,"enemies":"Champ","floor":33,"turns":11},{"damage":6,"enemies":"3 Shapes","floor":35,"turns":7},{"damage":0,"enemies":"Mind Bloom Boss Battle","floor":36,"turns":5},{"damage":53,"enemies":"2 Orb Walkers","floor":37,"turns":7},{"damage":12,"enemies":"Orb Walker","floor":41,"turns":3},{"damage":13,"enemies":"Transient","floor":44,"turns":6},{"damage":21,"enemies":"Nemesis","floor":46,"turns":5},{"damage":28,"enemies":"4 Shapes","floor":47,"turns":10},{"damage":118,"enemies":"Donu and Deca","floor":50,"turns":9}],"seed_played":"-1820754184733950581","potions_obtained":[{"floor":4,"key":"Block Potion"},{"floor":11,"key":"Swift Potion"},{"floor":16,"key":"Strength Potion"},{"floor":21,"key":"SteroidPotion"},{"floor":23,"key":"SkillPotion"},{"floor":25,"key":"Ancient Potion"},{"floor":33,"key":"GamblersBrew"},{"floor":35,"key":"FairyPotion"},{"floor":36,"key":"Poison Potion"},{"floor":47,"key":"SpeedPotion"}],"is_trial":false,"path_per_floor":["M","?","$","M","?","R","E","$","T","R","E","R","M","M","R","B",null,"M","M","M","M","$","E","R","E","T","R","M","R","?","?","R","B",null,"M","?","?","$","?","R","M","R","T","M","R","E","M","?","R","B"],"character_chosen":"IRONCLAD","items_purchased":["Panache","Entrench","Strawberry"],"campfire_rested":5,"item_purchase_floors":[22,38,38],"current_hp_per_floor":[71,66,66,65,65,65,43,43,43,65,51,51,56,61,61,33,65,63,54,41,47,47,37,59,53,53,53,48,48,48,48,70,37,66,66,72,33,40,40,64,62,62,62,65,65,58,46,46,70,0],"gold":169,"neow_bonus":"ONE_RANDOM_RARE_CARD","is_prod":false,"is_daily":false,"chose_seed":false,"campfire_upgraded":6,"win_rate":0,"timestamp":1550517593,"path_taken":["M","?","$","M","?","R","E","$","T","R","E","R","M","M","R","BOSS","M","M","M","M","$","E","R","E","T","R","M","R","?","?","R","BOSS","M","?","?","$","?","R","M","R","T","M","R","E","M","?","R","BOSS"],"build_version":"2019-01-23","purchased_purges":3,"victory":false,"max_hp_per_floor":[75,75,75,75,75,75,75,75,75,75,75,75,75,75,75,75,75,75,75,75,75,75,75,75,75,75,75,75,75,75,75,75,75,75,75,75,75,82,82,82,82,82,82,82,82,82,82,82,82,82],"card_choices":[{"not_picked":["Havoc","Seeing Red"],"picked":"Body Slam","floor":1},{"not_picked":["Rupture","Anger"],"picked":"Clash","floor":4},{"not_picked":["Twin Strike","Shockwave"],"picked":"Thunderclap","floor":7},{"not_picked":["Intimidate","Dropkick"],"picked":"Flame Barrier","floor":11},{"not_picked":["Battle Trance","Heavy Blade"],"picked":"Shrug It Off","floor":13},{"not_picked":["Sword Boomerang","Twin Strike","Heavy Blade"],"picked":"SKIP","floor":14},{"not_picked":["Reaper","Immolate"],"picked":"Exhume","floor":16},{"not_picked":["Wild Strike","Dropkick+1"],"picked":"Dual Wield","floor":18},{"not_picked":["Hemokinesis","Sword Boomerang"],"picked":"Inflame","floor":19},{"not_picked":["Anger","Warcry"],"picked":"Uppercut+1","floor":20},{"not_picked":["True Grit","Combust"],"picked":"Body Slam+1","floor":21},{"not_picked":["Disarm+1","Intimidate"],"picked":"Metallicize+1","floor":23},{"not_picked":["Thunderclap","Feed"],"picked":"Body Slam","floor":25},{"not_picked":["Battle Trance","Rupture+1"],"picked":"Iron Wave+1","floor":28},{"not_picked":["Immolate+1","Exhume"],"picked":"Impervious","floor":33},{"not_picked":["Headbutt+1","Cleave+1"],"picked":"Flex","floor":35},{"not_picked":["Warcry","Sword Boomerang+1"],"picked":"Flame Barrier","floor":36},{"not_picked":["Anger+1","Heavy Blade+1"],"picked":"Ghostly Armor","floor":37},{"not_picked":["Heavy Blade+1","Twin Strike+1"],"picked":"Metallicize+1","floor":41},{"not_picked":["Perfected Strike+1","Disarm+1"],"picked":"Body Slam+1","floor":44},{"not_picked":["Anger+1","Rupture"],"picked":"True Grit+1","floor":46},{"not_picked":["Rage","Thunderclap+1"],"picked":"Second Wind","floor":47},{"not_picked":["PanicButton","Forethought"],"picked":"Good Instincts","floor":48}],"player_experience":1161526,"relics_obtained":[{"floor":7,"key":"Kunai"},{"floor":9,"key":"Centennial Puzzle"},{"floor":11,"key":"Boot"},{"floor":23,"key":"Dodecahedron"},{"floor":25,"key":"Juzu Bracelet"},{"floor":26,"key":"Molten Egg 2"},{"floor":36,"key":"Bird Faced Urn"},{"floor":37,"key":"Nunchaku"},{"floor":46,"key":"Bronze Scales"}],"event_choices":[{"damage_healed":0,"gold_gain":0,"player_choice":"Success","damage_taken":5,"relics_obtained":["Pen Nib"],"max_hp_gain":0,"max_hp_loss":0,"event_name":"Scrap Ooze","floor":2,"gold_loss":0},{"damage_healed":0,"gold_gain":0,"player_choice":"Leave","damage_taken":0,"max_hp_gain":0,"max_hp_loss":0,"event_name":"The Cleric","floor":5,"gold_loss":0},{"damage_healed":0,"gold_gain":0,"player_choice":"Gave Potion","damage_taken":0,"relics_obtained":["Lantern"],"max_hp_gain":0,"max_hp_loss":0,"event_name":"WeMeetAgain","floor":30,"gold_loss":0},{"damage_healed":0,"gold_gain":50,"player_choice":"Stole From Cult","damage_taken":0,"max_hp_gain":0,"max_hp_loss":0,"event_name":"Nest","floor":31,"gold_loss":0},{"damage_healed":0,"gold_gain":0,"player_choice":"Fight","damage_taken":0,"max_hp_gain":0,"max_hp_loss":0,"event_name":"MindBloom","floor":36,"gold_loss":0},{"damage_healed":0,"gold_gain":0,"player_choice":"Fight","damage_taken":0,"max_hp_gain":0,"max_hp_loss":0,"event_name":"Mysterious Sphere","floor":37,"gold_loss":0},{"damage_healed":0,"gold_gain":0,"player_choice":"Paid","damage_taken":0,"relics_obtained":["Red Mask"],"max_hp_gain":0,"max_hp_loss":0,"event_name":"Tomb of Lord Red Mask","floor":39,"gold_loss":52},{"damage_healed":0,"gold_gain":0,"player_choice":"Memory 1","damage_taken":0,"max_hp_gain":0,"max_hp_loss":0,"event_name":"SensoryStone","floor":48,"gold_loss":0}],"is_beta":false,"boss_relics":[{"not_picked":["Black Star","Runic Cube"],"picked":"Philosopher\u0027s Stone"},{"not_picked":["White Beast Statue","Pandora\u0027s Box"],"picked":"Cursed Key"}],"items_purged_floors":[3,22,38],"is_endless":false,"potions_floor_spawned":[4,11,16,21,23,25,33,35,36,47],"killed_by":"Donu and Deca","ascension_level":18}