{"gold_per_floor":[119,134,209,229,189,189,29,46,46,46,46,46,102,113,113,192,192,205,85,96,21,71,71,71],"floor_reached":24,"playtime":1080,"items_purged":[],"score":369,"play_id":"a427eb14-20ff-48d5-bd64-ce6946333403","local_time":"20190306144918","is_ascension_mode":true,"campfire_choices":[{"data":"Consume","floor":6,"key":"SMITH"},{"floor":10,"key":"REST"},{"data":"Zap","floor":12,"key":"SMITH"},{"floor":15,"key":"REST"},{"floor":23,"key":"REST"}],"neow_cost":"NONE","seed_source_timestamp":396421817578622,"circlet_count":0,"master_deck":["AscendersBane","Strike_B","Strike_B","Strike_B","Strike_B","Defend_B","Defend_B","Defend_B","Zap+1","Dualcast","Go for the Eyes","Genetic Algorithm","Glacier","Consume+1","Glacier","Hologram","Reinforced Body","Creative AI","Coolheaded","Machine Learning"],"relics":["Runic Pyramid","Bronze Scales","Question Card","Tiny Chest","Sozu"],"potions_floor_usage":[8,13,16],"damage_taken":[{"damage":1,"enemies":"Cultist","floor":1,"turns":3},{"damage":1,"enemies":"Small Slimes","floor":2,"turns":4},{"damage":8,"enemies":"2 Louse","floor":4,"turns":3},{"damage":0,"enemies":"Looter","floor":5,"turns":4},{"damage":13,"enemies":"Lots of Slimes","floor":8,"turns":5},{"damage":27,"enemies":"Gremlin Nob","floor":13,"turns":4},{"damage":4,"enemies":"Red Slaver","floor":14,"turns":4},{"damage":11,"enemies":"Hexaghost","floor":16,"turns":18},{"damage":11,"enemies":"Chosen","floor":18,"turns":6},{"damage":23,"enemies":"2 Thieves","floor":19,"turns":5},{"damage":8,"enemies":"Snake Plant","floor":20,"turns":8},{"damage":40,"enemies":"Book of Stabbing","floor":24,"turns":5}],"seed_played":"-3056998042848327755","potions_obtained":[{"floor":4,"key":"GamblersBrew"},{"floor":8,"key":"SkillPotion"},{"floor":13,"key":"Weak Potion"}],"is_trial":false,"path_per_floor":["M","M","?","M","M","R","$","M","T","R","$","R","E","M","R","B",null,"M","M","M","?","?","R","E"],"character_chosen":"DEFECT","items_purchased":["Bronze Scales"],"campfire_rested":3,"item_purchase_floors":[7],"current_hp_per_floor":[63,62,51,43,43,43,43,30,30,51,51,51,24,20,41,30,61,50,27,19,19,19,40,0],"gold":71,"neow_bonus":"BOSS_RELIC","is_prod":false,"is_daily":false,"chose_seed":false,"campfire_upgraded":2,"win_rate":0,"timestamp":1551876558,"path_taken":["M","?","?","M","M","R","$","M","T","R","$","R","E","M","R","BOSS","M","M","M","?","?","R","E"],"build_version":"2019-01-23","purchased_purges":0,"victory":false,"max_hp_per_floor":[71,71,71,71,71,71,71,71,71,71,71,71,71,71,71,71,71,71,71,71,71,71,71,71],"card_choices":[{"not_picked":["Loop","Barrage"],"picked":"Go for the Eyes","floor":1},{"not_picked":["Double Energy","Conserve Battery"],"picked":"Genetic Algorithm","floor":2},{"not_picked":["Chill","White Noise"],"picked":"Glacier","floor":4},{"not_picked":["Rebound","Tempest"],"picked":"Consume","floor":5},{"not_picked":["Stack","Undo"],"picked":"Glacier","floor":8},{"not_picked":["Scrape","Barrage","Steam Power"],"picked":"Hologram","floor":13},{"not_picked":["Hologram","Aggregate","Streamline"],"picked":"Reinforced Body","floor":14},{"not_picked":["Core Surge","All For One","Machine Learning"],"picked":"Creative AI","floor":16},{"not_picked":["Gash","Cold Snap+1","Steam Power"],"picked":"Coolheaded","floor":18},{"not_picked":["Compile Driver","Consume","Tempest","Leap"],"picked":"SKIP","floor":19},{"not_picked":["Sweeping Beam","Scrape","Go for the Eyes"],"picked":"Machine Learning","floor":20}],"player_experience":762984,"relics_obtained":[{"floor":9,"key":"Question Card"},{"floor":13,"key":"Tiny Chest"}],"event_choices":[{"damage_healed":0,"gold_gain":75,"player_choice":"Gather Gold","damage_taken":11,"max_hp_gain":0,"max_hp_loss":0,"event_name":"World of Goop","floor":3,"gold_loss":0},{"cards_removed":["Defend_B"],"damage_healed":0,"gold_gain":0,"player_choice":"Gave Gold","damage_taken":0,"max_hp_gain":0,"max_hp_loss":0,"event_name":"Beggar","floor":21,"gold_loss":75},{"damage_healed":0,"gold_gain":50,"player_choice":"Pray","damage_taken":0,"max_hp_gain":0,"max_hp_loss":0,"event_name":"Golden Shrine","floor":22,"gold_loss":0}],"is_beta":false,"boss_relics":[{"not_picked":["Velvet Choker","Astrolabe"],"picked":"Sozu"}],"items_purged_floors":[],"is_endless":false,"potions_floor_spawned":[4,8,13,18,20],"killed_by":"Book of Stabbing","ascension_level":18}