{"path_per_floor":["M","M","$","M","?","R","E","M","T","M","M","R","M","M","R","B",null,"M","M","$","M","$","R","E","R","T","R","?","M","?","E","R"],"character_chosen":"DEFECT","items_purchased":["Kunai","Pen Nib"],"gold_per_floor":[314,333,15,27,27,27,59,71,95,109,126,126,145,161,161,266,266,285,302,202,213,56,56,82,82,136,136,136,156,156,188,188,188],"floor_reached":33,"campfire_rested":4,"playtime":1822,"item_purchase_floors":[3,22],"current_hp_per_floor":[67,63,63,59,44,66,37,35,35,33,19,41,35,34,56,56,70,51,47,47,45,45,67,62,62,62,62,41,32,32,31,31,0],"items_purged":["Defend_B","Defend_B"],"gold":188,"score":517,"play_id":"c41f31b9-464c-45ad-93f6-d9953870447a","local_time":"20180527233458","is_prod":false,"is_daily":false,"chose_seed":false,"is_ascension_mode":true,"campfire_upgraded":3,"win_rate":0,"timestamp":1527485698,"campfire_choices":[{"floor":6,"key":"REST"},{"floor":12,"key":"REST"},{"floor":15,"key":"REST"},{"floor":23,"key":"REST"},{"data":"Dualcast","floor":25,"key":"SMITH"},{"data":"Consume","floor":27,"key":"SMITH"},{"data":"Go for the Eyes","floor":32,"key":"SMITH"}],"path_taken":["M","M","$","?","?","R","E","M","T","M","M","R","M","M","R","BOSS","M","M","$","M","$","R","E","R","T","R","?","M","?","E","R","BOSS"],"build_version":"2018-05-25","seed_source_timestamp":1564089996717956,"purchased_purges":2,"victory":false,"master_deck":["Strike_B+1","Strike_B","Strike_B","Strike_B","Defend_B+1","Zap+1","Dualcast+1","Go for the Eyes","Consume+1","Ball Lightning","Cold Snap","Cold Snap","Beam Cell","Cold Snap","All For One+1","Glacier+1","Ghostly","Ghostly","Ghostly","Ghostly","Ghostly","Go for the Eyes+1","Melter"],"max_hp_per_floor":[75,75,75,75,75,75,75,75,75,75,75,75,75,75,75,75,75,75,75,75,75,75,75,82,82,82,82,41,41,41,41,41,41],"relics":["Cracked Core","Old Coin","Kunai","Boot","Bag of Marbles","Black Star","Pen Nib","Strawberry","Bronze Scales","Whetstone","Lantern","Dream Catcher"],"card_choices":[{"not_picked":["Leap","Streamline"],"picked":"Go for the Eyes","floor":1},{"not_picked":["Melter","Compile Driver"],"picked":"Consume","floor":2},{"not_picked":["Barrage","Turbo"],"picked":"Ball Lightning","floor":4},{"not_picked":["Loop","Streamline"],"picked":"Cold Snap","floor":7},{"not_picked":["Loop","Leap"],"picked":"Cold Snap","floor":8},{"not_picked":["Defragment","Stack"],"picked":"Beam Cell","floor":10},{"not_picked":["Force Field","Rebound","Redo"],"picked":"SKIP","floor":11},{"not_picked":["Hologram","Multi-Cast"],"picked":"Cold Snap","floor":13},{"not_picked":["Leap","Barrage","Reprogram"],"picked":"SKIP","floor":14},{"not_picked":["Multi-Cast","Reboot"],"picked":"All For One","floor":16},{"not_picked":["Auto Shields","Coolheaded+1"],"picked":"Glacier+1","floor":18},{"not_picked":["Stack+1","Steam","Undo"],"picked":"SKIP","floor":19},{"not_picked":["Coolheaded+1","Redo","Leap"],"picked":"SKIP","floor":21},{"not_picked":["Sunder","Loop","Lockon"],"picked":"SKIP","floor":24},{"not_picked":["Coolheaded+1","Streamline+1"],"picked":"Go for the Eyes","floor":29},{"not_picked":["Storm","Genetic Algorithm"],"picked":"Melter","floor":31}],"player_experience":173849,"potions_floor_usage":[16,16,16,24,24,33],"damage_taken":[{"damage":1,"enemies":"Cultist","floor":1,"turns":3},{"damage":4,"enemies":"2 Louse","floor":2,"turns":3},{"damage":4,"enemies":"Small Slimes","floor":4,"turns":3},{"damage":29,"enemies":"3 Sentries","floor":7,"turns":6},{"damage":2,"enemies":"Looter","floor":8,"turns":2},{"damage":2,"enemies":"Exordium Wildlife","floor":10,"turns":2},{"damage":14,"enemies":"Exordium Thugs","floor":11,"turns":3},{"damage":6,"enemies":"Red Slaver","floor":13,"turns":2},{"damage":1,"enemies":"Exordium Wildlife","floor":14,"turns":3},{"damage":0,"enemies":"Slime Boss","floor":16,"turns":3},{"damage":19,"enemies":"3 Byrds","floor":18,"turns":4},{"damage":4,"enemies":"Shell Parasite","floor":19,"turns":7},{"damage":2,"enemies":"Centurion and Healer","floor":21,"turns":5},{"damage":12,"enemies":"Slavers","floor":24,"turns":5},{"damage":9,"enemies":"Snake Plant","floor":29,"turns":4},{"damage":1,"enemies":"Book of Stabbing","floor":31,"turns":7},{"damage":42,"enemies":"Champ","floor":33,"turns":10}],"relics_obtained":[{"floor":7,"key":"Boot"},{"floor":9,"key":"Bag of Marbles"},{"floor":24,"key":"Strawberry"},{"floor":24,"key":"Bronze Scales"},{"floor":26,"key":"Whetstone"},{"floor":31,"key":"Lantern"},{"floor":31,"key":"Dream Catcher"}],"event_choices":[{"event_name":"Shining Light","player_choice":"Entered Light","floor":5,"damage_taken":0},{"event_name":"Ghosts","player_choice":"Became a Ghost","floor":28,"damage_taken":0},{"event_name":"Purifier","player_choice":"One Purge","floor":30,"damage_taken":0}],"boss_relics":[{"not_picked":["Runic Dome","Lizard Tail"],"picked":"Black Star"}],"items_purged_floors":[3,20],"potions_floor_spawned":[2,7,11,13,16,19,24],"seed_played":"8088201956524490473","killed_by":"Champ","ascension_level":9,"potions_obtained":[{"floor":2,"key":"AttackPotion"},{"floor":7,"key":"Poison Potion"},{"floor":11,"key":"Poison Potion"},{"floor":16,"key":"Block Potion"},{"floor":19,"key":"Explosive Potion"},{"floor":24,"key":"Ancient Potion"}],"is_trial":false}