{"gold_per_floor":[110,121,121,121,121,156,172,172,240,71,87,87,113,38,38,111,111,131,148,148],"floor_reached":20,"playtime":863,"items_purged":["Strike_R"],"score":469,"play_id":"262c2775-0aed-4dcd-9ab3-0eae9ee404ae","local_time":"20190218232327","is_ascension_mode":true,"campfire_choices":[{"data":"Whirlwind","floor":8,"key":"SMITH"},{"data":"Bloodletting","floor":12,"key":"SMITH"},{"data":"Shrug It Off","floor":15,"key":"SMITH"}],"neow_cost":"NONE","seed_source_timestamp":284763382337528,"circlet_count":0,"master_deck":["AscendersBane","Strike_R","Strike_R","Strike_R+1","Strike_R","Defend_R","Defend_R","Defend_R","Defend_R","Bash","Whirlwind+1","Metallicize+1","Bloodletting+1","Shrug It Off+1","Feed","Impervious","True Grit+1","Thunderclap+1"],"relics":["Burning Blood","NeowsBlessing","Oddly Smooth Stone","Happy Flower","Frozen Egg 2","PreservedInsect","Bag of Marbles","Mark of Pain"],"potions_floor_usage":[7,16,20],"damage_taken":[{"damage":0,"enemies":"Small Slimes","floor":1,"turns":1},{"damage":0,"enemies":"2 Louse","floor":2,"turns":1},{"damage":0,"enemies":"3 Sentries","floor":6,"turns":2},{"damage":1,"enemies":"Jaw Worm","floor":7,"turns":5},{"damage":5,"enemies":"Looter","floor":11,"turns":3},{"damage":3,"enemies":"Slime Boss","floor":16,"turns":7},{"damage":43,"enemies":"Chosen","floor":18,"turns":6},{"damage":38,"enemies":"Shell Parasite","floor":19,"turns":5},{"damage":17,"enemies":"Sentry and Sphere","floor":20,"turns":5}],"seed_played":"-2261694257047004797","potions_obtained":[{"floor":1,"key":"Regen Potion"},{"floor":6,"key":"Swift Potion"},{"floor":7,"key":"LiquidBronze"},{"floor":11,"key":"Strength Potion"}],"is_trial":false,"path_per_floor":["M","M","?","?","?","E","M","R","T","$","M","R","T","$","R","B",null,"M","M","M"],"character_chosen":"IRONCLAD","items_purchased":["PreservedInsect"],"campfire_rested":0,"item_purchase_floors":[10],"current_hp_per_floor":[74,75,75,75,52,58,75,75,75,75,75,75,75,75,75,78,78,41,12,0],"gold":148,"neow_bonus":"THREE_ENEMY_KILL","is_prod":false,"is_daily":false,"chose_seed":false,"campfire_upgraded":3,"win_rate":0,"timestamp":1550557407,"path_taken":["M","M","?","?","?","E","M","R","T","$","M","R","?","$","R","BOSS","M","M","?"],"build_version":"2019-01-23","purchased_purges":1,"victory":false,"max_hp_per_floor":[75,75,75,75,75,75,75,75,75,75,75,75,75,75,75,78,78,78,81,81],"card_choices":[{"not_picked":["Body Slam","Sword Boomerang"],"picked":"Whirlwind","floor":1},{"not_picked":["Blood for Blood","Thunderclap"],"picked":"Metallicize","floor":2},{"not_picked":["Pommel Strike","Anger"],"picked":"Bloodletting","floor":6},{"not_picked":["Cleave","Heavy Blade"],"picked":"Shrug It Off","floor":7},{"not_picked":["Evolve+1","Hemokinesis"],"picked":"Feed","floor":11},{"not_picked":["Immolate","Dark Embrace+1"],"picked":"Impervious","floor":16},{"not_picked":["Inflame+1","Clothesline"],"picked":"True Grit+1","floor":18},{"not_picked":["Sword Boomerang","Headbutt"],"picked":"Thunderclap+1","floor":19}],"player_experience":1175744,"relics_obtained":[{"floor":6,"key":"Happy Flower"},{"floor":9,"key":"Frozen Egg 2"},{"floor":13,"key":"Bag of Marbles"}],"event_choices":[{"damage_healed":0,"gold_gain":0,"player_choice":"Box","damage_taken":0,"relics_obtained":["Oddly Smooth Stone"],"max_hp_gain":0,"max_hp_loss":0,"event_name":"Big Fish","floor":3,"gold_loss":0,"cards_obtained":["Regret"]},{"cards_removed":["Regret"],"damage_healed":0,"gold_gain":0,"player_choice":"Forget","damage_taken":0,"max_hp_gain":0,"max_hp_loss":0,"event_name":"Living Wall","floor":4,"gold_loss":0},{"damage_healed":0,"gold_gain":0,"player_choice":"Entered Light","damage_taken":23,"max_hp_gain":0,"max_hp_loss":0,"event_name":"Shining Light","floor":5,"gold_loss":0,"cards_upgraded":["Strike_R","Metallicize"]}],"is_beta":false,"boss_relics":[{"not_picked":["Cursed Key","Black Blood"],"picked":"Mark of Pain"}],"items_purged_floors":[14],"is_endless":false,"potions_floor_spawned":[1,6,7,11],"killed_by":"Sentry and Sphere","ascension_level":18}