{"gold_per_floor":[112,126,126,141,22,22,22,22,45,45,45,55,55,86,86,86],"floor_reached":16,"playtime":524,"items_purged":["Bash"],"score":186,"play_id":"e593ac17-028f-4678-9904-d012f76bfdec","local_time":"20190218220718","is_ascension_mode":true,"campfire_choices":[{"data":"Metallicize","floor":6,"key":"SMITH"},{"data":"Iron Wave","floor":8,"key":"SMITH"},{"floor":11,"key":"RECALL"},{"data":"Bash","floor":15,"key":"SMITH"}],"neow_cost":"NONE","seed_source_timestamp":280533788260610,"circlet_count":0,"master_deck":["AscendersBane","Strike_R","Strike_R","Strike_R","Strike_R","Defend_R","Defend_R","Defend_R","Defend_R","Infernal Blade","Iron Wave+1","Metallicize+1","Immolate","Dropkick","Bash+1","Power Through"],"relics":["Burning Blood","NeowsBlessing","Lantern","Boot"],"potions_floor_usage":[14,16],"damage_taken":[{"damage":0,"enemies":"Jaw Worm","floor":1,"turns":1},{"damage":0,"enemies":"Cultist","floor":2,"turns":1},{"damage":0,"enemies":"Small Slimes","floor":4,"turns":1},{"damage":0,"enemies":"Red Slaver","floor":12,"turns":4},{"damage":7,"enemies":"3 Sentries","floor":14,"turns":3},{"damage":75,"enemies":"The Guardian","floor":16,"turns":11}],"seed_played":"-2994172221647233376","potions_obtained":[{"floor":4,"key":"AttackPotion"},{"floor":12,"key":"Explosive Potion"}],"is_trial":false,"path_per_floor":["M","M","?","M","$","R","?","R","T","$","R","M","?","E","R","B"],"character_chosen":"IRONCLAD","items_purchased":["Metallicize"],"campfire_rested":0,"item_purchase_floors":[5],"current_hp_per_floor":[74,75,71,75,75,75,75,75,75,75,75,75,75,74,74,0],"gold":86,"neow_bonus":"THREE_ENEMY_KILL","is_prod":false,"is_daily":false,"chose_seed":false,"campfire_upgraded":3,"win_rate":0,"timestamp":1550552838,"path_taken":["M","M","?","?","$","R","?","R","T","?","R","M","?","E","R","BOSS"],"build_version":"2019-01-23","purchased_purges":1,"victory":false,"max_hp_per_floor":[75,75,75,75,75,75,75,75,75,75,75,75,75,75,75,75],"card_choices":[{"not_picked":["Twin Strike","Havoc","Corruption"],"picked":"SKIP","floor":1},{"not_picked":["Bloodletting","Disarm"],"picked":"Infernal Blade","floor":2},{"not_picked":["Havoc","Shrug It Off"],"picked":"Iron Wave","floor":4},{"not_picked":["Warcry","Pummel","Clothesline"],"picked":"SKIP","floor":12},{"not_picked":["Warcry","Pummel","Clothesline"],"picked":"SKIP","floor":12},{"not_picked":["Bludgeon","Hemokinesis"],"picked":"Power Through","floor":14}],"player_experience":1171564,"relics_obtained":[{"floor":9,"key":"Lantern"},{"floor":14,"key":"Boot"}],"event_choices":[{"damage_healed":0,"gold_gain":0,"player_choice":"Bought 0 Potions","damage_taken":0,"max_hp_gain":0,"max_hp_loss":0,"event_name":"The Woman in Blue","floor":3,"gold_loss":0},{"cards_removed":["Strike_R"],"damage_healed":0,"gold_gain":0,"player_choice":"Forget","damage_taken":0,"max_hp_gain":0,"max_hp_loss":0,"event_name":"Living Wall","floor":7,"gold_loss":0},{"damage_healed":0,"gold_gain":0,"player_choice":"3 cards matched","damage_taken":0,"max_hp_gain":0,"max_hp_loss":0,"event_name":"Match and Keep!","floor":13,"gold_loss":0,"cards_obtained":["Immolate","Dropkick","Bash"]}],"is_beta":false,"boss_relics":[],"items_purged_floors":[5],"is_endless":false,"potions_floor_spawned":[4,12],"killed_by":"The Guardian","ascension_level":18}