{"gold_per_floor":[110,120,17,92,112,112,123,154,154,154,165,177,177],"floor_reached":13,"playtime":428,"items_purged":[],"score":165,"play_id":"0c12ce40-5644-44fe-a43e-3352df4702b0","local_time":"20190306150522","is_ascension_mode":true,"campfire_choices":[{"data":"Loop","floor":6,"key":"SMITH"},{"floor":10,"key":"REST"}],"neow_cost":"NONE","seed_source_timestamp":398038200454641,"circlet_count":0,"master_deck":["AscendersBane","Strike_B","Strike_B","Strike_B","Strike_B","Defend_B","Defend_B","Defend_B","Defend_B","Zap","Dualcast","Loop+1","Sweeping Beam","Steam","Capacitor","Cold Snap","Compile Driver","Rainbow","Ball Lightning","Hologram"],"relics":["Cracked Core","Blue Candle","The Courier"],"potions_floor_usage":[8,8,11],"damage_taken":[{"damage":2,"enemies":"Cultist","floor":1,"turns":4},{"damage":8,"enemies":"Small Slimes","floor":2,"turns":4},{"damage":2,"enemies":"Jaw Worm","floor":5,"turns":4},{"damage":9,"enemies":"2 Fungi Beasts","floor":7,"turns":3},{"damage":25,"enemies":"3 Sentries","floor":8,"turns":6},{"damage":28,"enemies":"Exordium Thugs","floor":11,"turns":4},{"damage":2,"enemies":"Looter","floor":12,"turns":4},{"damage":21,"enemies":"Lagavulin Event","floor":13,"turns":3}],"seed_played":"2809001721634004769","potions_obtained":[{"floor":1,"key":"PowerPotion"},{"floor":7,"key":"LiquidBronze"},{"floor":8,"key":"Regen Potion"}],"is_trial":false,"path_per_floor":["M","M","$","?","M","R","M","E","T","R","M","M","?"],"character_chosen":"DEFECT","items_purchased":["Steam","Capacitor"],"campfire_rested":1,"item_purchase_floors":[3,3],"current_hp_per_floor":[69,61,61,50,48,48,39,14,14,37,21,19,0],"gold":177,"neow_bonus":"TEN_PERCENT_HP_BONUS","is_prod":false,"is_daily":false,"chose_seed":false,"campfire_upgraded":1,"win_rate":0,"timestamp":1551877522,"path_taken":["M","M","?","?","M","R","M","E","T","R","M","?","?"],"build_version":"2019-01-23","purchased_purges":0,"victory":false,"max_hp_per_floor":[78,78,78,78,78,78,78,78,78,78,78,78,78],"card_choices":[{"not_picked":["Compile Driver","Streamline"],"picked":"Loop","floor":1},{"not_picked":["Coolheaded","Turbo"],"picked":"Sweeping Beam","floor":2},{"not_picked":["Coolheaded","Sweeping Beam"],"picked":"Cold Snap","floor":5},{"not_picked":["Rebound","Stack"],"picked":"Compile Driver","floor":7},{"not_picked":["Beam Cell","Ball Lightning"],"picked":"Rainbow","floor":8},{"not_picked":["Barrage","Biased Cognition"],"picked":"Ball Lightning","floor":11},{"not_picked":["Skim","Barrage"],"picked":"Hologram","floor":12}],"player_experience":764578,"relics_obtained":[{"floor":8,"key":"Blue Candle"},{"floor":9,"key":"The Courier"}],"event_choices":[{"damage_healed":0,"gold_gain":75,"player_choice":"Gather Gold","damage_taken":11,"max_hp_gain":0,"max_hp_loss":0,"event_name":"World of Goop","floor":4,"gold_loss":0},{"damage_healed":0,"gold_gain":0,"player_choice":"Searched \u00271\u0027 times","damage_taken":0,"max_hp_gain":0,"max_hp_loss":0,"event_name":"Dead Adventurer","floor":13,"gold_loss":0}],"is_beta":false,"boss_relics":[],"items_purged_floors":[],"is_endless":false,"potions_floor_spawned":[1,7,8],"killed_by":"Lagavulin Event","ascension_level":18}