{"gold_per_floor":[213,226,246,157,157,193,193,224,249,249,264,264,302,326,326,456,456,476,43,67,87,101,140,140,163,239,239,270,270,369,384,384,505,505,530,530,530,72,72,72,93,93,93,106,106,122,135,135,135,135],"floor_reached":51,"playtime":5012,"items_purged":["Strike_G","Strike_G"],"score":871,"play_id":"69f0cb99-90a3-48ec-ad1c-61ce6a48e902","local_time":"20190227145252","is_ascension_mode":true,"campfire_choices":[{"floor":7,"key":"REST"},{"data":"Footwork","floor":10,"key":"SMITH"},{"floor":12,"key":"REST"},{"data":"Neutralize","floor":15,"key":"SMITH"},{"floor":24,"key":"REST"},{"floor":27,"key":"REST"},{"data":"A Thousand Cuts","floor":29,"key":"SMITH"},{"floor":32,"key":"REST"},{"floor":40,"key":"REST"},{"data":"PiercingWail","floor":42,"key":"SMITH"},{"floor":45,"key":"REST"},{"floor":49,"key":"REST"}],"neow_cost":"NONE","seed_source_timestamp":1102705981513309,"circlet_count":0,"master_deck":["Defend_G+1","Defend_G+1","Defend_G+1","Defend_G+1","Defend_G+1","Strike_G+1","Survivor+1","Neutralize+1","Cloak And Dagger+1","PiercingWail+1","Storm of Steel+1","Well Laid Plans+1","Footwork+1","Terror+1","Die Die Die+1","Backflip+1","A Thousand Cuts+1","Flying Knee+1","Accuracy+1","Poisoned Stab+1","Deflect+1","Footwork+1","Dash+1","Leg Sweep+1","Storm of Steel+1","Cloak And Dagger+1","Backflip+1","Blade Dance+1","Infinite Blades+1","Infinite Blades+1","PiercingWail+1","Prepared+1","Dodge and Roll+1","Well Laid Plans+1","Backflip"],"relics":["Ring of the Snake","Golden Idol","Orichalcum","Dream Catcher","Smiling Mask","Unceasing Top","Sozu","Strawberry","ClockworkSouvenir","Calipers","The Courier","Pantograph","Empty Cage","Shuriken","Mark of the Bloom","Sundial"],"potions_floor_usage":[6,8,21,23],"damage_taken":[{"damage":0,"enemies":"2 Louse","floor":1,"turns":6},{"damage":6,"enemies":"Jaw Worm","floor":2,"turns":5},{"damage":0,"enemies":"Small Slimes","floor":3,"turns":3},{"damage":24,"enemies":"Lagavulin","floor":6,"turns":10},{"damage":23,"enemies":"Gremlin Nob","floor":8,"turns":5},{"damage":0,"enemies":"3 Louse","floor":11,"turns":6},{"damage":11,"enemies":"Lagavulin","floor":13,"turns":8},{"damage":4,"enemies":"Gremlin Gang","floor":14,"turns":4},{"damage":13,"enemies":"The Guardian","floor":16,"turns":15},{"damage":20,"enemies":"Spheric Guardian","floor":18,"turns":8},{"damage":2,"enemies":"Shell Parasite","floor":20,"turns":5},{"damage":9,"enemies":"3 Cultists","floor":21,"turns":6},{"damage":0,"enemies":"Chosen and Byrds","floor":22,"turns":6},{"damage":25,"enemies":"Book of Stabbing","floor":23,"turns":6},{"damage":1,"enemies":"Shelled Parasite and Fungi","floor":25,"turns":7},{"damage":12,"enemies":"Gremlin Leader","floor":28,"turns":8},{"damage":30,"enemies":"Snake Plant","floor":31,"turns":5},{"damage":12,"enemies":"Collector","floor":33,"turns":10},{"damage":12,"enemies":"Orb Walker","floor":35,"turns":5},{"damage":0,"enemies":"3 Shapes","floor":41,"turns":4},{"damage":16,"enemies":"Sphere and 2 Shapes","floor":44,"turns":4},{"damage":0,"enemies":"3 Darklings","floor":46,"turns":4},{"damage":0,"enemies":"Maw","floor":47,"turns":5},{"damage":29,"enemies":"Donu and Deca","floor":50,"turns":10}],"seed_played":"-6851296275204195972","potions_obtained":[{"floor":1,"key":"Regen Potion"},{"floor":8,"key":"Weak Potion"},{"floor":14,"key":"Swift Potion"}],"is_trial":false,"path_per_floor":["M","M","M","$","?","E","R","E","T","R","M","R","E","M","R","B",null,"M","$","M","M","M","E","R","M","T","R","E","R","?","M","R","B",null,"M","?","?","$","?","R","M","R","T","M","R","M","M","?","R","B",null],"character_chosen":"THE_SILENT","items_purchased":["Well Laid Plans","Strength Potion","Accuracy","Strawberry","ClockworkSouvenir","Shuriken","Cloak And Dagger","Backflip","Blade Dance","Infinite Blades","Infinite Blades"],"campfire_rested":8,"item_purchase_floors":[4,4,19,19,19,38,38,38,38,38,38],"current_hp_per_floor":[70,64,64,64,47,23,44,35,35,35,35,56,45,41,41,28,60,40,47,45,36,36,11,34,33,33,56,44,44,44,14,37,50,70,58,58,58,58,58,58,58,58,58,42,42,42,42,42,42,13],"gold":135,"neow_bonus":"HUNDRED_GOLD","is_prod":false,"is_daily":false,"chose_seed":false,"campfire_upgraded":4,"win_rate":0,"timestamp":1551300772,"path_taken":["M","M","M","$","?","E","R","E","T","R","M","R","E","M","R","BOSS","M","$","M","M","M","E","R","M","T","R","E","R","?","M","R","BOSS","M","?","?","$","?","R","M","R","T","M","R","M","M","?","R","BOSS"],"build_version":"2019-01-23","purchased_purges":2,"victory":true,"max_hp_per_floor":[70,70,70,70,70,70,70,70,70,70,70,70,70,70,70,70,70,70,77,77,77,77,77,77,77,77,77,77,77,77,77,77,77,77,77,77,77,77,77,77,77,77,77,77,77,77,77,77,77,77],"card_choices":[{"not_picked":["Sucker Punch","Blade Dance"],"picked":"Cloak And Dagger","floor":1},{"not_picked":["Underhanded Strike","Calculated Gamble"],"picked":"PiercingWail","floor":2},{"not_picked":["Prepared","Underhanded Strike"],"picked":"Storm of Steel","floor":3},{"not_picked":["Dagger Spray","Blade Dance"],"picked":"Footwork","floor":6},{"not_picked":["Dodge and Roll","Outmaneuver"],"picked":"Terror","floor":8},{"not_picked":["Endless Agony","Slice","Deadly Poison"],"picked":"SKIP","floor":11},{"not_picked":["Distraction","Outmaneuver"],"picked":"Die Die Die","floor":12},{"not_picked":["Sucker Punch","Outmaneuver"],"picked":"Poisoned Stab","floor":13},{"not_picked":["Acrobatics","All Out Attack"],"picked":"Backflip","floor":14},{"not_picked":["Storm of Steel","Venomology"],"picked":"A Thousand Cuts","floor":16},{"not_picked":["Endless Agony","Poisoned Stab"],"picked":"Flying Knee","floor":18},{"not_picked":["Well Laid Plans","Acrobatics"],"picked":"Poisoned Stab+1","floor":20},{"not_picked":["Concentrate+1","Prepared","Tactician"],"picked":"SKIP","floor":21},{"not_picked":["Masterful Stab","Underhanded Strike","Terror"],"picked":"SKIP","floor":22},{"not_picked":["Flechettes","Quick Slash+1"],"picked":"Deflect+1","floor":23},{"not_picked":["Deadly Poison+1","Cloak And Dagger"],"picked":"Footwork","floor":24},{"not_picked":["Flechettes+1","Quick Slash","Bane"],"picked":"SKIP","floor":25},{"not_picked":["Endless Agony","Expertise+1"],"picked":"Dash","floor":27},{"not_picked":["Caltrops","Poisoned Stab+1","Endless Agony"],"picked":"SKIP","floor":28},{"not_picked":["Caltrops","Poisoned Stab+1","Endless Agony"],"picked":"SKIP","floor":28},{"not_picked":["Acrobatics+1","Predator+1"],"picked":"Leg Sweep","floor":31},{"not_picked":["Doppelganger","Wraith Form v2"],"picked":"Storm of Steel","floor":33},{"not_picked":["Predator+1","Dodge and Roll","Concentrate+1"],"picked":"SKIP","floor":35},{"not_picked":["Slice","Setup+1"],"picked":"PiercingWail","floor":41},{"not_picked":["Quick Slash+1","Bane+1"],"picked":"Prepared+1","floor":44},{"not_picked":["Flechettes","Bouncing Flask+1"],"picked":"Dodge and Roll","floor":46},{"not_picked":["Slice","Masterful Stab"],"picked":"Well Laid Plans+1","floor":47},{"not_picked":["Footwork","Flying Knee"],"picked":"Backflip","floor":49}],"player_experience":527141,"relics_obtained":[{"floor":6,"key":"Orichalcum"},{"floor":8,"key":"Dream Catcher"},{"floor":9,"key":"Smiling Mask"},{"floor":13,"key":"Unceasing Top"},{"floor":23,"key":"Calipers"},{"floor":26,"key":"The Courier"},{"floor":28,"key":"Pantograph"},{"floor":43,"key":"Sundial"}],"event_choices":[{"damage_healed":0,"gold_gain":0,"player_choice":"Take Damage","damage_taken":17,"relics_obtained":["Golden Idol"],"max_hp_gain":0,"max_hp_loss":0,"event_name":"Golden Idol","floor":5,"gold_loss":0},{"damage_healed":0,"gold_gain":99,"player_choice":"Stole From Cult","damage_taken":0,"max_hp_gain":0,"max_hp_loss":0,"event_name":"Nest","floor":30,"gold_loss":0},{"cards_removed":["Poisoned Stab"],"damage_healed":0,"gold_gain":0,"player_choice":"Removed Attack","damage_taken":0,"max_hp_gain":0,"max_hp_loss":0,"event_name":"Falling","floor":36,"gold_loss":0},{"damage_healed":0,"gold_gain":0,"player_choice":"Ignored","damage_taken":0,"max_hp_gain":0,"max_hp_loss":0,"event_name":"Tomb of Lord Red Mask","floor":37,"gold_loss":0},{"damage_healed":0,"gold_gain":0,"player_choice":"Upgrade","damage_taken":0,"relics_obtained":["Mark of the Bloom"],"max_hp_gain":0,"max_hp_loss":0,"event_name":"MindBloom","floor":39,"gold_loss":0,"cards_upgraded":["Defend_G","Defend_G","Defend_G","Defend_G","Defend_G","Strike_G","Survivor","Cloak And Dagger","PiercingWail","Storm of Steel","Well Laid Plans","Terror","Die Die Die","Backflip","Flying Knee","Accuracy","Footwork","Dash","Leg Sweep","Storm of Steel","Cloak And Dagger","Backflip","Blade Dance","Infinite Blades","Infinite Blades"]},{"damage_healed":0,"gold_gain":0,"player_choice":"Forge","damage_taken":0,"max_hp_gain":0,"max_hp_loss":0,"event_name":"Accursed Blacksmith","floor":48,"gold_loss":0,"cards_upgraded":["Dodge and Roll"]}],"is_beta":false,"boss_relics":[{"not_picked":["Ectoplasm","Calling Bell"],"picked":"Sozu"},{"not_picked":["Velvet Choker","Busted Crown"],"picked":"Empty Cage"}],"items_purged_floors":[19,38],"is_endless":false,"potions_floor_spawned":[1,8,14,18,21,23,25,33,44,46,47],"ascension_level":5}