{"gold_per_floor":[112,126,146,146,160,160,177,177,177,511,47,47,81,129,129,206,206,218,218,238,338,338,338,370,370,395,435,21,67,87,123,123,123],"floor_reached":33,"playtime":1930,"items_purged":["Strike_R"],"score":619,"play_id":"76a54673-3131-452d-aa51-aa732d996cc2","local_time":"20190306090304","is_ascension_mode":true,"campfire_choices":[{"data":"Thunderclap","floor":6,"key":"SMITH"},{"data":"Second Wind","floor":8,"key":"SMITH"},{"floor":12,"key":"REST"},{"data":"Uppercut","floor":15,"key":"SMITH"},{"data":"Dark Embrace","floor":23,"key":"SMITH"},{"floor":25,"key":"REST"},{"floor":32,"key":"REST"}],"neow_cost":"NONE","seed_source_timestamp":401676570001451,"circlet_count":0,"master_deck":["AscendersBane","Strike_R","Strike_R","Strike_R","Defend_R","Defend_R","Defend_R","Defend_R","Bash+1","Thunderclap+1","Flex","Second Wind+1","Spot Weakness","Inflame","Blood for Blood","Uppercut+1","HandOfGreed","Power Through","Impervious","Dark Embrace+1","Rampage+1","Writhe","Shrug It Off+1","Mayhem","Shrug It Off+1","Cleave"],"relics":["Burning Blood","Meat on the Bone","Old Coin","Lantern","Singing Bowl","Busted Crown","Omamori","Mango","Mercury Hourglass","Toxic Egg 2","Boot","PreservedInsect","Bottled Flame"],"potions_floor_usage":[5,13,16,21,21,33],"damage_taken":[{"damage":1,"enemies":"Cultist","floor":1,"turns":3},{"damage":14,"enemies":"Jaw Worm","floor":2,"turns":3},{"damage":7,"enemies":"2 Louse","floor":3,"turns":4},{"damage":12,"enemies":"Looter","floor":5,"turns":3},{"damage":10,"enemies":"Exordium Wildlife","floor":7,"turns":2},{"damage":44,"enemies":"Gremlin Nob","floor":10,"turns":4},{"damage":9,"enemies":"Gremlin Gang","floor":13,"turns":3},{"damage":25,"enemies":"3 Sentries","floor":14,"turns":6},{"damage":31,"enemies":"Hexaghost","floor":16,"turns":9},{"damage":15,"enemies":"Chosen","floor":18,"turns":4},{"damage":31,"enemies":"Shell Parasite","floor":20,"turns":4},{"damage":22,"enemies":"Colosseum Slavers","floor":21,"turns":4},{"damage":7,"enemies":"Colosseum Nobs","floor":21,"turns":6},{"damage":60,"enemies":"Gremlin Leader","floor":24,"turns":9},{"damage":25,"enemies":"Sentry and Sphere","floor":27,"turns":7},{"damage":43,"enemies":"Slavers","floor":29,"turns":5},{"damage":13,"enemies":"Snake Plant","floor":30,"turns":4},{"damage":11,"enemies":"3 Cultists","floor":31,"turns":5},{"damage":91,"enemies":"Automaton","floor":33,"turns":10}],"seed_played":"-3633589513392386044","potions_obtained":[{"floor":2,"key":"Strength Potion"},{"floor":10,"key":"BloodPotion"},{"floor":14,"key":"Dexterity Potion"},{"floor":16,"key":"PowerPotion"},{"floor":18,"key":"SteroidPotion"},{"floor":31,"key":"FearPotion"}],"is_trial":false,"path_per_floor":["M","M","M","?","M","R","M","R","T","E","$","R","M","E","R","B",null,"M","?","M","?","?","R","E","R","T","M","$","E","M","M","R","B"],"character_chosen":"IRONCLAD","items_purchased":["Lantern","Uppercut","HandOfGreed","PreservedInsect","Mayhem","Shrug It Off+1"],"campfire_rested":3,"item_purchase_floors":[11,11,11,28,28,28],"current_hp_per_floor":[73,65,64,64,58,58,54,54,54,28,28,50,54,47,47,34,65,56,56,45,66,84,84,44,71,71,66,66,43,50,57,86,0],"gold":123,"neow_bonus":"UPGRADE_CARD","is_prod":false,"is_daily":false,"chose_seed":false,"campfire_upgraded":4,"win_rate":0,"timestamp":1551888184,"path_taken":["M","M","?","?","M","R","M","R","T","E","?","R","M","E","R","BOSS","M","?","M","?","?","R","E","R","T","?","$","E","M","M","R","BOSS"],"build_version":"2019-01-23","purchased_purges":1,"victory":false,"max_hp_per_floor":[75,75,75,75,75,75,75,75,75,75,75,75,75,75,75,75,75,75,75,77,91,91,91,93,93,93,95,95,97,99,99,99,99],"card_choices":[{"not_picked":["Havoc","Pommel Strike"],"picked":"Thunderclap","floor":1},{"not_picked":["Twin Strike","Combust","Corruption"],"picked":"SKIP","floor":2},{"not_picked":["Pummel","Perfected Strike"],"picked":"Flex","floor":3},{"not_picked":["True Grit","Second Wind"],"picked":"Spot Weakness","floor":5},{"not_picked":["Spot Weakness","Juggernaut"],"picked":"Inflame","floor":7},{"not_picked":["Armaments","Twin Strike"],"picked":"Blood for Blood","floor":10},{"not_picked":["Perfected Strike","Thunderclap"],"picked":"Power Through","floor":13},{"not_picked":["Flex","Combust"],"picked":"Impervious","floor":14},{"not_picked":["Bludgeon","Brutality"],"picked":"Dark Embrace","floor":16},{"not_picked":[],"picked":"Rampage+1","floor":18},{"not_picked":["Warcry"],"picked":"Singing Bowl","floor":20},{"not_picked":[],"picked":"Shrug It Off+1","floor":21},{"not_picked":["Clash"],"picked":"Singing Bowl","floor":24},{"not_picked":["Anger"],"picked":"Singing Bowl","floor":27},{"not_picked":["Brutality"],"picked":"Singing Bowl","floor":29},{"not_picked":["Anger"],"picked":"Singing Bowl","floor":30},{"not_picked":[],"picked":"Cleave","floor":31}],"player_experience":1346787,"relics_obtained":[{"floor":9,"key":"Meat on the Bone"},{"floor":10,"key":"Old Coin"},{"floor":14,"key":"Singing Bowl"},{"floor":21,"key":"Mango"},{"floor":21,"key":"Mercury Hourglass"},{"floor":24,"key":"Toxic Egg 2"},{"floor":26,"key":"Boot"},{"floor":29,"key":"Bottled Flame"}],"event_choices":[{"damage_healed":0,"gold_gain":0,"cards_transformed":["Strike_R"],"player_choice":"Transformed","damage_taken":0,"max_hp_gain":0,"max_hp_loss":0,"event_name":"Transmorgrifier","floor":4,"gold_loss":0,"cards_obtained":["Second Wind"]},{"damage_healed":0,"gold_gain":0,"player_choice":"Opened","damage_taken":0,"relics_obtained":["Omamori"],"max_hp_gain":0,"max_hp_loss":0,"event_name":"The Mausoleum","floor":19,"gold_loss":0,"cards_obtained":["Writhe"]},{"damage_healed":0,"gold_gain":0,"player_choice":"Fight","damage_taken":0,"max_hp_gain":0,"max_hp_loss":0,"event_name":"Colosseum","floor":21,"gold_loss":0},{"damage_healed":0,"gold_gain":0,"player_choice":"Fought Nobs","damage_taken":0,"max_hp_gain":0,"max_hp_loss":0,"event_name":"Colosseum","floor":21,"gold_loss":0},{"damage_healed":18,"gold_gain":0,"player_choice":"Heal","damage_taken":0,"max_hp_gain":0,"max_hp_loss":0,"event_name":"The Library","floor":22,"gold_loss":0}],"is_beta":false,"boss_relics":[{"not_picked":["Snecko Eye","Orrery"],"picked":"Busted Crown"}],"items_purged_floors":[11],"is_endless":false,"potions_floor_spawned":[2,10,14,16,18,21,31],"killed_by":"Automaton","ascension_level":20}