{"gold_per_floor":[110,123,135,18,18,48,48,75,148,148,163,163,194,194,194,283,283,302,302,4,18,57,57,97,97,97,132,132,132,132,9,9,102,102,125,125,146,166,216,216,232,357,357,357,391,404,404],"floor_reached":47,"playtime":4146,"items_purged":["Strike_B","Strike_B"],"score":972,"play_id":"df5c3413-0979-4c9d-af27-dfabb762f569","local_time":"20190209104212","is_ascension_mode":true,"campfire_choices":[{"data":"Sunder","floor":7,"key":"SMITH"},{"data":"Chaos","floor":10,"key":"SMITH"},{"data":"Defragment","floor":12,"key":"SMITH"},{"floor":15,"key":"REST"},{"data":"Defragment","floor":23,"key":"SMITH"},{"data":"Blizzard","floor":25,"key":"SMITH"},{"floor":28,"key":"REST"},{"data":"Magnetism","floor":30,"key":"SMITH"},{"data":"Rainbow","floor":32,"key":"SMITH"},{"floor":40,"key":"REST"},{"data":"Chill","floor":44,"key":"SMITH"}],"neow_cost":"NONE","seed_source_timestamp":1868612568261549,"circlet_count":0,"master_deck":["AscendersBane","Strike_B","Defend_B","Defend_B","Defend_B","Defend_B","Zap","Dualcast","White Noise","Sweeping Beam","Genetic Algorithm","Defragment+1","Chaos+1","Sunder+1","Defragment+1","Chill+1","Cold Snap","Rainbow+1","Magnetism+1","Self Repair","Redo","Blizzard+1","Cold Snap","Ghostly","Ghostly","Ghostly","Compile Driver","Hologram","Injury","Regret","Pain","BootSequence","Flash of Steel","Good Instincts","Rebound","Gash"],"relics":["Cracked Core","NeowsBlessing","Thread and Needle","Smiling Mask","Singing Bowl","Ancient Tea Set","Golden Idol","Busted Crown","Frozen Egg 2","Blue Candle","Calling Bell","Dream Catcher","The Courier","Unceasing Top","Ice Cream","Cables","Bottled Flame"],"potions_floor_usage":[6,8,13,27,33,41,45,47],"damage_taken":[{"damage":0,"enemies":"Small Slimes","floor":1,"turns":1},{"damage":0,"enemies":"Jaw Worm","floor":2,"turns":1},{"damage":0,"enemies":"Cultist","floor":3,"turns":1},{"damage":19,"enemies":"Gremlin Nob","floor":6,"turns":4},{"damage":12,"enemies":"Lagavulin","floor":8,"turns":6},{"damage":0,"enemies":"2 Fungi Beasts","floor":11,"turns":2},{"damage":16,"enemies":"3 Sentries","floor":13,"turns":5},{"damage":0,"enemies":"Slime Boss","floor":16,"turns":7},{"damage":0,"enemies":"Shell Parasite","floor":18,"turns":4},{"damage":0,"enemies":"Spheric Guardian","floor":21,"turns":4},{"damage":14,"enemies":"Centurion and Healer","floor":22,"turns":9},{"damage":6,"enemies":"Sentry and Sphere","floor":24,"turns":5},{"damage":36,"enemies":"Gremlin Leader","floor":27,"turns":6},{"damage":14,"enemies":"Champ","floor":33,"turns":9},{"damage":2,"enemies":"3 Darklings","floor":35,"turns":7},{"damage":8,"enemies":"Orb Walker","floor":37,"turns":7},{"damage":22,"enemies":"Transient","floor":38,"turns":5},{"damage":3,"enemies":"Maw","floor":41,"turns":8},{"damage":3,"enemies":"Mind Bloom Boss Battle","floor":42,"turns":8},{"damage":7,"enemies":"Reptomancer","floor":45,"turns":6},{"damage":12,"enemies":"Sphere and 2 Shapes","floor":46,"turns":6},{"damage":78,"enemies":"Giant Head","floor":47,"turns":8}],"seed_played":"-4352825521811463532","potions_obtained":[{"floor":1,"key":"FocusPotion"},{"floor":2,"key":"Block Potion"},{"floor":8,"key":"Dexterity Potion"},{"floor":11,"key":"LiquidBronze"},{"floor":22,"key":"SteroidPotion"},{"floor":27,"key":"FocusPotion"},{"floor":33,"key":"Swift Potion"},{"floor":35,"key":"Dexterity Potion"},{"floor":42,"key":"Ancient Potion"},{"floor":46,"key":"PowerPotion"}],"is_trial":false,"path_per_floor":["M","M","M","$","?","E","R","E","T","R","M","R","E","?","R","B",null,"M","?","$","M","M","R","M","R","T","E","R","?","R","$","R","B",null,"M","?","M","M","?","R","M","?","T","R","E","M","E"],"character_chosen":"DEFECT","items_purchased":["Defragment","Chaos","Magnetism","Self Repair","Compile Driver","Hologram"],"campfire_rested":3,"item_purchase_floors":[4,4,20,20,31,31],"current_hp_per_floor":[64,64,64,64,64,45,45,33,33,33,33,33,17,17,36,36,57,59,59,59,68,61,61,62,62,62,33,53,34,34,34,34,29,34,36,31,30,10,10,23,36,42,42,42,46,41,0],"gold":404,"neow_bonus":"THREE_ENEMY_KILL","is_prod":false,"is_daily":false,"chose_seed":false,"campfire_upgraded":8,"win_rate":0,"timestamp":1549734132,"path_taken":["M","M","M","$","?","E","R","E","T","R","M","R","E","?","R","BOSS","M","?","$","M","?","R","M","R","T","E","R","?","R","?","R","BOSS","M","?","M","M","?","R","?","?","T","R","E","M","E"],"build_version":"2019-01-23","purchased_purges":2,"victory":false,"max_hp_per_floor":[71,71,71,71,71,71,71,71,71,71,71,71,71,64,64,64,64,66,66,66,68,68,68,68,68,68,68,68,34,34,34,34,36,36,36,36,36,38,38,40,42,44,44,44,46,46,46],"card_choices":[{"not_picked":["Undo","Leap"],"picked":"White Noise","floor":1},{"not_picked":["Gash","Stack"],"picked":"Sweeping Beam","floor":2},{"not_picked":["Auto Shields","Barrage"],"picked":"Genetic Algorithm","floor":3},{"not_picked":["Barrage","Coolheaded"],"picked":"Sunder","floor":6},{"not_picked":["Blizzard","Storm"],"picked":"Defragment","floor":8},{"not_picked":["Loop","Rebound"],"picked":"Chill","floor":11},{"not_picked":["All For One","Recycle"],"picked":"Cold Snap","floor":13},{"not_picked":["Meteor Strike","All For One"],"picked":"Rainbow","floor":16},{"not_picked":["Steam Power"],"picked":"Singing Bowl","floor":18},{"not_picked":["Leap"],"picked":"Singing Bowl","floor":21},{"not_picked":[],"picked":"Redo","floor":22},{"not_picked":[],"picked":"Blizzard","floor":24},{"not_picked":[],"picked":"Cold Snap","floor":27},{"not_picked":["Biased Cognition+1"],"picked":"Singing Bowl","floor":33},{"not_picked":[],"picked":"BootSequence","floor":35},{"not_picked":[],"picked":"Flash of Steel","floor":36},{"not_picked":[],"picked":"Good Instincts","floor":36},{"not_picked":[],"picked":"Rebound","floor":37},{"not_picked":["FTL+1"],"picked":"Singing Bowl","floor":38},{"not_picked":["Heatsinks+1"],"picked":"Singing Bowl","floor":40},{"not_picked":["Barrage"],"picked":"Singing Bowl","floor":41},{"not_picked":["Lockon"],"picked":"Singing Bowl","floor":42},{"not_picked":["Streamline"],"picked":"Singing Bowl","floor":45},{"not_picked":[],"picked":"Gash","floor":46}],"player_experience":1020347,"relics_obtained":[{"floor":6,"key":"Thread and Needle"},{"floor":8,"key":"Smiling Mask"},{"floor":9,"key":"Singing Bowl"},{"floor":13,"key":"Ancient Tea Set"},{"floor":26,"key":"Frozen Egg 2"},{"floor":27,"key":"Blue Candle"},{"floor":34,"key":"Dream Catcher"},{"floor":34,"key":"The Courier"},{"floor":34,"key":"Unceasing Top"},{"floor":42,"key":"Ice Cream"},{"floor":43,"key":"Cables"},{"floor":45,"key":"Bottled Flame"}],"event_choices":[{"cards_removed":["Strike_B"],"damage_healed":0,"gold_gain":0,"player_choice":"Forget","damage_taken":0,"max_hp_gain":0,"max_hp_loss":0,"event_name":"Living Wall","floor":5,"gold_loss":0},{"damage_healed":0,"gold_gain":0,"player_choice":"Lose Max HP","damage_taken":0,"relics_obtained":["Golden Idol"],"max_hp_gain":0,"max_hp_loss":7,"event_name":"Golden Idol","floor":14,"gold_loss":0},{"damage_healed":0,"gold_gain":0,"player_choice":"Ignored","damage_taken":0,"max_hp_gain":0,"max_hp_loss":0,"event_name":"N\u0027loth","floor":19,"gold_loss":0},{"damage_healed":0,"gold_gain":0,"player_choice":"Became a Ghost","damage_taken":0,"max_hp_gain":0,"max_hp_loss":34,"event_name":"Ghosts","floor":29,"gold_loss":0,"cards_obtained":["Ghostly","Ghostly","Ghostly"]},{"damage_healed":0,"gold_gain":0,"player_choice":"Memory 2","damage_taken":5,"max_hp_gain":0,"max_hp_loss":0,"event_name":"SensoryStone","floor":36,"gold_loss":0},{"damage_healed":0,"gold_gain":50,"player_choice":"Pray","damage_taken":0,"max_hp_gain":0,"max_hp_loss":0,"event_name":"Golden Shrine","floor":39,"gold_loss":0},{"damage_healed":0,"gold_gain":0,"player_choice":"Fight","damage_taken":0,"max_hp_gain":0,"max_hp_loss":0,"event_name":"MindBloom","floor":42,"gold_loss":0}],"is_beta":false,"boss_relics":[{"not_picked":["Snecko Eye","Philosopher\u0027s Stone"],"picked":"Busted Crown"},{"not_picked":["Lizard Tail","Eternal Feather"],"picked":"Calling Bell"}],"items_purged_floors":[20,31],"is_endless":false,"potions_floor_spawned":[1,2,8,11,22,27,33,35,42,46],"killed_by":"Giant Head","ascension_level":15}