{"path_per_floor":["M","M","?","?","M","R","E","R","T","?","M","M","R","$","R","B",null,"M","?","?","M","M"],"character_chosen":"DEFECT","items_purchased":["Letter Opener","Loop"],"gold_per_floor":[115,129,204,379,397,397,432,432,432,432,446,466,466,58,58,159,159,176,176,176,194,214,214],"floor_reached":23,"campfire_rested":1,"playtime":1350,"item_purchase_floors":[14,14],"current_hp_per_floor":[75,75,64,64,64,64,31,31,31,24,13,9,31,31,31,28,63,57,57,41,19,12,0],"items_purged":["Doubt"],"gold":214,"score":239,"play_id":"bc3b1a53-a29b-4fbf-9c3a-25c1c5c632d6","local_time":"20180612011358","is_prod":false,"is_daily":false,"chose_seed":false,"is_ascension_mode":true,"campfire_upgraded":2,"win_rate":0,"timestamp":1528787638,"campfire_choices":[{"data":"Chaos","floor":6,"key":"SMITH"},{"data":"Zap","floor":8,"key":"SMITH"},{"floor":13,"key":"REST"},{"data":"1","floor":15,"key":"LIFT"}],"path_taken":["M","?","?","?","M","R","E","R","T","?","M","M","R","$","R","BOSS","M","?","?","?","M","E"],"build_version":"2018-06-07v3","seed_source_timestamp":85052056499834,"purchased_purges":1,"victory":false,"master_deck":["Strike_B","Strike_B","Strike_B","Defend_B","Defend_B","Defend_B","Defend_B","Zap+1","Dualcast","Cold Snap","Chaos+1","Sweeping Beam","Tempest","Loop","Stack","Melter","Redo","Loop","Electrodynamics","Barrage","Barrage+1","Chaos+1","Bandage Up","Self Repair","Ball Lightning+1","Heatsinks","Go for the Eyes+1"],"max_hp_per_floor":[75,75,75,75,75,75,75,75,75,75,75,75,75,75,75,75,75,75,75,75,75,75,80],"relics":["Cracked Core","NeowsBlessing","Prayer Wheel","Girya","Letter Opener","Inserter"],"card_choices":[{"not_picked":["Hologram","Barrage"],"picked":"Cold Snap","floor":1},{"not_picked":["Go for the Eyes","Turbo"],"picked":"Chaos","floor":2},{"not_picked":["Leap","Heatsinks"],"picked":"Sweeping Beam","floor":5},{"not_picked":["Hologram","Force Field"],"picked":"Tempest","floor":7},{"not_picked":["Undo","Static Discharge"],"picked":"Loop","floor":11},{"not_picked":["Ball Lightning","All For One"],"picked":"Stack","floor":11},{"not_picked":["Ball Lightning","Compile Driver"],"picked":"Melter","floor":12},{"not_picked":["Double Energy","Hologram"],"picked":"Redo","floor":12},{"not_picked":["Hyperbeam","Meteor Strike"],"picked":"Electrodynamics","floor":16},{"not_picked":["Stack","Cold Snap"],"picked":"Barrage","floor":18},{"not_picked":["Rebound","Steam"],"picked":"Barrage+1","floor":18},{"not_picked":["Compile Driver","Multi-Cast"],"picked":"Self Repair","floor":21},{"not_picked":["Rebound","Barrage+1"],"picked":"Ball Lightning+1","floor":21},{"not_picked":["Blizzard","Melter"],"picked":"Heatsinks","floor":22},{"not_picked":["Redo","Aggregate+1"],"picked":"Go for the Eyes+1","floor":22}],"player_experience":880906,"potions_floor_usage":[16,22,23],"damage_taken":[{"damage":0,"enemies":"Cultist","floor":1,"turns":1},{"damage":0,"enemies":"Jaw Worm","floor":2,"turns":1},{"damage":0,"enemies":"Small Slimes","floor":5,"turns":1},{"damage":33,"enemies":"3 Sentries","floor":7,"turns":7},{"damage":11,"enemies":"Red Slaver","floor":11,"turns":4},{"damage":4,"enemies":"2 Fungi Beasts","floor":12,"turns":3},{"damage":3,"enemies":"The Guardian","floor":16,"turns":10},{"damage":6,"enemies":"Spheric Guardian","floor":18,"turns":3},{"damage":26,"enemies":"3 Byrds","floor":21,"turns":3},{"damage":18,"enemies":"Centurion and Healer","floor":22,"turns":4},{"damage":18,"enemies":"Slavers","floor":23,"turns":1}],"relics_obtained":[{"floor":7,"key":"Prayer Wheel"},{"floor":9,"key":"Girya"}],"event_choices":[{"event_name":"World of Goop","player_choice":"Gather Gold","floor":3,"damage_taken":0},{"event_name":"Liars Game","player_choice":"agreed","floor":4,"damage_taken":0},{"event_name":"Golden Wing","player_choice":"Card Removal","floor":10,"damage_taken":0},{"event_name":"Duplicator","player_choice":"One dupe","floor":19,"damage_taken":0},{"event_name":"Knowing Skull","player_choice":"CARD ","floor":20,"damage_taken":0}],"boss_relics":[{"not_picked":["Ectoplasm","Calling Bell"],"picked":"Inserter"}],"items_purged_floors":[14],"potions_floor_spawned":[7,11,22],"seed_played":"5811572075222181378","killed_by":"Slavers","ascension_level":5,"potions_obtained":[{"floor":7,"key":"Swift Potion"},{"floor":11,"key":"SkillPotion"},{"floor":22,"key":"Fruit Juice"}],"is_trial":false}