{"gold_per_floor":[364,383,383,383,44,75,100,100,100,100,119,159,159,159,159,252,252,276,290,290,51,51],"floor_reached":22,"playtime":1383,"items_purged":["Regret"],"score":355,"play_id":"bbffb7bb-7948-4862-a28e-1a21f8739e2c","local_time":"20190217104428","is_ascension_mode":true,"campfire_choices":[{"data":"Second Wind","floor":8,"key":"SMITH"},{"floor":10,"key":"REST"},{"floor":13,"key":"REST"},{"floor":15,"key":"REST"}],"neow_cost":"TEN_PERCENT_HP_LOSS","seed_source_timestamp":152311810954905,"circlet_count":0,"master_deck":["AscendersBane","Strike_R","Strike_R","Strike_R","Strike_R","Strike_R","Defend_R","Defend_R","Defend_R","Defend_R","Bash","Combust","Evolve","Second Wind+1","Ghostly Armor","Reaper","Parasite","Shame","Infernal Blade+1","Seeing Red+1","Impervious+1","Rupture"],"relics":["Burning Blood","Golden Idol","Champion Belt","Dead Branch","Gambling Chip","Pantograph","Toxic Egg 2","Self Forming Clay","Calling Bell","Centennial Puzzle","Kunai","Nunchaku"],"potions_floor_usage":[12,19],"damage_taken":[{"damage":1,"enemies":"2 Louse","floor":1,"turns":2},{"damage":17,"enemies":"Small Slimes","floor":2,"turns":4},{"damage":25,"enemies":"3 Sentries","floor":6,"turns":6},{"damage":9,"enemies":"Jaw Worm","floor":7,"turns":6},{"damage":3,"enemies":"Exordium Wildlife","floor":11,"turns":3},{"damage":30,"enemies":"Lagavulin","floor":12,"turns":7},{"damage":30,"enemies":"Hexaghost","floor":16,"turns":8},{"damage":51,"enemies":"Chosen","floor":18,"turns":6},{"damage":11,"enemies":"Spheric Guardian","floor":19,"turns":6},{"damage":34,"enemies":"Snecko","floor":22,"turns":5}],"seed_played":"-1066728091439577561","potions_obtained":[{"floor":1,"key":"Poison Potion"},{"floor":11,"key":"LiquidBronze"},{"floor":16,"key":"Ancient Potion"},{"floor":18,"key":"Energy Potion"}],"is_trial":false,"path_per_floor":["M","M","?","?","$","E","M","R","T","R","M","E","R","T","R","B",null,"M","M","?","$","M"],"character_chosen":"IRONCLAD","items_purchased":["Dead Branch","Impervious+1","Rupture"],"campfire_rested":3,"item_purchase_floors":[5,21,21],"current_hp_per_floor":[68,57,57,46,46,27,24,24,24,42,45,21,39,39,57,38,56,15,14,26,26,0],"gold":51,"neow_bonus":"TWO_FIFTY_GOLD","is_prod":false,"is_daily":false,"chose_seed":false,"campfire_upgraded":1,"win_rate":0,"timestamp":1550425468,"path_taken":["M","M","?","?","$","E","M","R","T","R","M","E","R","?","R","BOSS","M","M","?","$","M"],"build_version":"2019-01-23","purchased_purges":1,"victory":false,"max_hp_per_floor":[68,68,62,62,62,62,62,62,62,62,62,62,62,62,62,62,62,62,62,62,62,62],"card_choices":[{"not_picked":["Shockwave","Warcry"],"picked":"Combust","floor":1},{"not_picked":["Clothesline","Perfected Strike","Headbutt"],"picked":"SKIP","floor":2},{"not_picked":["Dropkick","Wild Strike"],"picked":"Evolve","floor":6},{"not_picked":["Armaments","Pommel Strike"],"picked":"Second Wind","floor":7},{"not_picked":["Perfected Strike","Sword Boomerang"],"picked":"Ghostly Armor","floor":11},{"not_picked":["Clothesline","Brutality","Pommel Strike"],"picked":"SKIP","floor":12},{"not_picked":["Double Tap+1","Brutality"],"picked":"Reaper","floor":16},{"not_picked":["Flex+1","Thunderclap"],"picked":"Infernal Blade+1","floor":18},{"not_picked":["Searing Blow","Clothesline"],"picked":"Seeing Red+1","floor":19}],"player_experience":1140000,"relics_obtained":[{"floor":6,"key":"Gambling Chip"},{"floor":9,"key":"Pantograph"},{"floor":12,"key":"Toxic Egg 2"},{"floor":14,"key":"Self Forming Clay"},{"floor":17,"key":"Centennial Puzzle"},{"floor":17,"key":"Kunai"},{"floor":17,"key":"Nunchaku"}],"event_choices":[{"damage_healed":0,"gold_gain":0,"player_choice":"Lose Max HP","damage_taken":0,"relics_obtained":["Golden Idol"],"max_hp_gain":0,"max_hp_loss":6,"event_name":"Golden Idol","floor":3,"gold_loss":0},{"damage_healed":0,"gold_gain":0,"player_choice":"Success","damage_taken":11,"relics_obtained":["Champion Belt"],"max_hp_gain":0,"max_hp_loss":0,"event_name":"Scrap Ooze","floor":4,"gold_loss":0},{"damage_healed":12,"gold_gain":0,"player_choice":"Heal","damage_taken":0,"max_hp_gain":0,"max_hp_loss":0,"event_name":"The Library","floor":20,"gold_loss":0}],"is_beta":false,"boss_relics":[{"not_picked":["Snecko Eye","Lizard Tail"],"picked":"Calling Bell"}],"items_purged_floors":[21],"is_endless":false,"potions_floor_spawned":[1,11,16,18],"killed_by":"Snecko","ascension_level":17}