{"gold_per_floor":[10,23,23,34,47,79,79,114,114,127,157,176,208,223,223,320,320,339,39,51,67,81,112,112,126,126,157,35,46,46,61,61,164,164,176,192,17,17,29,29,62,162,216,230,257,268,70,102,102,102,102,102,23,52,52],"floor_reached":56,"playtime":5212,"items_purged":["Strike_G","Strike_G","Strike_G","Strike_G"],"score":1642,"play_id":"d0fb068d-2297-437b-8730-560ab11bf32d","local_time":"20190315214630","is_ascension_mode":true,"campfire_choices":[{"data":"Bouncing Flask","floor":7.0,"key":"SMITH"},{"data":"Dash","floor":15.0,"key":"SMITH"},{"data":"Caltrops","floor":24.0,"key":"SMITH"},{"data":"Cloak And Dagger","floor":30.0,"key":"SMITH"},{"data":"Burst","floor":32.0,"key":"SMITH"},{"floor":40.0,"key":"RECALL"},{"data":"Doppelganger","floor":49,"key":"SMITH"},{"data":"Neutralize","floor":52,"key":"SMITH"}],"neow_cost":"NO_GOLD","seed_source_timestamp":0,"circlet_count":0,"master_deck":["Defend_G","Defend_G","Defend_G","Defend_G","Defend_G","Strike_G","Survivor","Neutralize+1","Good Instincts","Blind","Deadly Poison","Bouncing Flask+1","Dagger Throw+1","Sucker Punch+1","Night Terror","Heel Hook","Dash+1","PiercingWail","Backstab","Tools of the Trade","Deflect","After Image","Acrobatics","Burst+1","Cloak And Dagger+1","Deadly Poison+1","Backstab","Caltrops+1","Deflect","Backstab","PiercingWail","Predator","Doppelganger+1","Predator+1","Deflect+1","Dark Shackles","Quick Slash","Bane","Underhanded Strike+1","Dagger Throw","Leg Sweep+1","Dodge and Roll+1","Blur","Sucker Punch+1","Blur","PiercingWail+1"],"special_seed":0,"relics":["Ring of the Snake","Blood Vial","Kunai","The Courier","Meat on the Bone","Orichalcum","Black Star","Whetstone","Pantograph","Mercury Hourglass","Ninja Scroll","Smiling Mask","Centennial Puzzle","Vajra","Philosopher\u0027s Stone","Snake Skull","Pen Nib","Sundial","Incense Burner","Bag of Marbles","Pear","Regal Pillow","Potion Belt","Oddly Smooth Stone","Paper Crane","Letter Opener"],"potions_floor_usage":[55,55],"damage_taken":[{"damage":1.0,"enemies":"Jaw Worm","floor":1.0,"turns":5.0},{"damage":0.0,"enemies":"2 Louse","floor":2.0,"turns":2.0},{"damage":1.0,"enemies":"Small Slimes","floor":4.0,"turns":3.0},{"damage":0.0,"enemies":"Looter","floor":5.0,"turns":3.0},{"damage":21.0,"enemies":"Gremlin Nob","floor":6.0,"turns":4.0},{"damage":5.0,"enemies":"Lagavulin","floor":8.0,"turns":6.0},{"damage":7.0,"enemies":"3 Louse","floor":10.0,"turns":3.0},{"damage":2.0,"enemies":"Gremlin Nob","floor":11.0,"turns":3.0},{"damage":1.0,"enemies":"Blue Slaver","floor":12.0,"turns":3.0},{"damage":12.0,"enemies":"Lagavulin","floor":13.0,"turns":6.0},{"damage":0.0,"enemies":"Large Slime","floor":14.0,"turns":2.0},{"damage":11.0,"enemies":"Hexaghost","floor":16.0,"turns":8.0},{"damage":4.0,"enemies":"Shell Parasite","floor":18.0,"turns":5.0},{"damage":2.0,"enemies":"Chosen","floor":20.0,"turns":6.0},{"damage":5.0,"enemies":"Snecko","floor":21.0,"turns":5.0},{"damage":13.0,"enemies":"Chosen and Byrds","floor":22.0,"turns":6.0},{"damage":21.0,"enemies":"Gremlin Leader","floor":23.0,"turns":6.0},{"damage":6.0,"enemies":"Centurion and Healer","floor":25.0,"turns":5.0},{"damage":17.0,"enemies":"Slavers","floor":27.0,"turns":8.0},{"damage":12.0,"enemies":"Snake Plant","floor":29.0,"turns":3.0},{"damage":5.0,"enemies":"Sentry and Sphere","floor":31.0,"turns":3.0},{"damage":54.0,"enemies":"Collector","floor":33.0,"turns":9.0},{"damage":0.0,"enemies":"Orb Walker","floor":35.0,"turns":2.0},{"damage":0.0,"enemies":"3 Shapes","floor":36.0,"turns":2.0},{"damage":19.0,"enemies":"Maw","floor":39.0,"turns":6.0},{"damage":4.0,"enemies":"Giant Head","floor":41.0,"turns":6.0},{"damage":11.0,"enemies":"Mind Bloom Boss Battle","floor":42.0,"turns":4.0},{"damage":5,"enemies":"Writhing Mass","floor":44,"turns":4},{"damage":0,"enemies":"Reptomancer","floor":45,"turns":5},{"damage":8,"enemies":"3 Darklings","floor":46,"turns":4},{"damage":10,"enemies":"Nemesis","floor":48,"turns":5},{"damage":27,"enemies":"Awakened One","floor":50,"turns":17},{"damage":31,"enemies":"Shield and Spear","floor":54,"turns":8},{"damage":14,"enemies":"The Heart","floor":55,"turns":11}],"seed_played":"-7966306088832102857","potions_obtained":[{"floor":5.0,"key":"Poison Potion"},{"floor":8.0,"key":"PowerPotion"},{"floor":10.0,"key":"EssenceOfSteel"},{"floor":14.0,"key":"GamblersBrew"},{"floor":16.0,"key":"Energy Potion"},{"floor":18.0,"key":"AttackPotion"},{"floor":22.0,"key":"SteroidPotion"},{"floor":33.0,"key":"Dexterity Potion"},{"floor":44,"key":"Ancient Potion"},{"floor":48,"key":"GhostInAJar"}],"is_trial":false,"path_per_floor":["M","M","?","M","M","E","R","E","T","M","E","M","E","M","R","B",null,"M","$","M","M","M","E","R","M","T","E","$","M","R","M","R","B",null,"M","M","$","?","M","R","E","?","T","M","E","M","$","E","R","B",null,"R","$","E","B",null],"character_chosen":"THE_SILENT","items_purchased":["Burst","Whetstone","Vajra","Snake Skull","Regal Pillow","Blur","Blur"],"campfire_rested":0,"item_purchase_floors":[19,19,28,37,47,47,53],"current_hp_per_floor":[62,62,62,61,61,40,40,37,37,32,32,45,47,49,49,40,63,61,61,61,58,47,40,40,36,36,33,33,35,35,44,44,28,60,62,64,64,64,47,47,45,59,59,56,68,62,62,54,54,53,73,73,73,44,57],"gold":52,"neow_bonus":"RANDOM_COLORLESS_2","is_prod":false,"is_daily":false,"chose_seed":false,"campfire_upgraded":7,"win_rate":0,"timestamp":1552707990,"path_taken":["M","M","?","M","M","E","R","E","T","M","E","M","E","M","R","BOSS","M","$","M","M","M","E","R","M","T","E","$","M","R","M","R","BOSS","M","M","$","?","M","R","E","?","T","M","E","M","$","E","R","BOSS","R","$","E","BOSS"],"build_version":"2019-01-23","purchased_purges":4,"victory":true,"max_hp_per_floor":[70,70,70,70,70,70,70,70,70,70,70,70,70,70,70,70,70,70,70,70,70,70,70,70,70,70,70,70,70,70,70,70,70,70,70,70,70,70,70,70,70,70,70,70,80,80,80,80,80,80,80,80,80,80,80],"card_choices":[{"not_picked":["Flying Knee","Outmaneuver"],"picked":"Deadly Poison","floor":1.0},{"not_picked":["Expertise","Catalyst"],"picked":"Bouncing Flask","floor":2.0},{"not_picked":["Quick Slash","Blade Dance"],"picked":"Dagger Throw","floor":4.0},{"not_picked":["Underhanded Strike","Tactician"],"picked":"Sucker Punch","floor":5.0},{"not_picked":["Poisoned Stab","Blade Dance"],"picked":"Night Terror","floor":6.0},{"not_picked":["Deadly Poison","Sucker Punch"],"picked":"Heel Hook","floor":8.0},{"not_picked":["Dagger Spray","Infinite Blades"],"picked":"Dash","floor":10.0},{"not_picked":["Prepared","Deflect"],"picked":"PiercingWail","floor":11.0},{"not_picked":["Cloak And Dagger","Acrobatics"],"picked":"Backstab","floor":12.0},{"not_picked":["Riddle With Holes","Calculated Gamble"],"picked":"Tools of the Trade","floor":13.0},{"not_picked":["Slice","Calculated Gamble"],"picked":"Deflect","floor":14.0},{"not_picked":["Night Terror","Phantasmal Killer"],"picked":"After Image","floor":16.0},{"not_picked":["Underhanded Strike","Skewer"],"picked":"Acrobatics","floor":18.0},{"not_picked":["Acrobatics","Caltrops"],"picked":"Cloak And Dagger","floor":20.0},{"not_picked":["Endless Agony","Finisher+1"],"picked":"Deadly Poison+1","floor":21.0},{"not_picked":["Dagger Throw","Heel Hook"],"picked":"Backstab","floor":22.0},{"not_picked":["Deadly Poison","Underhanded Strike"],"picked":"Caltrops","floor":23.0},{"not_picked":["Prepared","Outmaneuver+1"],"picked":"Deflect","floor":25.0},{"not_picked":["Quick Slash","Die Die Die"],"picked":"Backstab","floor":27.0},{"not_picked":["Acrobatics","Setup"],"picked":"PiercingWail","floor":29.0},{"not_picked":["Dagger Throw","Bane+1"],"picked":"Predator","floor":31.0},{"not_picked":["Unload","Tools of the Trade"],"picked":"Doppelganger","floor":33.0},{"not_picked":["Outmaneuver+1","Sucker Punch"],"picked":"Predator+1","floor":35.0},{"not_picked":["Predator+1","Setup"],"picked":"Deflect+1","floor":36.0},{"not_picked":["Good Instincts","Blind"],"picked":"Dark Shackles","floor":38.0},{"not_picked":["Blade Dance","Predator"],"picked":"Quick Slash","floor":39.0},{"not_picked":["Storm of Steel","Poisoned Stab"],"picked":"Bane","floor":41.0},{"not_picked":["Quick Slash","Sucker Punch"],"picked":"Underhanded Strike+1","floor":42.0},{"not_picked":["Concentrate","Underhanded Strike+1"],"picked":"Dagger Throw","floor":44},{"not_picked":["Sucker Punch","Night Terror"],"picked":"Leg Sweep+1","floor":45},{"not_picked":["Calculated Gamble","Underhanded Strike"],"picked":"Dodge and Roll+1","floor":46},{"not_picked":["Acrobatics","After Image"],"picked":"Sucker Punch+1","floor":48},{"not_picked":["Predator+1","Storm of Steel"],"picked":"PiercingWail+1","floor":54}],"player_experience":101757,"relics_obtained":[{"floor":6.0,"key":"Blood Vial"},{"floor":8.0,"key":"Kunai"},{"floor":9.0,"key":"The Courier"},{"floor":11.0,"key":"Meat on the Bone"},{"floor":13.0,"key":"Orichalcum"},{"floor":23.0,"key":"Pantograph"},{"floor":23.0,"key":"Mercury Hourglass"},{"floor":26.0,"key":"Ninja Scroll"},{"floor":27.0,"key":"Smiling Mask"},{"floor":27.0,"key":"Centennial Puzzle"},{"floor":41.0,"key":"Pen Nib"},{"floor":41.0,"key":"Sundial"},{"floor":42.0,"key":"Incense Burner"},{"floor":45,"key":"Bag of Marbles"},{"floor":45,"key":"Pear"},{"floor":48,"key":"Potion Belt"},{"floor":48,"key":"Oddly Smooth Stone"},{"floor":54,"key":"Paper Crane"},{"floor":54,"key":"Letter Opener"}],"event_choices":[{"damage_healed":0.0,"max_hp_gain":0.0,"max_hp_loss":0.0,"gold_gain":0.0,"event_name":"The Cleric","player_choice":"Leave","floor":3.0,"gold_loss":0.0,"damage_taken":0.0},{"damage_healed":0.0,"max_hp_gain":0.0,"max_hp_loss":0.0,"gold_gain":0.0,"event_name":"SensoryStone","player_choice":"Memory 1","floor":38.0,"gold_loss":0.0,"damage_taken":0.0},{"damage_healed":0.0,"max_hp_gain":0.0,"max_hp_loss":0.0,"gold_gain":0.0,"event_name":"MindBloom","player_choice":"Fight","floor":42.0,"gold_loss":0.0,"damage_taken":0.0}],"is_beta":false,"boss_relics":[{"not_picked":["Tiny House","Ring of the Serpent"],"picked":"Black Star"},{"not_picked":["Orrery","Calling Bell"],"picked":"Philosopher\u0027s Stone"}],"items_purged_floors":[19,37,47,53],"is_endless":false,"potions_floor_spawned":[5,8,10,14,16,18,22,25,29,33,39,44,48],"ascension_level":6}