{"gold_per_floor":[115,115,134,151,76,76,109,121,121,81],"floor_reached":10,"playtime":246,"items_purged":["Strike_R"],"score":136,"play_id":"79135f24-2f85-49fe-97ac-30728cc6e67f","local_time":"20190306093155","is_ascension_mode":true,"campfire_choices":[{"data":"Cleave","floor":6,"key":"SMITH"}],"neow_cost":"NONE","seed_source_timestamp":405092525009609,"circlet_count":0,"master_deck":["AscendersBane","Strike_R","Strike_R","Strike_R","Strike_R","Defend_R","Defend_R","Defend_R","Defend_R","Bash","Evolve","Armaments","Cleave+1","Berserk","Flame Barrier"],"relics":["Burning Blood","NeowsBlessing","Torii","Paper Frog","Ornamental Fan"],"potions_floor_usage":[7],"damage_taken":[{"damage":0,"enemies":"Small Slimes","floor":1,"turns":1},{"damage":0,"enemies":"Cultist","floor":3,"turns":1},{"damage":0,"enemies":"Jaw Worm","floor":4,"turns":1},{"damage":50,"enemies":"Gremlin Nob","floor":7,"turns":5},{"damage":12,"enemies":"3 Louse","floor":8,"turns":3},{"damage":39,"enemies":"Exordium Thugs","floor":10,"turns":2}],"seed_played":"-9163037124300713560","potions_obtained":[{"floor":1,"key":"FearPotion"},{"floor":3,"key":"Block Potion"}],"is_trial":false,"path_per_floor":["M","?","M","M","$","R","E","M","T","M"],"character_chosen":"IRONCLAD","items_purchased":[],"campfire_rested":0,"item_purchase_floors":[],"current_hp_per_floor":[74,74,75,75,75,75,31,25,25,0],"gold":81,"neow_bonus":"THREE_ENEMY_KILL","is_prod":false,"is_daily":false,"chose_seed":false,"campfire_upgraded":1,"win_rate":0,"timestamp":1551889915,"path_taken":["M","?","M","?","$","R","E","M","T","M"],"build_version":"2019-01-23","purchased_purges":1,"victory":false,"max_hp_per_floor":[75,75,75,75,75,75,75,75,75,75],"card_choices":[{"not_picked":["Shockwave","Warcry"],"picked":"Evolve","floor":1},{"not_picked":["Perfected Strike","Body Slam"],"picked":"Armaments","floor":3},{"not_picked":["Armaments","Pommel Strike"],"picked":"Cleave","floor":4},{"not_picked":["Armaments","Burning Pact"],"picked":"Berserk","floor":7},{"not_picked":["Clothesline","Heavy Blade"],"picked":"Flame Barrier","floor":8}],"player_experience":1350180,"relics_obtained":[{"floor":7,"key":"Paper Frog"},{"floor":9,"key":"Ornamental Fan"}],"event_choices":[{"damage_healed":0,"gold_gain":0,"player_choice":"Gave Potion","damage_taken":0,"relics_obtained":["Torii"],"max_hp_gain":0,"max_hp_loss":0,"event_name":"WeMeetAgain","floor":2,"gold_loss":0}],"is_beta":false,"boss_relics":[],"items_purged_floors":[5],"is_endless":false,"potions_floor_spawned":[1,3],"killed_by":"Exordium Thugs","ascension_level":20}