{"path_per_floor":["M","$","?","?","M","R","E","R","T","E","R","$","R","M","R","B",null,"M","?","M","M"],"character_chosen":"DEFECT","items_purchased":["Magnetism"],"gold_per_floor":[109,34,34,109,126,126,159,159,159,187,187,5,5,23,23,126,126,141,141,159,179,179],"floor_reached":22,"campfire_rested":3,"playtime":1436,"current_hp_per_floor":[64,64,46,35,35,55,17,37,37,37,37,37,37,37,57,35,68,49,33,32,9,0],"items_purged":["Meteor Strike"],"gold":179,"score":260,"play_id":"f14a33c7-8335-47f1-94c9-eb528781b0c4","local_time":"20180513104434","is_prod":false,"is_daily":false,"chose_seed":false,"is_ascension_mode":true,"campfire_upgraded":2,"timestamp":1526229874,"path_taken":["M","$","?","?","M","R","E","R","T","E","R","$","R","M","R","BOSS","M","?","M","M","M"],"build_version":"2018-05-12v2","seed_source_timestamp":308615638366213,"purchased_purges":1,"victory":false,"master_deck":["Strike_B","Strike_B","Defend_B","Defend_B","Defend_B","Defend_B","Zap","Dualcast","Darkness","Cold Snap","Sweeping Beam+1","Storm+1","Go for the Eyes","Magnetism","Beam Cell","Amplify","BootSequence","Sweeping Beam+1","Recycle"],"max_hp_per_floor":[68,68,68,68,68,68,68,68,68,68,68,68,68,68,68,68,68,68,68,68,68,68],"relics":["Cracked Core","Anchor","Orichalcum","Bag of Marbles","Matryoshka","Inserter","Enchiridion"],"card_choices":[{"not_picked":["Stack","Axe Kick"],"picked":"Cold Snap","floor":1},{"not_picked":["Leap","Capacitor"],"picked":"Sweeping Beam","floor":5},{"not_picked":["Coolheaded","Beam Cell"],"picked":"Storm","floor":7},{"not_picked":["Scrape","Leap"],"picked":"Go for the Eyes","floor":10},{"not_picked":["Skim","Streamline"],"picked":"Beam Cell","floor":14},{"not_picked":["Biased Cognition","Rainbow"],"picked":"Amplify","floor":16},{"not_picked":["Skim","Ball Lightning+1"],"picked":"BootSequence","floor":18},{"not_picked":["Barrage","Streamline"],"picked":"Sweeping Beam+1","floor":20},{"not_picked":["Doom and Gloom","Redo+1"],"picked":"Recycle","floor":21}],"player_experience":106386,"potions_floor_usage":[10,16,16,22],"damage_taken":[{"damage":4,"enemies":"Jaw Worm","floor":1,"turns":3},{"damage":0,"enemies":"Small Slimes","floor":5,"turns":2},{"damage":38,"enemies":"Lagavulin","floor":7,"turns":8},{"damage":0,"enemies":"Gremlin Nob","floor":10,"turns":3},{"damage":0,"enemies":"Cultist","floor":14,"turns":3},{"damage":22,"enemies":"The Guardian","floor":16,"turns":8},{"damage":19,"enemies":"3 Byrds","floor":18,"turns":6},{"damage":1,"enemies":"Spheric Guardian","floor":20,"turns":3},{"damage":23,"enemies":"Centurion and Healer","floor":21,"turns":5},{"damage":11,"enemies":"3 Cultists","floor":22,"turns":3}],"event_choices":[{"event_name":"Scrap Ooze","player_choice":"success","floor":3,"damage_taken":18},{"event_name":"World of Goop","player_choice":"Gather Gold","floor":4,"damage_taken":0},{"event_name":"Cursed Tome","player_choice":"Obtained Book","floor":19,"damage_taken":0}],"boss_relics":[{"not_picked":["Runic Dome","Philosopher\u0027s Stone"],"picked":"Inserter"}],"potions_floor_spawned":[7,10,14,18],"seed_played":"3951846717589473668","killed_by":"3 Cultists","ascension_level":4,"is_trial":false}