{"gold_per_floor":[116,134,154,79,4,32,32,48,48,48,48,76,76,76,76,76],"floor_reached":16,"playtime":601,"items_purged":["Strike_R"],"score":216,"play_id":"2b57d07e-a7a9-45cc-90e3-8d3e68f767a8","local_time":"20190302095714","is_ascension_mode":true,"campfire_choices":[{"floor":7,"key":"REST"},{"floor":10,"key":"REST"},{"floor":15,"key":"REST"}],"neow_cost":"NONE","seed_source_timestamp":60646362435297,"circlet_count":0,"master_deck":["AscendersBane","Strike_R","Defend_R","Defend_R","Defend_R","Defend_R","Bash+1","True Grit","Headbutt","Disarm","Shrug It Off","Infernal Blade"],"relics":["Burning Blood","Bag of Preparation","Centennial Puzzle","Shuriken"],"potions_floor_usage":[6,8],"damage_taken":[{"damage":6,"enemies":"Small Slimes","floor":1,"turns":5},{"damage":9,"enemies":"2 Louse","floor":2,"turns":3},{"damage":12,"enemies":"Jaw Worm","floor":3,"turns":2},{"damage":49,"enemies":"Lagavulin","floor":6,"turns":7},{"damage":18,"enemies":"Gremlin Gang","floor":8,"turns":4},{"damage":27,"enemies":"Gremlin Nob","floor":12,"turns":4},{"damage":44,"enemies":"Slime Boss","floor":16,"turns":6}],"seed_played":"-2180678358201858527","potions_obtained":[{"floor":2,"key":"EssenceOfSteel"},{"floor":6,"key":"SkillPotion"},{"floor":12,"key":"LiquidBronze"}],"is_trial":false,"path_per_floor":["M","M","M","$","?","E","R","M","T","R","?","E","?","?","R","B"],"character_chosen":"IRONCLAD","items_purchased":[],"campfire_rested":3,"item_purchase_floors":[],"current_hp_per_floor":[68,65,59,59,59,16,38,26,26,48,48,27,20,20,42,0],"gold":76,"neow_bonus":"UPGRADE_CARD","is_prod":false,"is_daily":false,"chose_seed":false,"campfire_upgraded":0,"win_rate":0,"timestamp":1551545834,"path_taken":["M","M","M","$","?","E","R","M","T","R","?","E","?","?","R","BOSS"],"build_version":"2019-01-23","purchased_purges":1,"victory":false,"max_hp_per_floor":[75,75,75,75,75,75,75,75,75,75,75,75,75,75,75,75],"card_choices":[{"not_picked":["Iron Wave","Sword Boomerang"],"picked":"True Grit","floor":1},{"not_picked":["Iron Wave","Anger"],"picked":"Headbutt","floor":2},{"not_picked":["Sever Soul","Pummel"],"picked":"Disarm","floor":3},{"not_picked":["Twin Strike","Pummel"],"picked":"Shrug It Off","floor":6},{"not_picked":["Feed","Heavy Blade"],"picked":"Infernal Blade","floor":8},{"not_picked":["Warcry","Havoc","Dual Wield"],"picked":"SKIP","floor":12}],"player_experience":1318428,"relics_obtained":[{"floor":6,"key":"Bag of Preparation"},{"floor":9,"key":"Centennial Puzzle"},{"floor":12,"key":"Shuriken"}],"event_choices":[{"cards_removed":["Strike_R"],"damage_healed":0,"gold_gain":0,"player_choice":"Card Removal","damage_taken":0,"max_hp_gain":0,"max_hp_loss":0,"event_name":"The Cleric","floor":5,"gold_loss":75},{"cards_removed":["Strike_R"],"damage_healed":0,"gold_gain":0,"player_choice":"Forget","damage_taken":0,"max_hp_gain":0,"max_hp_loss":0,"event_name":"Living Wall","floor":11,"gold_loss":0},{"cards_removed":["Strike_R"],"damage_healed":0,"gold_gain":0,"player_choice":"Card Removal","damage_taken":7,"max_hp_gain":0,"max_hp_loss":0,"event_name":"Golden Wing","floor":13,"gold_loss":0},{"damage_healed":0,"gold_gain":0,"player_choice":"Ignored","damage_taken":0,"max_hp_gain":0,"max_hp_loss":0,"event_name":"Shining Light","floor":14,"gold_loss":0}],"is_beta":false,"boss_relics":[],"items_purged_floors":[4],"is_endless":false,"potions_floor_spawned":[2,6,12],"killed_by":"Slime Boss","ascension_level":20}