{"gold_per_floor":[110,127,22,35,47,47,80,80,80,90,103,115,115,115],"floor_reached":14,"playtime":487,"items_purged":["Strike_B"],"score":179,"play_id":"e0e5ca37-4298-487d-ab88-2e771fd93454","local_time":"20190306014731","is_ascension_mode":true,"campfire_choices":[{"data":"Sunder","floor":6,"key":"SMITH"},{"floor":8,"key":"REST"}],"neow_cost":"NONE","seed_source_timestamp":350106793012860,"circlet_count":0,"master_deck":["AscendersBane","Strike_B","Strike_B","Strike_B","Defend_B","Defend_B","Defend_B","Defend_B","Zap","Dualcast","Coolheaded","Cold Snap","Sweeping Beam","Sunder+1","Recycle","Blizzard","Genetic Algorithm","Hologram","Multi-Cast","Injury"],"relics":["Cracked Core","Bronze Scales","Mummified Hand","Golden Idol"],"potions_floor_usage":[7,10],"damage_taken":[{"damage":4,"enemies":"Small Slimes","floor":1,"turns":4},{"damage":5,"enemies":"Jaw Worm","floor":2,"turns":4},{"damage":3,"enemies":"2 Louse","floor":4,"turns":2},{"damage":8,"enemies":"Large Slime","floor":5,"turns":4},{"damage":44,"enemies":"Lagavulin","floor":7,"turns":8},{"damage":8,"enemies":"Exordium Thugs","floor":10,"turns":4},{"damage":9,"enemies":"Looter","floor":11,"turns":4},{"damage":9,"enemies":"Large Slime","floor":12,"turns":5},{"damage":0,"enemies":"Exordium Wildlife","floor":14,"turns":1}],"seed_played":"-5603543899047392524","potions_obtained":[{"floor":5,"key":"GamblersBrew"},{"floor":7,"key":"PowerPotion"},{"floor":11,"key":"GamblersBrew"},{"floor":12,"key":"LiquidBronze"}],"is_trial":false,"path_per_floor":["M","M","$","M","M","R","E","R","T","M","M","M","?","M"],"character_chosen":"DEFECT","items_purchased":["Sweeping Beam"],"campfire_rested":1,"item_purchase_floors":[3],"current_hp_per_floor":[67,62,62,59,51,51,7,30,30,22,13,4,4,4],"gold":115,"neow_bonus":"TEN_PERCENT_HP_BONUS","is_prod":false,"is_daily":false,"chose_seed":false,"campfire_upgraded":1,"win_rate":0,"timestamp":1551829651,"path_taken":["M","M","$","M","M","R","E","R","T","M","M","M","?","M"],"build_version":"2019-01-23","purchased_purges":1,"victory":false,"max_hp_per_floor":[78,78,78,78,78,78,78,78,78,78,78,78,78,78],"card_choices":[{"not_picked":["Turbo","Streamline"],"picked":"Coolheaded","floor":1},{"not_picked":["Melter","Sweeping Beam"],"picked":"Cold Snap","floor":2},{"not_picked":["Rebound","Static Discharge"],"picked":"Sunder","floor":4},{"not_picked":["Beam Cell","Rebound"],"picked":"Recycle","floor":5},{"not_picked":["Gash","Redo"],"picked":"Blizzard","floor":7},{"not_picked":["Gash","Rebound"],"picked":"Genetic Algorithm","floor":10},{"not_picked":["Beam Cell","Compile Driver"],"picked":"Hologram","floor":11},{"not_picked":["Turbo","Scrape"],"picked":"Multi-Cast","floor":12}],"player_experience":759388,"relics_obtained":[{"floor":7,"key":"Bronze Scales"},{"floor":9,"key":"Mummified Hand"}],"event_choices":[{"damage_healed":0,"gold_gain":0,"player_choice":"Take Wound","damage_taken":0,"relics_obtained":["Golden Idol"],"max_hp_gain":0,"max_hp_loss":0,"event_name":"Golden Idol","floor":13,"gold_loss":0,"cards_obtained":["Injury"]}],"is_beta":false,"boss_relics":[],"items_purged_floors":[3],"is_endless":false,"potions_floor_spawned":[5,7,11,12],"killed_by":"Exordium Wildlife","ascension_level":18}