{"gold_per_floor":[115,128,0,0,0,0,10,20,46,46,46,57,57,82,82,158,158,172,186,1,14,14,14],"floor_reached":23,"playtime":1285,"items_purged":["Defend_R","Defend_R"],"score":363,"play_id":"47194d05-c9a7-471f-a1c8-b7003de66336","local_time":"20190220235906","is_ascension_mode":true,"campfire_choices":[{"data":"Flame Barrier","floor":6,"key":"SMITH"},{"data":"Iron Wave","floor":10,"key":"SMITH"},{"data":"Thunderclap","floor":13,"key":"SMITH"},{"floor":15,"key":"REST"}],"neow_cost":"NONE","seed_source_timestamp":459286038059038,"circlet_count":0,"master_deck":["AscendersBane","Strike_R","Strike_R","Strike_R","Strike_R","Strike_R","Bash","Flame Barrier+1","Thunderclap+1","Iron Wave+1","Clash","Pommel Strike","Ghostly Armor","Feed","Rage","Metallicize","Ghostly","Ghostly","Ghostly"],"relics":["Burning Blood","Juzu Bracelet","Vajra","Fusion Hammer"],"potions_floor_usage":[16,18],"damage_taken":[{"damage":9,"enemies":"Jaw Worm","floor":1,"turns":5},{"damage":12,"enemies":"Cultist","floor":2,"turns":4},{"damage":8,"enemies":"2 Louse","floor":7,"turns":2},{"damage":12,"enemies":"Exordium Wildlife","floor":8,"turns":4},{"damage":6,"enemies":"Looter","floor":12,"turns":2},{"damage":24,"enemies":"Lagavulin","floor":14,"turns":5},{"damage":29,"enemies":"The Guardian","floor":16,"turns":11},{"damage":16,"enemies":"3 Byrds","floor":18,"turns":3},{"damage":24,"enemies":"Chosen","floor":19,"turns":5},{"damage":0,"enemies":"Centurion and Healer","floor":21,"turns":4},{"damage":43,"enemies":"Book of Stabbing","floor":23,"turns":5}],"seed_played":"-2190093367353806433","potions_obtained":[{"floor":7,"key":"GamblersBrew"},{"floor":12,"key":"Explosive Potion"},{"floor":19,"key":"Ancient Potion"}],"is_trial":false,"path_per_floor":["M","M","$","?","?","R","M","M","T","R","$","M","R","E","R","B",null,"M","M","$","M","?","E"],"character_chosen":"IRONCLAD","items_purchased":["Iron Wave","Rage"],"campfire_rested":1,"item_purchase_floors":[3,20],"current_hp_per_floor":[65,59,59,59,59,59,57,51,51,51,51,51,51,33,55,32,64,57,39,39,48,40,0],"gold":14,"neow_bonus":"REMOVE_CARD","is_prod":false,"is_daily":false,"chose_seed":false,"campfire_upgraded":3,"win_rate":0,"timestamp":1550732346,"path_taken":["M","M","$","?","?","R","?","M","T","R","$","M","R","E","R","BOSS","M","M","$","M","?","E"],"build_version":"2019-01-23","purchased_purges":2,"victory":false,"max_hp_per_floor":[75,75,75,75,75,75,75,75,75,75,75,75,75,75,75,75,75,78,78,78,81,40,40],"card_choices":[{"not_picked":["Anger","Clash"],"picked":"Flame Barrier","floor":1},{"not_picked":["Headbutt","Carnage"],"picked":"Thunderclap","floor":2},{"not_picked":["Rupture","Evolve"],"picked":"Clash","floor":7},{"not_picked":["Feel No Pain","Warcry"],"picked":"Pommel Strike","floor":8},{"not_picked":["Perfected Strike","Combust","Reckless Charge"],"picked":"SKIP","floor":12},{"not_picked":["Warcry","Burning Pact"],"picked":"Ghostly Armor","floor":14},{"not_picked":["Limit Break","Offering"],"picked":"Feed","floor":16},{"not_picked":["Twin Strike","Warcry","Havoc"],"picked":"SKIP","floor":18},{"not_picked":["Heavy Blade+1","True Grit","Bloodletting+1"],"picked":"SKIP","floor":19},{"not_picked":["Bloodletting","Shrug It Off"],"picked":"Metallicize","floor":21}],"player_experience":1190580,"relics_obtained":[{"floor":9,"key":"Juzu Bracelet"},{"floor":14,"key":"Vajra"}],"event_choices":[{"cards_removed":["Defend_R"],"damage_healed":0,"gold_gain":0,"player_choice":"Forget","damage_taken":0,"max_hp_gain":0,"max_hp_loss":0,"event_name":"Living Wall","floor":4,"gold_loss":0},{"damage_healed":0,"gold_gain":0,"player_choice":"0 cards matched","damage_taken":0,"max_hp_gain":0,"max_hp_loss":0,"event_name":"Match and Keep!","floor":5,"gold_loss":0,"cards_obtained":[]},{"damage_healed":0,"gold_gain":0,"player_choice":"Became a Ghost","damage_taken":0,"max_hp_gain":0,"max_hp_loss":41,"event_name":"Ghosts","floor":22,"gold_loss":0,"cards_obtained":["Ghostly","Ghostly","Ghostly"]}],"is_beta":false,"boss_relics":[{"not_picked":["Pandora\u0027s Box","Coffee Dripper"],"picked":"Fusion Hammer"}],"items_purged_floors":[3,20],"is_endless":false,"potions_floor_spawned":[7,12,19],"killed_by":"Book of Stabbing","ascension_level":18}