{"gold_per_floor":[116,116,130,55,73,73,86,86,86,86,86,116,116,16,16,87,87,101,101,77,127,127],"floor_reached":22,"playtime":1168,"items_purged":["Defend_B","Defend_B"],"score":337,"play_id":"3ab38152-317d-4bc7-9f5f-c764fbbb43a2","local_time":"20190210013511","is_ascension_mode":true,"campfire_choices":[{"data":"Zap","floor":6,"key":"SMITH"},{"data":"Dualcast","floor":8,"key":"SMITH"},{"floor":10,"key":"REST"},{"data":"Reinforced Body","floor":13,"key":"SMITH"},{"floor":15,"key":"REST"}],"neow_cost":"NONE","seed_source_timestamp":1925174383060169,"circlet_count":0,"master_deck":["AscendersBane","Strike_B","Strike_B","Strike_B","Strike_B","Defend_B","Zap+1","Dualcast+1","FTL","Reinforced Body+1","Sweeping Beam","Auto Shields","Reprogram","Self Repair","Buffer","Injury","Writhe","Parasite","Static Discharge","Streamline"],"relics":["Cracked Core","Pen Nib","Calipers","Gambling Chip","Kunai","Calling Bell","Bronze Scales","Pantograph","WingedGreaves"],"potions_floor_usage":[12,16,22],"damage_taken":[{"damage":8,"enemies":"Small Slimes","floor":1,"turns":3},{"damage":1,"enemies":"Cultist","floor":3,"turns":3},{"damage":2,"enemies":"Jaw Worm","floor":5,"turns":3},{"damage":8,"enemies":"Exordium Wildlife","floor":7,"turns":4},{"damage":22,"enemies":"Gremlin Nob","floor":12,"turns":4},{"damage":36,"enemies":"Slime Boss","floor":16,"turns":9},{"damage":23,"enemies":"Shell Parasite","floor":18,"turns":6},{"damage":37,"enemies":"2 Thieves","floor":20,"turns":4},{"damage":23,"enemies":"Sentry and Sphere","floor":22,"turns":5}],"seed_played":"8456217335418857773","potions_obtained":[{"floor":1,"key":"Poison Potion"},{"floor":7,"key":"Explosive Potion"},{"floor":20,"key":"Energy Potion"}],"is_trial":false,"path_per_floor":["M","?","M","$","M","R","M","R","T","R","?","E","R","$","R","B",null,"M","$","M","?","M"],"character_chosen":"DEFECT","items_purchased":[],"campfire_rested":2,"item_purchase_floors":[],"current_hp_per_floor":[56,45,44,44,42,42,34,34,34,55,55,33,33,33,54,25,60,44,44,14,14,0],"gold":127,"neow_bonus":"RANDOM_COMMON_RELIC","is_prod":false,"is_daily":false,"chose_seed":false,"campfire_upgraded":3,"win_rate":0,"timestamp":1549787711,"path_taken":["M","?","M","$","M","R","M","R","T","R","?","E","R","$","R","BOSS","M","$","?","?","?"],"build_version":"2019-01-23","purchased_purges":2,"victory":false,"max_hp_per_floor":[71,71,71,71,71,71,71,71,71,71,71,71,71,71,71,71,71,71,71,71,71,71],"card_choices":[{"not_picked":["Streamline","Hologram"],"picked":"FTL","floor":1},{"not_picked":["Streamline","Ball Lightning"],"picked":"Reinforced Body","floor":3},{"not_picked":["Streamline","Compile Driver"],"picked":"Sweeping Beam","floor":5},{"not_picked":["Force Field","Rebound"],"picked":"Auto Shields","floor":7},{"not_picked":["Sweeping Beam","Blizzard"],"picked":"Self Repair","floor":12},{"not_picked":["Amplify","Machine Learning"],"picked":"Buffer","floor":16},{"not_picked":["Hello World","Conserve Battery"],"picked":"Static Discharge","floor":18},{"not_picked":["Undo","Barrage"],"picked":"Streamline","floor":20}],"player_experience":1046475,"relics_obtained":[{"floor":9,"key":"Gambling Chip"},{"floor":12,"key":"Kunai"},{"floor":17,"key":"Bronze Scales"},{"floor":17,"key":"Pantograph"},{"floor":17,"key":"WingedGreaves"}],"event_choices":[{"damage_healed":0,"gold_gain":0,"player_choice":"Success","damage_taken":11,"relics_obtained":["Calipers"],"max_hp_gain":0,"max_hp_loss":0,"event_name":"Scrap Ooze","floor":2,"gold_loss":0},{"damage_healed":0,"gold_gain":0,"cards_transformed":["Defend_B"],"player_choice":"Transformed","damage_taken":0,"max_hp_gain":0,"max_hp_loss":0,"event_name":"Transmorgrifier","floor":11,"gold_loss":0,"cards_obtained":["Reprogram"]},{"damage_healed":0,"gold_gain":100,"player_choice":"Bet on Murderer","damage_taken":0,"max_hp_gain":0,"max_hp_loss":0,"event_name":"The Joust","floor":21,"gold_loss":50}],"is_beta":false,"boss_relics":[{"not_picked":["Astrolabe","Empty Cage"],"picked":"Calling Bell"}],"items_purged_floors":[4,14],"is_endless":false,"potions_floor_spawned":[1,7,20],"killed_by":"Sentry and Sphere","ascension_level":17}