{"gold_per_floor":[110,121,133,133,133,133,133,133,133,133,47,47,47,67,67,144,144,144,144,144,69,69,69,69,69,69,69,69,69,69,69,69,69],"floor_reached":33,"playtime":1658,"items_purged":[],"score":553,"play_id":"1275f6c2-ede1-46ba-a590-259fba99d263","local_time":"20190217235554","is_ascension_mode":true,"campfire_choices":[{"data":"Thunderclap","floor":6,"key":"SMITH"},{"data":"Metallicize","floor":7,"key":"SMITH"},{"floor":8,"key":"REST"},{"data":"Defend_R","floor":10,"key":"SMITH"},{"data":"Whirlwind","floor":13,"key":"SMITH"},{"data":"True Grit","floor":15,"key":"SMITH"},{"floor":24,"key":"REST"},{"floor":27,"key":"REST"},{"floor":30,"key":"REST"},{"data":"Body Slam","floor":32,"key":"SMITH"}],"neow_cost":"TEN_PERCENT_HP_LOSS","seed_source_timestamp":199509687263122,"circlet_count":0,"master_deck":["AscendersBane","Strike_R","Strike_R","Strike_R","Strike_R","Strike_R","Defend_R+1","Defend_R","Defend_R","Defend_R+1","Thunderclap+1","Metallicize+1","True Grit+1","Whirlwind+1","True Grit+1","Juggernaut","Iron Wave","Writhe","Shockwave","Body Slam+1","Iron Wave","Rage","Dark Embrace","Power Through"],"relics":["Burning Blood","WingedGreaves","War Paint","Mercury Hourglass","WarpedTongs","Ectoplasm","Bronze Scales","Anchor","The Courier","Dream Catcher","Du-Vu Doll","Red Mask"],"potions_floor_usage":[16,18,23,23,33],"damage_taken":[{"damage":4,"enemies":"Small Slimes","floor":1,"turns":4},{"damage":0,"enemies":"2 Louse","floor":2,"turns":2},{"damage":3,"enemies":"Cultist","floor":3,"turns":3},{"damage":1,"enemies":"3 Louse","floor":14,"turns":1},{"damage":19,"enemies":"The Guardian","floor":16,"turns":15},{"damage":1,"enemies":"Chosen","floor":18,"turns":5},{"damage":1,"enemies":"3 Byrds","floor":20,"turns":3},{"damage":16,"enemies":"Centurion and Healer","floor":22,"turns":6},{"damage":59,"enemies":"Slavers","floor":23,"turns":5},{"damage":1,"enemies":"Gremlin Leader","floor":25,"turns":6},{"damage":22,"enemies":"Book of Stabbing","floor":28,"turns":5},{"damage":18,"enemies":"Chosen and Byrds","floor":29,"turns":4},{"damage":0,"enemies":"Masked Bandits","floor":31,"turns":1},{"damage":58,"enemies":"Automaton","floor":33,"turns":6}],"seed_played":"-3860225145141283945","potions_obtained":[{"floor":2,"key":"Energy Potion"},{"floor":14,"key":"BloodPotion"},{"floor":16,"key":"Block Potion"},{"floor":18,"key":"Poison Potion"},{"floor":23,"key":"Dexterity Potion"},{"floor":29,"key":"Ancient Potion"}],"is_trial":false,"path_per_floor":["M","M","M","?","?","R","R","R","T","R","$","?","R","M","R","B",null,"M","?","M","?","M","E","R","E","T","R","E","M","R","?","R","B"],"character_chosen":"IRONCLAD","items_purchased":["Whirlwind"],"campfire_rested":4,"item_purchase_floors":[11],"current_hp_per_floor":[68,68,68,50,43,43,43,63,63,63,63,63,63,68,68,55,65,68,68,68,68,58,11,31,36,36,56,40,28,48,54,54,0],"gold":69,"neow_bonus":"ONE_RARE_RELIC","is_prod":false,"is_daily":false,"chose_seed":false,"campfire_upgraded":6,"win_rate":0,"timestamp":1550472954,"path_taken":["M","M","M","?","?","R","R","R","T","R","$","?","R","?","R","BOSS","M","?","M","?","M","E","R","E","T","R","E","M","R","?","R","BOSS"],"build_version":"2019-01-23","purchased_purges":0,"victory":false,"max_hp_per_floor":[68,68,68,68,68,68,68,68,68,68,68,68,68,68,68,68,68,68,68,68,68,68,68,68,68,68,68,68,68,68,68,68,68],"card_choices":[{"not_picked":["Headbutt","Warcry"],"picked":"Thunderclap","floor":1},{"not_picked":["Anger","Fire Breathing"],"picked":"Metallicize","floor":2},{"not_picked":["Wild Strike","Flex"],"picked":"True Grit","floor":3},{"not_picked":["Shockwave","Thunderclap"],"picked":"True Grit","floor":14},{"not_picked":["Berserk","Immolate"],"picked":"Juggernaut","floor":16},{"not_picked":["Infernal Blade","Headbutt"],"picked":"Iron Wave","floor":18},{"not_picked":["Sword Boomerang","Havoc","Thunderclap"],"picked":"SKIP","floor":20},{"not_picked":["Heavy Blade","Thunderclap","Havoc"],"picked":"SKIP","floor":22},{"not_picked":["Disarm","Sword Boomerang"],"picked":"Shockwave","floor":23},{"not_picked":["Seeing Red","Sword Boomerang"],"picked":"Body Slam","floor":25},{"not_picked":["Blood for Blood","Disarm"],"picked":"Iron Wave","floor":28},{"not_picked":["Burning Pact","Battle Trance"],"picked":"Rage","floor":29},{"not_picked":["Disarm","Wild Strike"],"picked":"Dark Embrace","floor":30},{"not_picked":["True Grit","Iron Wave"],"picked":"Power Through","floor":31}],"player_experience":1151016,"relics_obtained":[{"floor":9,"key":"Mercury Hourglass"},{"floor":23,"key":"Anchor"},{"floor":25,"key":"The Courier"},{"floor":26,"key":"Dream Catcher"},{"floor":28,"key":"Du-Vu Doll"},{"floor":31,"key":"Red Mask"}],"event_choices":[{"damage_healed":0,"gold_gain":0,"player_choice":"Success","damage_taken":18,"relics_obtained":["War Paint"],"max_hp_gain":0,"max_hp_loss":0,"event_name":"Scrap Ooze","floor":4,"gold_loss":0},{"cards_removed":["Bash"],"damage_healed":0,"gold_gain":0,"player_choice":"Card Removal","damage_taken":7,"max_hp_gain":0,"max_hp_loss":0,"event_name":"Golden Wing","floor":5,"gold_loss":0},{"damage_healed":0,"gold_gain":0,"player_choice":"Rummage","damage_taken":0,"relics_obtained":["WarpedTongs"],"max_hp_gain":0,"max_hp_loss":0,"event_name":"Accursed Blacksmith","floor":12,"gold_loss":0,"cards_obtained":["Pain"]},{"damage_healed":0,"gold_gain":0,"player_choice":"Opened","damage_taken":0,"relics_obtained":["Bronze Scales"],"max_hp_gain":0,"max_hp_loss":0,"event_name":"The Mausoleum","floor":19,"gold_loss":0,"cards_obtained":["Writhe"]},{"cards_removed":["Pain"],"damage_healed":0,"gold_gain":0,"player_choice":"Gave Gold","damage_taken":0,"max_hp_gain":0,"max_hp_loss":0,"event_name":"Beggar","floor":21,"gold_loss":75},{"damage_healed":0,"gold_gain":0,"player_choice":"Fought Bandits","damage_taken":0,"max_hp_gain":0,"max_hp_loss":0,"event_name":"Masked Bandits","floor":31,"gold_loss":0}],"is_beta":false,"boss_relics":[{"not_picked":["Orrery","Empty Cage"],"picked":"Ectoplasm"}],"items_purged_floors":[],"is_endless":false,"potions_floor_spawned":[2,14,16,18,23,29],"killed_by":"Automaton","ascension_level":18}