{"gold_per_floor":[118,137,212,212,40,72,72,72,150,161,161,190,201,215,215,291,341,361,374,374,398,7,7,17,17,17,17,46,62,79,4,4,82,82,101,101,114,54,67,67,0,32,32,32,61,72,72,83,83,83],"floor_reached":51,"playtime":3559,"items_purged":["Strike_R"],"score":1630,"play_id":"a6156a84-0ded-4f83-9766-8d984e39c77c","local_time":"20190301210432","is_ascension_mode":true,"campfire_choices":[{"data":"Wild Strike","floor":8,"key":"SMITH"},{"data":"Body Slam","floor":11,"key":"SMITH"},{"data":"True Grit","floor":15,"key":"SMITH"},{"data":"Armaments","floor":23,"key":"SMITH"},{"floor":25,"key":"REST"},{"data":"Juggernaut","floor":27,"key":"SMITH"},{"floor":32,"key":"REST"},{"floor":40,"key":"REST"},{"floor":44,"key":"REST"},{"floor":49,"key":"REST"}],"neow_cost":"NONE","seed_source_timestamp":11312571217999,"circlet_count":0,"master_deck":["AscendersBane","Strike_R","Defend_R","Defend_R","Defend_R","Defend_R","Bash+1","Evolve","Wild Strike+1","True Grit+1","Body Slam+1","Pommel Strike","Rage","Shrug It Off","Dark Embrace","Cleave","Juggernaut+1","Anger","Ghostly","Ghostly","Ghostly","Armaments+1","Iron Wave","Corruption","Inflame","Feel No Pain","Thunderclap","Shrug It Off","Barricade","Burning Pact+1","Good Instincts","Panacea","Rage","Ghostly Armor","Parasite","Flex"],"relics":["Burning Blood","NeowsBlessing","Bronze Scales","Boot","Tiny Chest","Incense Burner","Tiny House","Dream Catcher","StoneCalendar","The Courier","Thread and Needle","Busted Crown","Red Mask","Ancient Tea Set","Bag of Preparation","Gremlin Horn"],"potions_floor_usage":[12,12,16,19,19,30,42,42,50],"damage_taken":[{"damage":0,"enemies":"2 Louse","floor":1,"turns":1},{"damage":0,"enemies":"Jaw Worm","floor":2,"turns":1},{"damage":0,"enemies":"Gremlin Nob","floor":6,"turns":1},{"damage":10,"enemies":"Small Slimes","floor":10,"turns":3},{"damage":15,"enemies":"Lagavulin","floor":12,"turns":6},{"damage":9,"enemies":"Exordium Wildlife","floor":13,"turns":4},{"damage":6,"enemies":"Gremlin Gang","floor":14,"turns":5},{"damage":34,"enemies":"Hexaghost","floor":16,"turns":12},{"damage":46,"enemies":"Shell Parasite","floor":18,"turns":6},{"damage":5,"enemies":"2 Thieves","floor":19,"turns":4},{"damage":25,"enemies":"Sentry and Sphere","floor":24,"turns":7},{"damage":14,"enemies":"Book of Stabbing","floor":28,"turns":7},{"damage":5,"enemies":"Centurion and Healer","floor":29,"turns":6},{"damage":4,"enemies":"Snake Plant","floor":30,"turns":5},{"damage":11,"enemies":"Champ","floor":33,"turns":11},{"damage":0,"enemies":"3 Shapes","floor":35,"turns":5},{"damage":23,"enemies":"Orb Walker","floor":37,"turns":4},{"damage":0,"enemies":"Maw","floor":39,"turns":5},{"damage":26,"enemies":"Giant Head","floor":42,"turns":10},{"damage":0,"enemies":"Nemesis","floor":45,"turns":7},{"damage":2,"enemies":"Writhing Mass","floor":46,"turns":8},{"damage":16,"enemies":"Spire Growth","floor":48,"turns":6},{"damage":0,"enemies":"Donu and Deca","floor":50,"turns":8}],"seed_played":"-441722409163674877","potions_obtained":[{"floor":1,"key":"SkillPotion"},{"floor":2,"key":"Block Potion"},{"floor":14,"key":"Dexterity Potion"},{"floor":16,"key":"FairyPotion"},{"floor":17,"key":"Explosive Potion"},{"floor":18,"key":"AttackPotion"},{"floor":28,"key":"Explosive Potion"},{"floor":35,"key":"GamblersBrew"},{"floor":39,"key":"BloodPotion"},{"floor":42,"key":"Energy Potion"}],"is_trial":false,"path_per_floor":["M","M","?","?","$","E","$","R","T","M","R","E","M","M","R","B",null,"M","M","?","T","$","R","M","R","T","R","E","M","M","?","R","B",null,"M","?","M","$","M","R","?","E","T","R","E","M","?","M","R","B",null],"character_chosen":"IRONCLAD","items_purchased":["Bronze Scales","StoneCalendar","Armaments"],"campfire_rested":5,"item_purchase_floors":[5,22,22],"current_hp_per_floor":[74,75,64,64,64,70,70,70,70,66,66,57,54,54,54,26,68,28,29,29,29,29,29,10,22,22,22,14,15,17,17,29,24,36,40,35,18,18,24,36,36,20,20,32,38,40,40,30,40,40],"gold":83,"neow_bonus":"THREE_ENEMY_KILL","is_prod":false,"is_daily":false,"chose_seed":false,"campfire_upgraded":5,"win_rate":0,"timestamp":1551499472,"path_taken":["M","M","?","?","?","E","$","R","T","M","R","E","M","M","R","BOSS","M","M","?","?","$","R","M","R","T","R","E","?","?","?","R","BOSS","M","?","M","$","M","R","?","E","T","R","E","M","?","M","R","BOSS"],"build_version":"2019-01-23","purchased_purges":1,"victory":true,"max_hp_per_floor":[75,75,75,75,75,75,75,75,75,75,75,75,75,75,75,75,80,80,80,40,40,40,40,40,40,40,40,40,40,40,40,40,40,40,40,40,40,40,40,40,40,40,40,40,40,40,40,40,40,40],"card_choices":[{"not_picked":["Combust","Bloodletting"],"picked":"Evolve","floor":1},{"not_picked":["Headbutt","Intimidate"],"picked":"Wild Strike","floor":2},{"not_picked":["Infernal Blade","Thunderclap"],"picked":"True Grit","floor":6},{"not_picked":["Carnage","Clothesline"],"picked":"Body Slam","floor":10},{"not_picked":["Twin Strike","Pummel"],"picked":"Pommel Strike","floor":12},{"not_picked":["Wild Strike","Body Slam"],"picked":"Rage","floor":13},{"not_picked":["Warcry","Headbutt"],"picked":"Shrug It Off","floor":14},{"not_picked":["Limit Break","Bludgeon"],"picked":"Dark Embrace","floor":16},{"not_picked":["Wild Strike","Armaments"],"picked":"Cleave","floor":17},{"not_picked":["Body Slam","Thunderclap"],"picked":"Juggernaut","floor":18},{"not_picked":["Wild Strike","Burning Pact"],"picked":"Anger","floor":19},{"not_picked":["Havoc","Heavy Blade"],"picked":"Iron Wave","floor":24},{"not_picked":["Reckless Charge","Heavy Blade"],"picked":"Corruption","floor":25},{"not_picked":["Burning Pact","Brutality"],"picked":"Inflame","floor":28},{"not_picked":["Havoc","Shockwave"],"picked":"Feel No Pain","floor":29},{"not_picked":["Wild Strike","Dropkick"],"picked":"Thunderclap","floor":30},{"not_picked":["Evolve+1","Warcry"],"picked":"Shrug It Off","floor":32},{"not_picked":["Fiend Fire","Double Tap"],"picked":"Barricade","floor":33},{"not_picked":[],"picked":"Burning Pact+1","floor":35},{"not_picked":[],"picked":"Good Instincts","floor":36},{"not_picked":[],"picked":"Panacea","floor":36},{"not_picked":["Havoc"],"picked":"SKIP","floor":37},{"not_picked":["Twin Strike"],"picked":"SKIP","floor":39},{"not_picked":[],"picked":"Rage","floor":42},{"not_picked":[],"picked":"Ghostly Armor","floor":45},{"not_picked":["Flex"],"picked":"SKIP","floor":46},{"not_picked":[],"picked":"Flex","floor":46},{"not_picked":["Hemokinesis"],"picked":"SKIP","floor":48}],"player_experience":1307554,"relics_obtained":[{"floor":6,"key":"Boot"},{"floor":9,"key":"Tiny Chest"},{"floor":12,"key":"Incense Burner"},{"floor":21,"key":"Dream Catcher"},{"floor":26,"key":"The Courier"},{"floor":28,"key":"Thread and Needle"},{"floor":42,"key":"Ancient Tea Set"},{"floor":43,"key":"Bag of Preparation"},{"floor":45,"key":"Gremlin Horn"}],"event_choices":[{"damage_healed":0,"gold_gain":75,"player_choice":"Gather Gold","damage_taken":11,"max_hp_gain":0,"max_hp_loss":0,"event_name":"World of Goop","floor":3,"gold_loss":0},{"cards_removed":["Strike_R"],"damage_healed":0,"gold_gain":0,"player_choice":"Forget","damage_taken":0,"max_hp_gain":0,"max_hp_loss":0,"event_name":"Living Wall","floor":4,"gold_loss":0},{"damage_healed":0,"gold_gain":0,"player_choice":"Became a Ghost","damage_taken":0,"max_hp_gain":0,"max_hp_loss":40,"event_name":"Ghosts","floor":20,"gold_loss":0,"cards_obtained":["Ghostly","Ghostly","Ghostly"]},{"cards_removed":["Strike_R"],"damage_healed":0,"gold_gain":0,"player_choice":"Gave Gold","damage_taken":0,"max_hp_gain":0,"max_hp_loss":0,"event_name":"Beggar","floor":31,"gold_loss":75},{"damage_healed":0,"gold_gain":0,"player_choice":"Memory 2","damage_taken":5,"max_hp_gain":0,"max_hp_loss":0,"event_name":"SensoryStone","floor":36,"gold_loss":0},{"damage_healed":0,"gold_gain":0,"player_choice":"Paid","damage_taken":0,"relics_obtained":["Red Mask"],"max_hp_gain":0,"max_hp_loss":0,"event_name":"Tomb of Lord Red Mask","floor":41,"gold_loss":67},{"cards_removed":["Strike_R"],"damage_healed":0,"gold_gain":0,"player_choice":"Removed Attack","damage_taken":0,"max_hp_gain":0,"max_hp_loss":0,"event_name":"Falling","floor":47,"gold_loss":0}],"is_beta":false,"boss_relics":[{"not_picked":["White Beast Statue","Runic Dome"],"picked":"Tiny House"},{"not_picked":["Philosopher\u0027s Stone","Eternal Feather"],"picked":"Busted Crown"}],"items_purged_floors":[38],"is_endless":false,"potions_floor_spawned":[1,2,14,16,18,28,35,39,42],"ascension_level":19}