{"gold_per_floor":[113,113,125,50,69,69,79,408,408,408,433,433,453,23,23,100,100,100,100,32,32,32,32,32,32,32,32,32,32,32,32,32,32],"floor_reached":33,"playtime":1814,"items_purged":["Defend_B","Strike_B"],"score":489,"play_id":"13526386-195b-4a5c-93dc-e1b4d0bac632","local_time":"20190209121310","is_ascension_mode":true,"campfire_choices":[{"data":"Zap","floor":6,"key":"SMITH"},{"data":"Fusion","floor":10,"key":"SMITH"},{"floor":12,"key":"REST"},{"floor":15,"key":"REST"},{"floor":23,"key":"REST"},{"floor":25,"key":"REST"},{"floor":32,"key":"REST"}],"neow_cost":"NONE","seed_source_timestamp":1876404412064380,"circlet_count":0,"master_deck":["AscendersBane","Defend_B","Defend_B","Zap+1","Dualcast","Cold Snap","Go for the Eyes","Beam Cell","Fusion+1","Sweeping Beam","Gash","Static Discharge","Echo Form","Barrage","Thunder Strike","Ball Lightning","Loop","FTL","Go for the Eyes","Self Repair","Tempest","Bite","Bite","Bite","Bite","Bite","Stack"],"relics":["Cracked Core","Orichalcum","Old Coin","Gremlin Horn","Odd Mushroom","DataDisk","Ectoplasm","Torii","Enchiridion","The Courier"],"potions_floor_usage":[8,16,31,33,33],"damage_taken":[{"damage":0,"enemies":"Cultist","floor":1,"turns":3},{"damage":1,"enemies":"2 Louse","floor":3,"turns":2},{"damage":6,"enemies":"Jaw Worm","floor":5,"turns":2},{"damage":0,"enemies":"Exordium Wildlife","floor":7,"turns":3},{"damage":28,"enemies":"Lagavulin","floor":8,"turns":6},{"damage":20,"enemies":"The Mushroom Lair","floor":11,"turns":3},{"damage":2,"enemies":"Large Slime","floor":13,"turns":4},{"damage":15,"enemies":"Hexaghost","floor":16,"turns":7},{"damage":21,"enemies":"3 Byrds","floor":18,"turns":2},{"damage":2,"enemies":"Spheric Guardian","floor":21,"turns":3},{"damage":26,"enemies":"Centurion and Healer","floor":22,"turns":5},{"damage":18,"enemies":"Snake Plant","floor":24,"turns":4},{"damage":25,"enemies":"Book of Stabbing","floor":28,"turns":5},{"damage":2,"enemies":"Cultist and Chosen","floor":31,"turns":4},{"damage":58,"enemies":"Collector","floor":33,"turns":5}],"seed_played":"-8907170961061411527","potions_obtained":[{"floor":5,"key":"Regen Potion"},{"floor":11,"key":"Explosive Potion"},{"floor":13,"key":"Strength Potion"},{"floor":28,"key":"Fire Potion"},{"floor":31,"key":"SkillPotion"}],"is_trial":false,"path_per_floor":["M","?","M","$","M","R","M","E","T","R","?","R","M","$","R","B",null,"M","?","$","M","M","R","M","R","T","?","E","$","?","M","R","B"],"character_chosen":"DEFECT","items_purchased":["Echo Form","DataDisk","Barrage","Loop"],"campfire_rested":5,"item_purchase_floors":[14,14,14,20],"current_hp_per_floor":[64,64,63,63,57,57,57,44,44,44,24,45,43,43,64,49,66,45,59,59,57,31,52,34,55,55,34,23,23,23,31,45,0],"gold":32,"neow_bonus":"RANDOM_COMMON_RELIC","is_prod":false,"is_daily":false,"chose_seed":false,"campfire_upgraded":2,"win_rate":0,"timestamp":1549739590,"path_taken":["M","?","M","$","M","R","M","E","T","R","?","R","M","$","R","BOSS","M","?","$","M","M","R","M","R","T","?","E","?","?","M","R","BOSS"],"build_version":"2019-01-23","purchased_purges":2,"victory":false,"max_hp_per_floor":[71,71,71,71,71,71,71,71,71,71,71,71,71,71,71,71,71,71,71,71,71,71,71,71,71,71,71,71,71,49,49,49,49],"card_choices":[{"not_picked":["Go for the Eyes","Darkness"],"picked":"Cold Snap","floor":1},{"not_picked":["Gash","Scrape"],"picked":"Go for the Eyes","floor":3},{"not_picked":["Force Field","Go for the Eyes"],"picked":"Beam Cell","floor":5},{"not_picked":["Force Field","Stack"],"picked":"Fusion","floor":7},{"not_picked":["Beam Cell","Barrage"],"picked":"Sweeping Beam","floor":8},{"not_picked":["Turbo","Compile Driver"],"picked":"Gash","floor":11},{"not_picked":["Self Repair","Chill"],"picked":"Static Discharge","floor":13},{"not_picked":["Machine Learning","Seek"],"picked":"Thunder Strike","floor":16},{"not_picked":["Skim","Stack"],"picked":"Ball Lightning","floor":18},{"not_picked":["Ball Lightning","Steam"],"picked":"FTL","floor":21},{"not_picked":["Steam Power","Doom and Gloom"],"picked":"Go for the Eyes","floor":22},{"not_picked":["Auto Shields","Cold Snap"],"picked":"Self Repair","floor":24},{"not_picked":["All For One","Go for the Eyes"],"picked":"Tempest","floor":28},{"not_picked":["Chaos","Redo"],"picked":"Stack","floor":31}],"player_experience":1028070,"relics_obtained":[{"floor":8,"key":"Old Coin"},{"floor":9,"key":"Gremlin Horn"},{"floor":11,"key":"Odd Mushroom"},{"floor":26,"key":"Torii"},{"floor":27,"key":"Enchiridion"},{"floor":28,"key":"The Courier"}],"event_choices":[{"cards_removed":["Defend_B"],"damage_healed":0,"gold_gain":0,"player_choice":"Forget","damage_taken":0,"max_hp_gain":0,"max_hp_loss":0,"event_name":"Living Wall","floor":2,"gold_loss":0},{"damage_healed":0,"gold_gain":0,"player_choice":"Fought Mushrooms","damage_taken":0,"max_hp_gain":0,"max_hp_loss":0,"event_name":"Mushrooms","floor":11,"gold_loss":0},{"damage_healed":14,"gold_gain":0,"player_choice":"Heal","damage_taken":0,"max_hp_gain":0,"max_hp_loss":0,"event_name":"The Library","floor":19,"gold_loss":0},{"damage_healed":0,"gold_gain":0,"player_choice":"Obtained Book","damage_taken":21,"max_hp_gain":0,"max_hp_loss":0,"event_name":"Cursed Tome","floor":27,"gold_loss":0},{"damage_healed":0,"gold_gain":0,"player_choice":"Became a vampire","damage_taken":0,"max_hp_gain":0,"max_hp_loss":22,"event_name":"Vampires","floor":30,"gold_loss":0,"cards_obtained":["Bite","Bite","Bite","Bite","Bite"]}],"is_beta":false,"boss_relics":[{"not_picked":["White Beast Statue","Coffee Dripper"],"picked":"Ectoplasm"}],"items_purged_floors":[4,14],"is_endless":false,"potions_floor_spawned":[5,11,13,28,31],"killed_by":"Collector","ascension_level":15}