{"gold_per_floor":[113,113,38,58,72,106,106,125,179,179],"floor_reached":10,"playtime":336,"items_purged":["Strike_R"],"score":133,"play_id":"07aa02a7-a8cb-45b6-85a4-436cdfb3abeb","local_time":"20190225222548","is_ascension_mode":true,"campfire_choices":[{"data":"Uppercut","floor":7,"key":"SMITH"}],"neow_cost":"NONE","seed_source_timestamp":273486231650615,"circlet_count":0,"master_deck":["AscendersBane","Strike_R","Strike_R","Strike_R","Strike_R","Defend_R","Defend_R","Defend_R","Defend_R","Bash","Pommel Strike","Wild Strike","Dark Embrace","Power Through","Uppercut+1","Clash","Body Slam"],"relics":["Burning Blood","NeowsBlessing","Ornamental Fan","Art of War"],"potions_floor_usage":[10,10],"damage_taken":[{"damage":0,"enemies":"Jaw Worm","floor":1,"turns":1},{"damage":0,"enemies":"Cultist","floor":4,"turns":1},{"damage":0,"enemies":"Small Slimes","floor":5,"turns":1},{"damage":35,"enemies":"3 Sentries","floor":6,"turns":8},{"damage":19,"enemies":"Exordium Wildlife","floor":8,"turns":4},{"damage":43,"enemies":"Lagavulin","floor":10,"turns":5}],"seed_played":"6090285189120239603","potions_obtained":[{"floor":5,"key":"LiquidBronze"},{"floor":8,"key":"LiquidBronze"}],"is_trial":false,"path_per_floor":["M","?","$","M","M","E","R","M","T","E"],"character_chosen":"IRONCLAD","items_purchased":[],"campfire_rested":0,"item_purchase_floors":[],"current_hp_per_floor":[74,74,74,75,75,46,46,33,33,0],"gold":179,"neow_bonus":"THREE_ENEMY_KILL","is_prod":false,"is_daily":false,"chose_seed":false,"campfire_upgraded":1,"win_rate":0,"timestamp":1551158748,"path_taken":["M","?","$","M","?","E","R","M","T","E"],"build_version":"2019-01-23","purchased_purges":1,"victory":false,"max_hp_per_floor":[75,75,75,75,75,75,75,75,75,75],"card_choices":[{"not_picked":["Perfected Strike","Rupture"],"picked":"Pommel Strike","floor":1},{"not_picked":["Shockwave","Havoc"],"picked":"Power Through","floor":4},{"not_picked":["Dropkick","Wild Strike"],"picked":"Uppercut","floor":5},{"not_picked":["Clothesline","Combust"],"picked":"Clash","floor":6},{"not_picked":["Intimidate","Wild Strike"],"picked":"Body Slam","floor":8}],"player_experience":1263552,"relics_obtained":[{"floor":6,"key":"Ornamental Fan"},{"floor":9,"key":"Art of War"}],"event_choices":[{"damage_healed":0,"gold_gain":0,"player_choice":"2 cards matched","damage_taken":0,"max_hp_gain":0,"max_hp_loss":0,"event_name":"Match and Keep!","floor":2,"gold_loss":0,"cards_obtained":["Wild Strike","Dark Embrace"]}],"is_beta":false,"boss_relics":[],"items_purged_floors":[3],"is_endless":false,"potions_floor_spawned":[5,8],"killed_by":"Lagavulin","ascension_level":19}