{"path_per_floor":["M","?","?","?","M","R","E","M","T","R","?","R","E","$","R","B",null,"M","?","M","?","M","R","E","R","T","M","R","$","M","E","R","B",null,"M","?","?","M","M","R","?","R","T","R","?","E","R","M","R","B"],"character_chosen":"DEFECT","items_purchased":[],"gold_per_floor":[18,18,93,93,112,112,142,158,184,184,184,184,216,141,141,237,237,248,163,175,175,193,193,225,225,225,235,235,135,148,182,182,282,312,332,332,332,343,357,357,357,357,435,435,435,470,470,485,485,485],"floor_reached":51,"campfire_rested":5,"playtime":3256,"current_hp_per_floor":[75,72,61,61,54,54,24,24,24,61,61,61,43,43,43,36,75,54,54,46,71,50,50,21,58,58,54,54,54,54,39,75,22,80,55,45,45,43,41,80,80,80,80,80,70,35,74,69,69,45],"items_purged":["Regret","Strike_B"],"gold":485,"score":828,"play_id":"a610485a-c1e1-4ff9-b453-c049772fa018","local_time":"20180513211823","is_prod":false,"is_daily":false,"chose_seed":false,"is_ascension_mode":true,"campfire_upgraded":8,"timestamp":1526267903,"path_taken":["M","?","?","?","M","R","E","M","T","R","?","R","E","$","R","BOSS","M","?","M","?","M","R","E","R","T","M","R","$","M","E","R","BOSS","M","?","?","M","M","R","?","R","T","R","?","E","R","?","R","BOSS"],"build_version":"2018-05-12v2","seed_source_timestamp":344823077196580,"purchased_purges":2,"victory":true,"master_deck":["Defend_B+1","Defend_B","Defend_B","Zap+1","Dualcast+1","Beam Cell","Rebound+1","Go for the Eyes+1","Streamline+1","Fission+1","Cold Snap","Doom and Gloom","Sweeping Beam+1","Reinforced Body+1","Axe Kick","Scrape+1","All For One","Go for the Eyes","Tempest+1","Bandage Up","Mind Blast","Flash of Steel","Consume","Static Discharge+1","Madness","Madness","Loop+1"],"max_hp_per_floor":[75,75,75,75,75,75,75,75,75,75,75,75,75,75,75,75,75,75,75,75,75,75,75,75,75,75,75,75,75,75,75,75,75,80,80,80,80,80,80,80,80,80,80,80,80,80,80,80,80,80],"relics":["Cracked Core","Regal Pillow","Symbiotic Virus","Lantern","Meat on the Bone","Anchor","Black Star","Cables","Bag of Marbles","Potion Belt","Shuriken","Mummified Hand","Centennial Puzzle","Tiny House","Bottled Tornado","Letter Opener","Gremlin Horn"],"card_choices":[{"not_picked":["Coolheaded","Hello World"],"picked":"Beam Cell","floor":1},{"not_picked":["Turbo","Axe Kick"],"picked":"Rebound","floor":5},{"not_picked":["Rebound","Multi-Cast"],"picked":"Go for the Eyes","floor":7},{"not_picked":["Rebound","Steam Power"],"picked":"Streamline","floor":8},{"not_picked":["Coolheaded","Skim","Blizzard"],"picked":"SKIP","floor":13},{"not_picked":["Fusion","Reboot"],"picked":"Fission","floor":16},{"not_picked":["Go for the Eyes","Force Field"],"picked":"Cold Snap","floor":18},{"not_picked":["Capacitor","Barrage"],"picked":"Doom and Gloom","floor":20},{"not_picked":["Hologram","Auto Shields"],"picked":"Sweeping Beam+1","floor":22},{"not_picked":["Multi-Cast","Sweeping Beam+1"],"picked":"Reinforced Body","floor":24},{"not_picked":["Capacitor","Force Field"],"picked":"Axe Kick","floor":27},{"not_picked":["Melter","Coolheaded+1","Capacitor"],"picked":"SKIP","floor":30},{"not_picked":["Force Field","Aggregate"],"picked":"Scrape","floor":31},{"not_picked":["Nova","Amplify"],"picked":"All For One","floor":33},{"not_picked":["Force Field+1","Steam"],"picked":"Go for the Eyes","floor":34},{"not_picked":["Rip and Tear+1","BootSequence+1"],"picked":"Tempest+1","floor":35},{"not_picked":["Blind","Finesse"],"picked":"Bandage Up","floor":36},{"not_picked":["Transmutation","Dramatic Entrance"],"picked":"Mind Blast","floor":36},{"not_picked":["Bandage Up","Jack Of All Trades"],"picked":"Flash of Steel","floor":36},{"not_picked":["Turbo","Go for the Eyes+1"],"picked":"Consume","floor":38},{"not_picked":["Stack","Lockon"],"picked":"Static Discharge+1","floor":39},{"not_picked":["Biased Cognition","Cold Snap"],"picked":"Loop+1","floor":46},{"not_picked":["Steam Power","Rebound","Capacitor+1"],"picked":"SKIP","floor":48}],"player_experience":112547,"potions_floor_usage":[13,18,33,33,33,33,35,46,50,50,50,50,50,50],"damage_taken":[{"damage":0,"enemies":"Small Slimes","floor":1,"turns":2},{"damage":7,"enemies":"Jaw Worm","floor":5,"turns":2},{"damage":30,"enemies":"3 Sentries","floor":7,"turns":8},{"damage":0,"enemies":"2 Louse","floor":8,"turns":2},{"damage":30,"enemies":"Lagavulin","floor":13,"turns":5},{"damage":19,"enemies":"The Guardian","floor":16,"turns":9},{"damage":21,"enemies":"3 Byrds","floor":18,"turns":5},{"damage":20,"enemies":"Spheric Guardian","floor":20,"turns":4},{"damage":21,"enemies":"Cultist and Chosen","floor":22,"turns":6},{"damage":41,"enemies":"Gremlin Leader","floor":24,"turns":6},{"damage":4,"enemies":"Slaver and Parasite","floor":27,"turns":3},{"damage":0,"enemies":"Snake Plant","floor":30,"turns":2},{"damage":27,"enemies":"Slavers","floor":31,"turns":6},{"damage":65,"enemies":"Collector","floor":33,"turns":10},{"damage":25,"enemies":"3 Darklings","floor":35,"turns":7},{"damage":2,"enemies":"3 Shapes","floor":38,"turns":1},{"damage":6,"enemies":"Spire Growth","floor":39,"turns":3},{"damage":51,"enemies":"Giant Head","floor":46,"turns":7},{"damage":5,"enemies":"3 Darklings","floor":48,"turns":2},{"damage":40,"enemies":"Awakened One","floor":50,"turns":5}],"event_choices":[{"event_name":"Scrap Ooze","player_choice":"success","floor":2,"damage_taken":3},{"event_name":"World of Goop","player_choice":"Gather Gold","floor":3,"damage_taken":0},{"event_name":"Living Wall","player_choice":"Forget","floor":4,"damage_taken":0},{"event_name":"Big Fish","player_choice":"Box","floor":11,"damage_taken":0},{"event_name":"Addict","player_choice":"Obtained Relic","floor":19,"damage_taken":0},{"event_name":"The Library","player_choice":"Heal","floor":21,"damage_taken":0},{"event_name":"SensoryStone","player_choice":"Memory 3","floor":36,"damage_taken":0},{"event_name":"Tomb of Lord Red Mask","player_choice":"Ignored","floor":37,"damage_taken":0},{"event_name":"Bonfire Elementals","player_choice":"BASIC","floor":41,"damage_taken":0},{"event_name":"Winding Halls","player_choice":"Embrace Madness","floor":45,"damage_taken":0}],"boss_relics":[{"not_picked":["Snecko Eye","Runic Pyramid"],"picked":"Black Star"},{"not_picked":["Runic Dome","Orrery"],"picked":"Tiny House"}],"potions_floor_spawned":[5,8,20,24,27,31,33,35,38,39],"seed_played":"-3242152046361460558","ascension_level":4,"is_trial":false}