{"gold_per_floor":[115,133,17,17,17,17,49,49,130,144,160,160],"floor_reached":12,"playtime":701,"items_purged":["Strike_R"],"score":156,"play_id":"016dffce-b579-4c4e-a77d-e0a5553bf213","local_time":"20190312210301","is_ascension_mode":true,"campfire_choices":[{"data":"Shrug It Off","floor":6,"key":"SMITH"}],"neow_cost":"NONE","seed_source_timestamp":506214010122923,"circlet_count":0,"master_deck":["AscendersBane","Strike_R","Strike_R","Strike_R","Defend_R","Defend_R","Defend_R","Defend_R","Bash","Shrug It Off+1","Spot Weakness","Shockwave","Carnage","Cleave"],"relics":["Burning Blood","Blood Vial","Juzu Bracelet","Frozen Egg 2"],"potions_floor_usage":[7,7,12],"damage_taken":[{"damage":5,"enemies":"Small Slimes","floor":1,"turns":3},{"damage":11,"enemies":"Jaw Worm","floor":2,"turns":5},{"damage":35,"enemies":"3 Sentries","floor":7,"turns":12},{"damage":1,"enemies":"2 Louse","floor":10,"turns":4},{"damage":26,"enemies":"Exordium Thugs","floor":11,"turns":5},{"damage":43,"enemies":"The Mushroom Lair","floor":12,"turns":4}],"seed_played":"-3989636134747485213","potions_obtained":[{"floor":1,"key":"LiquidBronze"},{"floor":2,"key":"Energy Potion"},{"floor":11,"key":"Dexterity Potion"}],"is_trial":false,"path_per_floor":["M","M","$","?","?","R","E","?","T","M","M","?"],"character_chosen":"IRONCLAD","items_purchased":["Spot Weakness"],"campfire_rested":0,"item_purchase_floors":[3],"current_hp_per_floor":[71,68,68,61,66,66,39,39,39,46,28,0],"gold":160,"neow_bonus":"RANDOM_COMMON_RELIC","is_prod":false,"is_daily":false,"chose_seed":false,"campfire_upgraded":1,"win_rate":0,"timestamp":1552446181,"path_taken":["M","M","$","?","?","R","E","?","T","M","M","?"],"build_version":"2019-01-23","purchased_purges":1,"victory":false,"max_hp_per_floor":[75,75,75,75,80,80,80,80,80,80,80,80],"card_choices":[{"not_picked":["Sever Soul","Clash","Bloodletting"],"picked":"SKIP","floor":1},{"not_picked":["Thunderclap","Sword Boomerang"],"picked":"Shrug It Off","floor":2},{"not_picked":["Seeing Red","Exhume"],"picked":"Shockwave","floor":7},{"not_picked":["Dual Wield","Pummel"],"picked":"Carnage","floor":10},{"not_picked":["Anger","True Grit"],"picked":"Cleave","floor":11}],"player_experience":1408077,"relics_obtained":[{"floor":7,"key":"Juzu Bracelet"},{"floor":9,"key":"Frozen Egg 2"}],"event_choices":[{"cards_removed":["Strike_R"],"damage_healed":0,"gold_gain":0,"player_choice":"Card Removal","damage_taken":7,"max_hp_gain":0,"max_hp_loss":0,"event_name":"Golden Wing","floor":4,"gold_loss":0},{"damage_healed":0,"gold_gain":0,"player_choice":"Donut","damage_taken":0,"max_hp_gain":5,"max_hp_loss":0,"event_name":"Big Fish","floor":5,"gold_loss":0},{"damage_healed":0,"gold_gain":0,"player_choice":"Ignored","damage_taken":0,"max_hp_gain":0,"max_hp_loss":0,"event_name":"Liars Game","floor":8,"gold_loss":0},{"damage_healed":0,"gold_gain":0,"player_choice":"Fought Mushrooms","damage_taken":0,"max_hp_gain":0,"max_hp_loss":0,"event_name":"Mushrooms","floor":12,"gold_loss":0}],"is_beta":false,"boss_relics":[],"items_purged_floors":[3],"is_endless":false,"potions_floor_spawned":[1,2,11],"killed_by":"The Mushroom Lair","ascension_level":20}