{"path_per_floor":["M","M","M","?","M","E","M","R","T","R","M","$","R","?","R","B",null,"M","M","$","M","$","R","?","M","T"],"character_chosen":"DEFECT","items_purchased":["Scrape","Dodecahedron","Storm"],"gold_per_floor":[117,135,155,155,167,193,203,203,203,203,213,102,102,160,160,257,287,300,317,0,14,14,14,14,31,31,31],"floor_reached":27,"campfire_rested":3,"playtime":1375,"item_purchase_floors":[12,20,20],"current_hp_per_floor":[67,60,60,60,49,26,16,38,38,60,60,60,60,42,42,12,64,45,45,45,19,19,44,28,12,12,0],"items_purged":["Strike_B"],"gold":31,"score":312,"play_id":"69d3d7bc-8640-43bb-a090-5400b40e1222","local_time":"20180529232754","is_prod":false,"is_daily":false,"chose_seed":false,"is_ascension_mode":true,"campfire_upgraded":2,"win_rate":0,"timestamp":1527658074,"campfire_choices":[{"floor":8,"key":"REST"},{"floor":10,"key":"REST"},{"data":"Zap","floor":13,"key":"SMITH"},{"data":"White Noise","floor":15,"key":"SMITH"},{"floor":23,"key":"REST"}],"path_taken":["M","M","M","?","M","E","M","R","T","R","M","$","R","?","R","BOSS","M","M","?","?","$","R","?","M","T","?"],"build_version":"2018-05-28","seed_source_timestamp":1736919103458763,"purchased_purges":1,"victory":false,"master_deck":["Strike_B","Strike_B","Defend_B","Defend_B","Defend_B+1","Defend_B","Zap+1","Dualcast","Go for the Eyes","Cold Snap","Melter","Gash","Blizzard","Doom and Gloom","Tempest","Scrape","White Noise+1","Buffer","Leap","Beam Cell","Storm","Static Discharge","Force Field"],"max_hp_per_floor":[75,75,75,75,75,75,75,75,75,75,75,75,75,75,75,75,80,85,85,85,85,85,85,85,85,85,85],"relics":["Cracked Core","Symbiotic Virus","Gambling Chip","Calipers","Tiny House","Dodecahedron","Nilry\u0027s Codex","Darkstone Periapt"],"card_choices":[{"not_picked":["Heatsinks","Streamline"],"picked":"Go for the Eyes","floor":0},{"not_picked":["Leap","Double Energy"],"picked":"Cold Snap","floor":1},{"not_picked":["Go for the Eyes","Sweeping Beam"],"picked":"Melter","floor":2},{"not_picked":["Coolheaded","BootSequence"],"picked":"Gash","floor":3},{"not_picked":["Turbo","Skim"],"picked":"Blizzard","floor":5},{"not_picked":["Leap","Streamline","Coolheaded"],"picked":"SKIP","floor":6},{"not_picked":["Redo","Machine Learning"],"picked":"Doom and Gloom","floor":7},{"not_picked":["Turbo","Steam"],"picked":"Tempest","floor":11},{"not_picked":["Aggregate","Redo"],"picked":"White Noise","floor":14},{"not_picked":["Rainbow","Thunder Strike"],"picked":"Buffer","floor":16},{"not_picked":["Coolheaded","Darkness"],"picked":"Leap","floor":17},{"not_picked":["Auto Shields+1","Melter","Leap"],"picked":"SKIP","floor":18},{"not_picked":["Redo+1","Streamline"],"picked":"Beam Cell","floor":19},{"not_picked":["BootSequence","Loop+1"],"picked":"Static Discharge","floor":21},{"not_picked":["Beam Cell","Coolheaded"],"picked":"Force Field","floor":25}],"player_experience":176972,"potions_floor_usage":[6,14,18,21,27],"damage_taken":[{"damage":1,"enemies":"Cultist","floor":1,"turns":3},{"damage":7,"enemies":"Jaw Worm","floor":2,"turns":2},{"damage":0,"enemies":"2 Louse","floor":3,"turns":3},{"damage":11,"enemies":"Blue Slaver","floor":5,"turns":2},{"damage":23,"enemies":"Lagavulin","floor":6,"turns":5},{"damage":10,"enemies":"Exordium Thugs","floor":7,"turns":3},{"damage":0,"enemies":"Large Slime","floor":11,"turns":4},{"damage":18,"enemies":"Gremlin Nob","floor":14,"turns":3},{"damage":30,"enemies":"The Guardian","floor":16,"turns":10},{"damage":24,"enemies":"3 Byrds","floor":18,"turns":4},{"damage":0,"enemies":"Spheric Guardian","floor":19,"turns":2},{"damage":26,"enemies":"Snake Plant","floor":21,"turns":4},{"damage":23,"enemies":"Centurion and Healer","floor":25,"turns":6},{"damage":27,"enemies":"Cultist and Chosen","floor":27,"turns":2}],"relics_obtained":[{"floor":6,"key":"Symbiotic Virus"},{"floor":9,"key":"Gambling Chip"},{"floor":24,"key":"Nilry\u0027s Codex"},{"floor":26,"key":"Darkstone Periapt"}],"event_choices":[{"event_name":"Living Wall","player_choice":"Forget","floor":4,"damage_taken":0},{"event_name":"Dead Adventurer","player_choice":"Searched \u00272\u0027 times","floor":14,"damage_taken":0},{"event_name":"Cursed Tome","player_choice":"Obtained Book","floor":24,"damage_taken":0}],"boss_relics":[{"not_picked":["White Beast Statue","Cursed Key"],"picked":"Tiny House"}],"items_purged_floors":[12],"potions_floor_spawned":[3,6,14,16,18,21],"seed_played":"9117717583310151326","killed_by":"Cultist and Chosen","ascension_level":9,"potions_obtained":[{"floor":3,"key":"Poison Potion"},{"floor":6,"key":"FearPotion"},{"floor":14,"key":"SpeedPotion"},{"floor":16,"key":"LiquidBronze"},{"floor":17,"key":"Fruit Juice"},{"floor":18,"key":"Fire Potion"},{"floor":21,"key":"GamblersBrew"}],"is_trial":false}