{"path_per_floor":["M","?","$","M","?","R","E","R","T","R","M","M","E","M","R","B",null,"M","?","?","$","M","R","M","M","T","M","R","E","?","?","R","B",null,"M","$","?","M","M","R","E","M","T","R","?","M","R","M","R","B"],"character_chosen":"DEFECT","items_purchased":["Panache"],"gold_per_floor":[114,114,39,53,53,53,96,96,96,96,120,140,178,191,191,319,319,337,378,378,81,99,99,109,129,129,145,145,171,94,94,94,198,198,217,92,92,104,122,122,152,162,231,231,231,247,247,261,261,261],"floor_reached":51,"campfire_rested":5,"playtime":3310,"current_hp_per_floor":[68,50,50,50,38,38,38,60,60,60,60,45,39,29,51,37,66,29,9,9,9,14,36,28,28,28,24,46,49,49,49,49,16,60,39,39,39,44,43,43,52,25,30,52,52,54,54,73,73,56],"items_purged":["Defend_B","Strike_B","Strike_B"],"gold":261,"score":979,"play_id":"fdfba05b-2f8e-456c-b20a-725c09ce76d5","local_time":"20180517003129","is_prod":false,"is_daily":false,"chose_seed":false,"is_ascension_mode":true,"campfire_upgraded":6,"timestamp":1526538689,"path_taken":["M","?","$","M","?","R","E","R","T","R","M","?","E","M","R","BOSS","M","?","?","$","M","R","M","M","T","M","R","E","?","?","R","BOSS","M","$","?","M","M","R","E","?","T","R","?","M","R","M","R","BOSS"],"build_version":"2018-05-15","seed_source_timestamp":615553682809458,"purchased_purges":3,"victory":true,"master_deck":["Strike_B","Defend_B","Defend_B","Zap+1","Dualcast","Chill+1","Ball Lightning+1","White Noise","White Noise","Loop","Genetic Algorithm","Heatsinks","Thunder Strike+1","Glacier","Panache","Blizzard+1","Leap+1","Force Field+1","Recycle","J.A.X.","Creative AI+1","FTL+1","Leap+1","Defragment+1","White Noise+1"],"max_hp_per_floor":[75,75,75,75,75,75,75,75,75,75,75,75,75,75,75,75,75,75,75,75,75,75,75,75,75,75,75,75,75,75,75,75,75,75,75,75,75,75,75,75,75,75,75,75,75,75,75,75,75,75],"relics":["Cracked Core","NeowsBlessing","Bloody Idol","Emotion Chip","Gremlin Horn","Pantograph","Darkstone Periapt","Sozu","Red Mask","Bronze Scales","Ginger","Nuclear Battery","DataDisk","Bottled Lightning"],"card_choices":[{"not_picked":["Lockon","Rebound"],"picked":"Chill","floor":1},{"not_picked":["Sweeping Beam","Leap"],"picked":"Ball Lightning","floor":4},{"not_picked":["Aggregate","Barrage"],"picked":"White Noise","floor":7},{"not_picked":["Tempest","Stack"],"picked":"White Noise","floor":11},{"not_picked":["Ball Lightning","Beam Cell"],"picked":"Loop","floor":12},{"not_picked":["Skim","Leap"],"picked":"Genetic Algorithm","floor":13},{"not_picked":["Gash","Conserve Battery"],"picked":"Heatsinks","floor":14},{"not_picked":["Rainbow","All For One"],"picked":"Thunder Strike","floor":16},{"not_picked":["Beam Cell","Capacitor+1"],"picked":"Glacier","floor":18},{"not_picked":["Capacitor","Biased Cognition"],"picked":"Blizzard+1","floor":22},{"not_picked":["Redo+1","Coolheaded"],"picked":"Leap+1","floor":24},{"not_picked":["Stack","Axe Kick"],"picked":"Force Field+1","floor":25},{"not_picked":["Rebound","Force Field+1","Lockon"],"picked":"SKIP","floor":27},{"not_picked":["Axe Kick","Steam"],"picked":"Recycle","floor":29},{"not_picked":["Meteor Strike","Multi-Cast"],"picked":"Creative AI","floor":33},{"not_picked":["Ball Lightning","Gash"],"picked":"FTL+1","floor":35},{"not_picked":["Hello World+1","Beam Cell+1","Skim+1"],"picked":"SKIP","floor":38},{"not_picked":["Sweeping Beam","Cold Snap"],"picked":"Leap+1","floor":39},{"not_picked":["Recycle","Skim","Beam Cell"],"picked":"SKIP","floor":41},{"not_picked":["Turbo+1","Rebound","Conserve Battery"],"picked":"SKIP","floor":42},{"not_picked":["Stack+1","Cold Snap"],"picked":"Defragment","floor":46},{"not_picked":["Ball Lightning","Consume"],"picked":"White Noise+1","floor":48}],"player_experience":135198,"potions_floor_usage":[13,16],"damage_taken":[{"damage":0,"enemies":"Small Slimes","floor":1,"turns":1},{"damage":0,"enemies":"Jaw Worm","floor":4,"turns":1},{"damage":0,"enemies":"Lagavulin","floor":7,"turns":1},{"damage":0,"enemies":"Cultist","floor":11,"turns":3},{"damage":15,"enemies":"3 Louse","floor":12,"turns":2},{"damage":6,"enemies":"Gremlin Nob","floor":13,"turns":3},{"damage":10,"enemies":"Looter","floor":14,"turns":3},{"damage":38,"enemies":"Slime Boss","floor":16,"turns":6},{"damage":37,"enemies":"3 Byrds","floor":18,"turns":5},{"damage":20,"enemies":"Masked Bandits","floor":19,"turns":7},{"damage":0,"enemies":"Shell Parasite","floor":22,"turns":5},{"damage":13,"enemies":"Sentry and Sphere","floor":24,"turns":5},{"damage":5,"enemies":"Snake Plant","floor":25,"turns":4},{"damage":9,"enemies":"Centurion and Healer","floor":27,"turns":5},{"damage":2,"enemies":"Slavers","floor":29,"turns":5},{"damage":63,"enemies":"Collector","floor":33,"turns":8},{"damage":26,"enemies":"3 Shapes","floor":35,"turns":6},{"damage":0,"enemies":"Flame Bruiser 1 Orb","floor":38,"turns":4},{"damage":6,"enemies":"Spire Growth","floor":39,"turns":5},{"damage":3,"enemies":"Giant Head","floor":41,"turns":8},{"damage":39,"enemies":"3 Darklings","floor":42,"turns":5},{"damage":3,"enemies":"4 Shapes","floor":46,"turns":3},{"damage":0,"enemies":"Flame Bruiser 2 Orb","floor":48,"turns":5},{"damage":19,"enemies":"Awakened One","floor":50,"turns":8}],"relics_obtained":[{"floor":7,"key":"Gremlin Horn"},{"floor":9,"key":"Pantograph"},{"floor":13,"key":"Darkstone Periapt"},{"floor":19,"key":"Red Mask"},{"floor":26,"key":"Bronze Scales"},{"floor":29,"key":"Ginger"},{"floor":41,"key":"DataDisk"},{"floor":43,"key":"Bottled Lightning"}],"event_choices":[{"event_name":"Golden Idol","player_choice":"Take Damage","floor":2,"damage_taken":0},{"event_name":"Scrap Ooze","player_choice":"success","floor":5,"damage_taken":12},{"event_name":"Masked Bandits","player_choice":"Fought over 337 gold","floor":19,"damage_taken":0},{"event_name":"Forgotten Altar","player_choice":"Gave Idol","floor":20,"damage_taken":0},{"event_name":"Drug Dealer","player_choice":"Got JAXXED","floor":30,"damage_taken":0},{"event_name":"The Woman in Blue","player_choice":"Bought 0 Potions","floor":31,"damage_taken":0},{"event_name":"Bonfire Elementals","player_choice":"BASIC","floor":45,"damage_taken":0}],"boss_relics":[{"not_picked":["Astrolabe","Velvet Choker"],"picked":"Sozu"},{"not_picked":["Runic Pyramid","Lizard Tail"],"picked":"Nuclear Battery"}],"potions_floor_spawned":[1,7,24,25,27,38,41,46],"seed_played":"4809015515482306297","ascension_level":7,"potions_obtained":[{"floor":1,"key":"Poison Potion"},{"floor":7,"key":"Ancient Potion"}],"is_trial":false}