{"path_per_floor":["M","?","M","M","M","E","R","E","T","R","?","$","E","M","R","B",null,"M","M","?","M","M"],"character_chosen":"IRONCLAD","items_purchased":["Lantern"],"gold_per_floor":[114,64,82,96,107,141,141,169,169,169,269,49,82,96,96,200,200,210,227,142,154,172,172],"floor_reached":23,"campfire_rested":0,"playtime":1813,"current_hp_per_floor":[92,92,93,93,85,71,71,38,38,38,38,38,33,39,39,20,94,89,69,69,43,39,0],"items_purged":["Strike_R"],"gold":172,"score":213,"play_id":"e7de6c68-12b0-43c1-b72f-4728d6f9a704","local_time":"20180521201633","is_prod":false,"is_daily":false,"chose_seed":false,"is_ascension_mode":false,"campfire_upgraded":3,"timestamp":1526948193,"campfire_choices":[{"data":"Bloodletting","floor":7,"key":"SMITH"},{"data":"Armaments","floor":10,"key":"SMITH"},{"data":"Iron Wave","floor":15,"key":"SMITH"}],"path_taken":["M","?","M","?","M","E","R","E","T","R","?","?","E","M","R","BOSS","M","M","?","M","M","E"],"build_version":"2018-05-17","seed_source_timestamp":590904150475278,"purchased_purges":1,"victory":false,"master_deck":["Strike_R","Strike_R","Strike_R","Strike_R","Defend_R","Defend_R","Defend_R","Defend_R","Bash","Warcry","Pommel Strike","Iron Wave+1","Bloodletting+1","Blood for Blood","Armaments+1","Cleave","Pommel Strike","Impervious","Evolve","Shrug It Off+1","Seeing Red+1","Pommel Strike+1"],"max_hp_per_floor":[94,94,94,94,94,94,94,94,94,94,94,94,94,94,94,94,94,94,94,94,94,94,94],"relics":["Burning Blood","Mango","Sundial","Juzu Bracelet","Potion Belt","Lantern","Bottled Lightning","Runic Cube","Gremlin Horn"],"card_choices":[{"not_picked":["Sword Boomerang","Wild Strike"],"picked":"Warcry","floor":1},{"not_picked":["Anger","Dropkick"],"picked":"Pommel Strike","floor":3},{"not_picked":["Bludgeon","Feel No Pain"],"picked":"Iron Wave","floor":4},{"not_picked":["Warcry","Carnage"],"picked":"Bloodletting","floor":5},{"not_picked":["Heavy Blade","Flex"],"picked":"Blood for Blood","floor":6},{"not_picked":["Thunderclap","Combust"],"picked":"Armaments","floor":8},{"not_picked":["Hemokinesis","Clothesline"],"picked":"Cleave","floor":13},{"not_picked":["Sword Boomerang","Clothesline"],"picked":"Pommel Strike","floor":14},{"not_picked":["Demon Form","Brutality"],"picked":"Impervious","floor":16},{"not_picked":["Flex","Reckless Charge"],"picked":"Evolve","floor":18},{"not_picked":["Disarm","Uppercut+1"],"picked":"Shrug It Off+1","floor":19},{"not_picked":["Thunderclap","Pummel"],"picked":"Seeing Red+1","floor":21},{"not_picked":["Rampage","Dropkick"],"picked":"Pommel Strike+1","floor":22}],"player_experience":28993,"potions_floor_usage":[6,13,16,16,23],"damage_taken":[{"damage":8,"enemies":"Cultist","floor":1,"turns":4},{"damage":5,"enemies":"Small Slimes","floor":3,"turns":5},{"damage":6,"enemies":"Jaw Worm","floor":4,"turns":3},{"damage":14,"enemies":"Red Slaver","floor":5,"turns":5},{"damage":20,"enemies":"Gremlin Nob","floor":6,"turns":4},{"damage":39,"enemies":"Lagavulin","floor":8,"turns":8},{"damage":25,"enemies":"3 Sentries","floor":13,"turns":7},{"damage":0,"enemies":"3 Louse","floor":14,"turns":3},{"damage":25,"enemies":"Hexaghost","floor":16,"turns":9},{"damage":11,"enemies":"Chosen","floor":18,"turns":4},{"damage":26,"enemies":"Spheric Guardian","floor":19,"turns":4},{"damage":32,"enemies":"Snake Plant","floor":21,"turns":4},{"damage":10,"enemies":"Snecko","floor":22,"turns":5},{"damage":42,"enemies":"Book of Stabbing","floor":23,"turns":7}],"relics_obtained":[{"floor":6,"key":"Sundial"},{"floor":8,"key":"Juzu Bracelet"},{"floor":9,"key":"Potion Belt"},{"floor":13,"key":"Bottled Lightning"}],"event_choices":[{"event_name":"The Cleric","player_choice":"Card Removal","floor":2,"damage_taken":0},{"event_name":"Golden Shrine","player_choice":"Pray","floor":11,"damage_taken":0},{"event_name":"Addict","player_choice":"Obtained Relic","floor":20,"damage_taken":0}],"boss_relics":[{"not_picked":["White Beast Statue","Tiny House"],"picked":"Runic Cube"}],"potions_floor_spawned":[4,8,13,14,21],"seed_played":"7587849630860014477","killed_by":"Book of Stabbing","ascension_level":0,"potions_obtained":[{"floor":4,"key":"SkillPotion"},{"floor":8,"key":"Regen Potion"},{"floor":13,"key":"Poison Potion"},{"floor":14,"key":"SpeedPotion"},{"floor":21,"key":"Block Potion"}],"is_trial":false}