{"gold_per_floor":[115,128,146,146,156,156,156,156,179,191,219,231,243,269,281,293],"floor_reached":16,"playtime":716,"items_purged":[],"score":184,"play_id":"0458146d-72a3-41a9-96de-79816a1a175a","local_time":"20190306102848","is_ascension_mode":true,"campfire_choices":[{"data":"Armaments","floor":6,"key":"SMITH"},{"data":"Thunderclap","floor":8,"key":"SMITH"},{"data":"True Grit","floor":10,"key":"SMITH"},{"data":"Rage","floor":13,"key":"SMITH"},{"data":"Bash","floor":15,"key":"SMITH"}],"neow_cost":"NONE","seed_source_timestamp":408034868403529,"circlet_count":0,"master_deck":["AscendersBane","Strike_R","Strike_R","Strike_R","Strike_R","Defend_R","Defend_R","Defend_R","Defend_R","Bash+1","True Grit+1","Armaments+1","Thunderclap+1","Headbutt","Rage+1","Shrug It Off"],"relics":["Burning Blood","Centennial Puzzle","MawBank"],"potions_floor_usage":[16,16],"damage_taken":[{"damage":6,"enemies":"Cultist","floor":1,"turns":3},{"damage":8,"enemies":"Small Slimes","floor":2,"turns":5},{"damage":6,"enemies":"2 Louse","floor":3,"turns":2},{"damage":24,"enemies":"Lots of Slimes","floor":5,"turns":5},{"damage":17,"enemies":"Looter","floor":11,"turns":4},{"damage":9,"enemies":"Red Slaver","floor":14,"turns":4},{"damage":64,"enemies":"Hexaghost","floor":16,"turns":12}],"seed_played":"1857380435009990667","potions_obtained":[{"floor":2,"key":"Swift Potion"},{"floor":5,"key":"SteroidPotion"},{"floor":12,"key":"Poison Potion"}],"is_trial":false,"path_per_floor":["M","M","M","?","M","R","?","R","T","R","M","?","R","M","R","B"],"character_chosen":"IRONCLAD","items_purchased":[],"campfire_rested":0,"item_purchase_floors":[],"current_hp_per_floor":[68,66,66,66,48,48,75,75,75,75,64,64,64,61,61,0],"gold":293,"neow_bonus":"RANDOM_COMMON_RELIC","is_prod":false,"is_daily":false,"chose_seed":false,"campfire_upgraded":5,"win_rate":0,"timestamp":1551893328,"path_taken":["M","M","M","?","M","R","?","R","T","R","?","?","R","?","R","BOSS"],"build_version":"2019-01-23","purchased_purges":0,"victory":false,"max_hp_per_floor":[75,75,75,75,75,75,75,75,75,75,75,75,75,75,75,75],"card_choices":[{"not_picked":["Reckless Charge","Anger"],"picked":"True Grit","floor":1},{"not_picked":["Warcry","Anger"],"picked":"Armaments","floor":2},{"not_picked":["Cleave","Fire Breathing"],"picked":"Thunderclap","floor":3},{"not_picked":["Dark Embrace","Flex"],"picked":"Headbutt","floor":5},{"not_picked":["True Grit","Body Slam"],"picked":"Rage","floor":11},{"not_picked":["Hemokinesis","Twin Strike"],"picked":"Shrug It Off","floor":14}],"player_experience":1353088,"relics_obtained":[{"floor":9,"key":"MawBank"}],"event_choices":[{"cards_removed":["Strike_R"],"damage_healed":0,"gold_gain":0,"player_choice":"Forget","damage_taken":0,"max_hp_gain":0,"max_hp_loss":0,"event_name":"Living Wall","floor":4,"gold_loss":0},{"damage_healed":27,"gold_gain":0,"player_choice":"Full Heal","damage_taken":0,"max_hp_gain":0,"max_hp_loss":0,"event_name":"Wheel of Change","floor":7,"gold_loss":0},{"damage_healed":0,"gold_gain":0,"player_choice":"Got Potions","damage_taken":0,"max_hp_gain":0,"max_hp_loss":0,"event_name":"Lab","floor":12,"gold_loss":0}],"is_beta":false,"boss_relics":[],"items_purged_floors":[],"is_endless":false,"potions_floor_spawned":[2,5,14],"killed_by":"Hexaghost","ascension_level":20}