{"gold_per_floor":[114,114,114,126,142,171,171,96,96,110,110,129,129,141,141,219,219,229,229,258,275,255,255,287,303,303,303,320,346,167,167],"floor_reached":31,"playtime":1588,"items_purged":["Strike_R","Strike_R"],"score":523,"play_id":"b5782699-c464-4034-8bc1-0946d5f44560","local_time":"20190218205103","is_ascension_mode":true,"campfire_choices":[{"data":"Thunderclap","floor":7,"key":"SMITH"},{"data":"Armaments","floor":11,"key":"SMITH"},{"data":"Immolate","floor":13,"key":"SMITH"},{"data":"Shrug It Off","floor":15,"key":"SMITH"},{"data":"Juggernaut","floor":23,"key":"SMITH"},{"data":"Cleave","floor":27,"key":"SMITH"}],"neow_cost":"NONE","seed_source_timestamp":274894815443294,"circlet_count":0,"master_deck":["AscendersBane","Strike_R","Strike_R","Strike_R","Defend_R","Defend_R","Defend_R","Defend_R","Thunderclap+1","Clash","Shrug It Off+1","Immolate+1","Armaments+1","Cleave+1","Cleave","Juggernaut+1","Decay","True Grit+1","Reaper","Headbutt","Bloodletting+1","Feel No Pain","Thunderclap+1","Impervious+1"],"relics":["Burning Blood","NeowsBlessing","Self Forming Clay","Orichalcum","Bottled Flame","Velvet Choker","Red Mask","Toxic Egg 2","Molten Egg 2","Bag of Preparation"],"potions_floor_usage":[6,16,16,24,29],"damage_taken":[{"damage":0,"enemies":"Small Slimes","floor":1,"turns":1},{"damage":0,"enemies":"Cultist","floor":4,"turns":1},{"damage":0,"enemies":"2 Louse","floor":5,"turns":1},{"damage":37,"enemies":"3 Sentries","floor":6,"turns":13},{"damage":0,"enemies":"Large Slime","floor":10,"turns":4},{"damage":9,"enemies":"Red Slaver","floor":12,"turns":3},{"damage":0,"enemies":"2 Fungi Beasts","floor":14,"turns":1},{"damage":28,"enemies":"The Guardian","floor":16,"turns":10},{"damage":5,"enemies":"Spheric Guardian","floor":18,"turns":3},{"damage":0,"enemies":"Masked Bandits","floor":20,"turns":2},{"damage":9,"enemies":"3 Byrds","floor":21,"turns":3},{"damage":20,"enemies":"Slavers","floor":24,"turns":4},{"damage":11,"enemies":"Snecko","floor":25,"turns":5},{"damage":9,"enemies":"Cultist and Chosen","floor":28,"turns":3},{"damage":65,"enemies":"Book of Stabbing","floor":29,"turns":6},{"damage":14,"enemies":"Centurion and Healer","floor":31,"turns":2}],"seed_played":"-1579020597660656223","potions_obtained":[{"floor":5,"key":"Explosive Potion"},{"floor":10,"key":"PowerPotion"},{"floor":14,"key":"Regen Potion"},{"floor":18,"key":"FearPotion"},{"floor":22,"key":"FairyPotion"},{"floor":24,"key":"SmokeBomb"},{"floor":25,"key":"SteroidPotion"},{"floor":28,"key":"Dexterity Potion"}],"is_trial":false,"path_per_floor":["M","?","?","M","M","E","R","$","T","M","R","M","R","M","R","B",null,"M","?","?","M","?","R","E","M","T","R","M","E","$","M"],"character_chosen":"IRONCLAD","items_purchased":["Impervious+1"],"campfire_rested":0,"item_purchase_floors":[30],"current_hp_per_floor":[74,63,63,69,75,44,44,44,44,50,50,47,47,53,53,46,68,69,69,75,72,72,72,61,56,56,56,66,12,12,0],"gold":167,"neow_bonus":"THREE_ENEMY_KILL","is_prod":false,"is_daily":false,"chose_seed":false,"campfire_upgraded":6,"win_rate":0,"timestamp":1550548263,"path_taken":["M","?","?","M","?","E","R","?","T","M","R","M","R","M","R","BOSS","M","?","?","M","?","R","E","?","T","R","M","E","$","M"],"build_version":"2019-01-23","purchased_purges":2,"victory":false,"max_hp_per_floor":[75,75,75,75,75,75,75,75,75,75,75,75,75,75,75,75,75,75,75,75,75,75,75,75,75,75,75,75,75,75,75],"card_choices":[{"not_picked":["Shrug It Off","Flex"],"picked":"Thunderclap","floor":1},{"not_picked":["Entrench","Reckless Charge"],"picked":"Clash","floor":4},{"not_picked":["Twin Strike","Heavy Blade"],"picked":"Shrug It Off","floor":5},{"not_picked":["Pommel Strike","Entrench"],"picked":"Immolate","floor":6},{"not_picked":["Anger","Thunderclap"],"picked":"Armaments","floor":10},{"not_picked":["Warcry","Armaments"],"picked":"Cleave","floor":12},{"not_picked":["Thunderclap","Twin Strike"],"picked":"Cleave","floor":14},{"not_picked":["Berserk","Feed"],"picked":"Juggernaut","floor":16},{"not_picked":["Sentinel","Burning Pact","Heavy Blade"],"picked":"SKIP","floor":18},{"not_picked":["Havoc","Sword Boomerang"],"picked":"True Grit+1","floor":20},{"not_picked":["Clothesline","Infernal Blade"],"picked":"Reaper","floor":21},{"not_picked":["Rampage","Havoc"],"picked":"Headbutt","floor":24},{"not_picked":["Twin Strike","Warcry+1"],"picked":"Bloodletting+1","floor":25},{"not_picked":["Searing Blow+1","Dual Wield+1"],"picked":"Feel No Pain","floor":28},{"not_picked":["Sever Soul+1","Heavy Blade+1"],"picked":"Thunderclap+1","floor":29}],"player_experience":1166004,"relics_obtained":[{"floor":6,"key":"Orichalcum"},{"floor":9,"key":"Bottled Flame"},{"floor":20,"key":"Red Mask"},{"floor":24,"key":"Toxic Egg 2"},{"floor":26,"key":"Molten Egg 2"},{"floor":29,"key":"Bag of Preparation"}],"event_choices":[{"damage_healed":0,"gold_gain":0,"player_choice":"Success","damage_taken":11,"relics_obtained":["Self Forming Clay"],"max_hp_gain":0,"max_hp_loss":0,"event_name":"Scrap Ooze","floor":2,"gold_loss":0},{"cards_removed":["Bash"],"damage_healed":0,"gold_gain":0,"player_choice":"Purged","damage_taken":0,"max_hp_gain":0,"max_hp_loss":0,"event_name":"Purifier","floor":3,"gold_loss":0},{"damage_healed":0,"gold_gain":0,"player_choice":"Smashed Altar","damage_taken":0,"max_hp_gain":0,"max_hp_loss":0,"event_name":"Forgotten Altar","floor":19,"gold_loss":0,"cards_obtained":["Decay"]},{"damage_healed":0,"gold_gain":0,"player_choice":"Fought Bandits","damage_taken":0,"max_hp_gain":0,"max_hp_loss":0,"event_name":"Masked Bandits","floor":20,"gold_loss":0},{"damage_healed":0,"gold_gain":0,"player_choice":"Bought 1 Potion","damage_taken":0,"max_hp_gain":0,"max_hp_loss":0,"event_name":"The Woman in Blue","floor":22,"gold_loss":0}],"is_beta":false,"boss_relics":[{"not_picked":["Empty Cage","Runic Pyramid"],"picked":"Velvet Choker"}],"items_purged_floors":[8,30],"is_endless":false,"potions_floor_spawned":[5,10,14,18,24,25,28],"killed_by":"Centurion and Healer","ascension_level":18}