{"gold_per_floor":[118,118,193,204,221,221,371,371,371,381,381],"floor_reached":11,"playtime":502,"items_purged":[],"score":126,"play_id":"886606c9-2ecf-4bc8-aea5-1e01c30e0ab8","local_time":"20190307211925","is_ascension_mode":true,"campfire_choices":[{"floor":6,"key":"REST"},{"data":"True Grit","floor":8,"key":"SMITH"}],"neow_cost":"CURSE","seed_source_timestamp":78971015768771,"circlet_count":0,"master_deck":["AscendersBane","Strike_R","Strike_R+1","Strike_R+1","Defend_R","Defend_R","Defend_R","Defend_R","Bash","Doubt","Flex","Berserk","True Grit+1","Thunderclap","Sever Soul","Doubt","Inflame"],"relics":["Burning Blood","Happy Flower"],"potions_floor_usage":[],"damage_taken":[{"damage":9,"enemies":"Small Slimes","floor":1,"turns":5},{"damage":12,"enemies":"Jaw Worm","floor":4,"turns":3},{"damage":9,"enemies":"2 Louse","floor":5,"turns":3},{"damage":21,"enemies":"Large Slime","floor":10,"turns":6},{"damage":41,"enemies":"Exordium Thugs","floor":11,"turns":3}],"seed_played":"-728173352238968005","potions_obtained":[{"floor":10,"key":"SteroidPotion"}],"is_trial":false,"path_per_floor":["M","?","?","M","M","R","?","R","T","M","M"],"character_chosen":"IRONCLAD","items_purchased":[],"campfire_rested":1,"item_purchase_floors":[],"current_hp_per_floor":[65,42,31,25,22,44,44,44,44,29,0],"gold":381,"neow_bonus":"TRANSFORM_TWO_CARDS","is_prod":false,"is_daily":false,"chose_seed":false,"campfire_upgraded":1,"win_rate":0,"timestamp":1552018765,"path_taken":["M","?","?","M","M","R","?","R","T","M","M"],"build_version":"2019-01-23","purchased_purges":0,"victory":false,"max_hp_per_floor":[75,75,75,75,75,75,75,75,75,75,75],"card_choices":[{"not_picked":["Entrench","Wild Strike"],"picked":"True Grit","floor":1},{"not_picked":["Havoc","Brutality"],"picked":"Thunderclap","floor":4},{"not_picked":["Anger","Carnage"],"picked":"Sever Soul","floor":5},{"not_picked":["Iron Wave","Combust"],"picked":"Inflame","floor":10}],"player_experience":1376281,"relics_obtained":[{"floor":9,"key":"Happy Flower"}],"event_choices":[{"damage_healed":0,"gold_gain":0,"player_choice":"Entered Light","damage_taken":23,"max_hp_gain":0,"max_hp_loss":0,"event_name":"Shining Light","floor":2,"gold_loss":0,"cards_upgraded":["Strike_R","Strike_R"]},{"damage_healed":0,"gold_gain":75,"player_choice":"Gather Gold","damage_taken":11,"max_hp_gain":0,"max_hp_loss":0,"event_name":"World of Goop","floor":3,"gold_loss":0},{"damage_healed":0,"gold_gain":150,"player_choice":"AGREE","damage_taken":0,"max_hp_gain":0,"max_hp_loss":0,"event_name":"Liars Game","floor":7,"gold_loss":0,"cards_obtained":["Doubt"]}],"is_beta":false,"boss_relics":[],"items_purged_floors":[],"is_endless":false,"potions_floor_spawned":[10],"killed_by":"Exordium Thugs","ascension_level":20}