{"path_per_floor":["M","M","M","?","M","E","R","M","T","?","E","R","M","$","R","B",null,"M","M","?","M","?","R","$","R","T","E","?","R","E","M","R","B",null,"M","$","?","?","M","E","M","R","T","$","M","$","E","M","R","B"],"character_chosen":"DEFECT","items_purchased":["Pen Nib","Sundial","Self Repair","Happy Flower","Blizzard","Loop","Bottled Tornado"],"gold_per_floor":[116,136,151,101,116,147,147,157,227,257,589,589,602,6,6,107,107,125,141,141,151,151,151,6,6,61,90,122,122,154,171,171,268,268,284,174,174,396,415,447,462,462,462,116,131,6,39,49,49,49],"floor_reached":51,"campfire_rested":3,"playtime":4161,"item_purchase_floors":[],"current_hp_per_floor":[75,71,71,71,61,50,50,46,46,29,16,38,22,22,44,46,75,44,26,26,32,32,32,32,32,32,43,44,44,46,46,46,46,46,42,42,42,42,46,46,17,45,45,45,37,37,24,48,48,42],"items_purged":["Strike_B","Defend_B","Defend_B"],"gold":49,"score":815,"play_id":"d2aa874c-a8eb-444f-bc9b-24881c785fd0","local_time":"20180601211728","is_prod":false,"is_daily":false,"chose_seed":false,"is_ascension_mode":true,"campfire_upgraded":6,"win_rate":0.0,"timestamp":1527909448,"campfire_choices":[{"data":"Storm","floor":7.0,"key":"SMITH"},{"floor":12.0,"key":"REST"},{"floor":15.0,"key":"REST"},{"data":"Creative AI","floor":23,"key":"SMITH"},{"data":"Buffer","floor":25,"key":"SMITH"},{"data":"Static Discharge","floor":29,"key":"SMITH"},{"data":"Consume","floor":32,"key":"SMITH"},{"floor":42,"key":"REST"},{"data":"Storm","floor":49,"key":"SMITH"}],"path_taken":["M","M","M","?","M","E","R","?","T","?","E","R","?","?","R","BOSS","M","M","?","M","?","R","$","R","T","E","?","R","E","M","R","BOSS","M","$","?","?","?","E","M","R","T","?","M","$","E","?","R","BOSS"],"build_version":"2018-05-31","seed_source_timestamp":0,"purchased_purges":3,"victory":true,"master_deck":["Defend_B","Defend_B","Zap","Dualcast","Cold Snap","White Noise","BootSequence","Storm+1","FTL","Consume+1","Static Discharge+1","Buffer+1","Cold Snap","Self Repair","Creative AI+1","Sweeping Beam+1","Leap+1","Ghostly","Ghostly","Ghostly","Ghostly","Ghostly","Force Field+1","Go for the Eyes","Skim+1","Fission","Barrage+1","Blizzard","Loop","Coolheaded","Cold Snap+1","White Noise","FTL","BootSequence+1","Storm+1"],"max_hp_per_floor":[75,75,75,75,75,75,75,75,75,75,75,75,75,75,75,75,75,75,75,75,75,37,37,37,37,37,44,44,44,46,46,46,46,46,46,46,46,46,46,46,46,46,46,46,46,46,48,48,48,48],"relics":["Cracked Core","Gremlin Horn","Question Card","Odd Mushroom","Old Coin","Pen Nib","Sundial","Black Star","Happy Flower","Tiny Chest","Strawberry","Singing Bowl","Red Mask","Regal Pillow","Ancient Tea Set","Lizard Tail","Oddly Smooth Stone","Bronze Scales","Bird Faced Urn","Bottled Tornado","Pantograph","Kunai"],"card_choices":[{"not_picked":["Coolheaded","Compile Driver"],"picked":"White Noise","floor":1.0},{"not_picked":["Hello World","Streamline"],"picked":"BootSequence","floor":2.0},{"not_picked":["Heatsinks","Coolheaded"],"picked":"Storm","floor":3.0},{"not_picked":["Gash","Redo"],"picked":"FTL","floor":5.0},{"not_picked":["Coolheaded","Leap"],"picked":"Consume","floor":6.0},{"not_picked":["Stack","Go for the Eyes"],"picked":"Static Discharge","floor":8.0},{"not_picked":["Tempest","Go for the Eyes","Streamline"],"picked":"Buffer","floor":11.0},{"not_picked":["Steam","Redo","Go for the Eyes"],"picked":"Cold Snap","floor":13.0},{"not_picked":["Machine Learning","Electrodynamics","Biased Cognition"],"picked":"Creative AI","floor":16.0},{"not_picked":["Ball Lightning","Streamline+1","Stack+1"],"picked":"Sweeping Beam+1","floor":18.0},{"not_picked":["Fusion","Aggregate","Coolheaded"],"picked":"Leap+1","floor":19},{"not_picked":["Auto Shields","Leap+1","Rebound","Beam Cell"],"picked":"SKIP","floor":21},{"not_picked":["Auto Shields","Melter","Hologram+1"],"picked":"Force Field+1","floor":27},{"not_picked":["Beam Cell","Coolheaded+1","Ball Lightning+1"],"picked":"Go for the Eyes","floor":28},{"not_picked":["Leap","All For One","Barrage+1","Rebound"],"picked":"Singing Bowl","floor":30},{"not_picked":["Gash","Redo","Stack"],"picked":"Skim+1","floor":31},{"not_picked":["Rainbow","Multi-Cast","Biased Cognition"],"picked":"Fission","floor":33},{"not_picked":["Steam","Beam Cell+1","Redo"],"picked":"Barrage+1","floor":35},{"not_picked":["Rebound+1","Streamline","Hello World"],"picked":"Cold Snap+1","floor":39},{"not_picked":["Redo+1","Scrape","Go for the Eyes"],"picked":"White Noise","floor":40},{"not_picked":["Leap","Redo+1","Conserve Battery"],"picked":"FTL","floor":41},{"not_picked":["Hologram","Lockon+1","Cold Snap+1"],"picked":"BootSequence+1","floor":45},{"not_picked":["All For One","Genetic Algorithm+1","Reprogram+1","Stack+1"],"picked":"Singing Bowl","floor":47},{"not_picked":["Go for the Eyes+1","Leap+1","BootSequence+1"],"picked":"Storm","floor":48}],"player_experience":845013,"potions_floor_usage":[27,27,27,27,27,33,33,35,39,39],"damage_taken":[{"damage":0.0,"enemies":"2 Louse","floor":1.0,"turns":2.0},{"damage":4.0,"enemies":"Cultist","floor":2.0,"turns":3.0},{"damage":0.0,"enemies":"Jaw Worm","floor":3.0,"turns":3.0},{"damage":10.0,"enemies":"Blue Slaver","floor":5.0,"turns":4.0},{"damage":11.0,"enemies":"3 Sentries","floor":6.0,"turns":7.0},{"damage":4.0,"enemies":"Red Slaver","floor":8.0,"turns":3.0},{"damage":17.0,"enemies":"The Mushroom Lair","floor":10.0,"turns":4.0},{"damage":13.0,"enemies":"Lagavulin","floor":11.0,"turns":5.0},{"damage":16.0,"enemies":"Exordium Thugs","floor":13.0,"turns":3.0},{"damage":5.0,"enemies":"Slime Boss","floor":16.0,"turns":13.0},{"damage":38.0,"enemies":"3 Byrds","floor":18.0,"turns":6.0},{"damage":25.0,"enemies":"2 Thieves","floor":19.0,"turns":3.0},{"damage":1,"enemies":"Snecko","floor":21,"turns":5},{"damage":3,"enemies":"Slavers","floor":27,"turns":7},{"damage":1,"enemies":"Masked Bandits","floor":28,"turns":5},{"damage":7,"enemies":"Book of Stabbing","floor":30,"turns":5},{"damage":0,"enemies":"Centurion and Healer","floor":31,"turns":10},{"damage":5,"enemies":"Collector","floor":33,"turns":8},{"damage":11,"enemies":"3 Shapes","floor":35,"turns":6},{"damage":0,"enemies":"Orb Walker","floor":39,"turns":6},{"damage":7,"enemies":"2 Orb Walkers","floor":40,"turns":4},{"damage":29,"enemies":"Maw","floor":41,"turns":8},{"damage":18,"enemies":"3 Darklings","floor":45,"turns":5},{"damage":38,"enemies":"Nemesis","floor":47,"turns":11},{"damage":0,"enemies":"4 Shapes","floor":48,"turns":7},{"damage":29,"enemies":"Time Eater","floor":50,"turns":10}],"relics_obtained":[{"floor":6.0,"key":"Gremlin Horn"},{"floor":9.0,"key":"Question Card"},{"floor":10.0,"key":"Odd Mushroom"},{"floor":11.0,"key":"Old Coin"},{"floor":26,"key":"Tiny Chest"},{"floor":27,"key":"Strawberry"},{"floor":27,"key":"Singing Bowl"},{"floor":28,"key":"Red Mask"},{"floor":30,"key":"Regal Pillow"},{"floor":30,"key":"Ancient Tea Set"},{"floor":40,"key":"Oddly Smooth Stone"},{"floor":40,"key":"Bronze Scales"},{"floor":43,"key":"Bird Faced Urn"},{"floor":47,"key":"Pantograph"},{"floor":47,"key":"Kunai"}],"event_choices":[{"event_name":"The Cleric","player_choice":"Card Removal","floor":4.0,"damage_taken":0.0},{"event_name":"Mushrooms","player_choice":"Fought Mushrooms","floor":10.0,"damage_taken":0.0},{"event_name":"Vampires","player_choice":"Ignored","floor":20,"damage_taken":0},{"event_name":"Ghosts","player_choice":"Became a Ghost","floor":22,"damage_taken":0},{"event_name":"Masked Bandits","player_choice":"Fought over 90 gold","floor":28,"damage_taken":0},{"event_name":"Transmorgrifier","player_choice":"Transform","floor":37,"damage_taken":0},{"event_name":"Tomb of Lord Red Mask","player_choice":"Wore Mask","floor":38,"damage_taken":0}],"boss_relics":[{"not_picked":["Eternal Feather","Cursed Key"],"picked":"Lizard Tail"}],"items_purged_floors":[],"potions_floor_spawned":[2,5,6,10,11,16,21,27,28,30,41,45,48],"seed_played":"-8985787680042157267","ascension_level":1,"potions_obtained":[{"floor":2.0,"key":"Swift Potion"},{"floor":5.0,"key":"Strength Potion"},{"floor":6.0,"key":"LiquidBronze"},{"floor":11.0,"key":"SpeedPotion"},{"floor":16.0,"key":"Swift Potion"},{"floor":21,"key":"EntropicBrew"},{"floor":27,"key":"Fire Potion"},{"floor":41,"key":"SteroidPotion"},{"floor":45,"key":"FearPotion"},{"floor":48,"key":"Explosive Potion"}],"is_trial":false}