{"path_per_floor":["M","M","$","?","$","R","?","R","T","R","E","M","M","E","R","B",null,"M","?","M","M","M","R","$"],"character_chosen":"DEFECT","items_purchased":["Hyperbeam","Blizzard","Beam Cell","Mind Blast"],"gold_per_floor":[216,236,91,91,54,54,54,54,54,54,84,94,112,138,138,237,237,253,253,264,284,302,302,76,76],"floor_reached":25,"campfire_rested":2,"playtime":1152,"current_hp_per_floor":[74,74,74,74,74,74,74,74,74,74,73,71,69,30,52,3,57,45,31,18,16,16,40,40,0],"items_purged":["Strike_B","Decay"],"gold":76,"score":264,"play_id":"4297bb39-c92a-4fb7-bdfe-5a2d2498dd2a","local_time":"20180514215434","is_prod":false,"is_daily":false,"chose_seed":false,"is_ascension_mode":true,"campfire_upgraded":3,"timestamp":1526356474,"path_taken":["M","M","$","?","$","R","?","R","T","R","E","M","?","E","R","BOSS","M","?","M","M","M","R","$","E"],"build_version":"2018-05-12v2","seed_source_timestamp":435510412286293,"purchased_purges":2,"victory":false,"master_deck":["Strike_B","Strike_B","Defend_B","Defend_B","Defend_B","Defend_B","Zap+1","Dualcast","Doom and Gloom+1","Hyperbeam+1","Blizzard","Buffer","Rebound+1","FTL","Beam Cell","Mind Blast"],"max_hp_per_floor":[75,75,75,75,75,75,75,75,75,75,75,75,75,75,75,75,75,75,80,80,80,80,80,80,80],"relics":["Cracked Core","Symbiotic Virus","Pen Nib","Anchor","Sozu"],"card_choices":[{"not_picked":["Static Discharge","Stack"],"picked":"Doom and Gloom","floor":1},{"not_picked":["Stack","Darkness","Steam"],"picked":"SKIP","floor":2},{"not_picked":["Aggregate","Turbo","Hologram"],"picked":"SKIP","floor":11},{"not_picked":["Leap","Turbo","Hologram"],"picked":"SKIP","floor":12},{"not_picked":["Capacitor","Double Energy","Skim"],"picked":"SKIP","floor":13},{"not_picked":["Auto Shields","Aggregate","Turbo"],"picked":"SKIP","floor":14},{"not_picked":["Reboot","Amplify"],"picked":"Buffer","floor":16},{"not_picked":["Darkness","Force Field","Coolheaded"],"picked":"SKIP","floor":18},{"not_picked":["Skim","Coolheaded+1"],"picked":"Rebound+1","floor":20},{"not_picked":["Hologram","Auto Shields"],"picked":"FTL","floor":21},{"not_picked":["Skim","Leap","Heatsinks"],"picked":"SKIP","floor":22}],"player_experience":119226,"potions_floor_usage":[16,20],"damage_taken":[{"damage":1,"enemies":"Cultist","floor":1,"turns":3},{"damage":0,"enemies":"2 Louse","floor":2,"turns":2},{"damage":1,"enemies":"3 Sentries","floor":11,"turns":2},{"damage":2,"enemies":"Jaw Worm","floor":12,"turns":2},{"damage":2,"enemies":"Gremlin Gang","floor":13,"turns":3},{"damage":39,"enemies":"Lagavulin","floor":14,"turns":5},{"damage":49,"enemies":"The Guardian","floor":16,"turns":10},{"damage":12,"enemies":"Shell Parasite","floor":18,"turns":5},{"damage":13,"enemies":"Spheric Guardian","floor":20,"turns":3},{"damage":2,"enemies":"Snake Plant","floor":21,"turns":3},{"damage":0,"enemies":"Cultist and Chosen","floor":22,"turns":3},{"damage":45,"enemies":"Gremlin Leader","floor":25,"turns":4}],"event_choices":[{"event_name":"Bonfire Elementals","player_choice":"BASIC","floor":4,"damage_taken":0},{"event_name":"Wheel of Change","player_choice":"Curse","floor":7,"damage_taken":0},{"event_name":"Forgotten Altar","player_choice":"Shed Blood","floor":19,"damage_taken":0}],"boss_relics":[{"not_picked":["Black Star","Snecko Eye"],"picked":"Sozu"}],"potions_floor_spawned":[1,12,18,20,21],"seed_played":"-1680653427163223879","killed_by":"Gremlin Leader","ascension_level":5,"is_trial":false}