{"gold_per_floor":[113,131,56,74,94,125,125,138,138,158,24,36,36,55,55,152,152,171,271,110,128,148,148,178,196,219,235,245,245,263,113,113,213,213,232,242,71,81,81,81,108,108,185,198,214,224,236,248,248,248],"floor_reached":50,"playtime":5800,"items_purged":["Strike_B","Strike_B","Strike_B","Strike_B"],"score":579,"play_id":"277223cf-a782-4bad-9ec0-82c0e1bb3f0e","local_time":"20190126204919","is_ascension_mode":false,"campfire_choices":[{"data":"Chaos","floor":7.0,"key":"SMITH"},{"data":"Zap","floor":13.0,"key":"SMITH"},{"data":"Static Discharge","floor":15.0,"key":"SMITH"},{"floor":23.0,"key":"REST"},{"floor":29.0,"key":"REST"},{"data":"Dualcast","floor":32.0,"key":"SMITH"},{"data":"Buffer","floor":40,"key":"SMITH"},{"floor":49,"key":"REST"}],"neow_cost":"NONE","seed_source_timestamp":0,"circlet_count":0,"master_deck":["Defend_B","Defend_B","Zap+1","Dualcast+1","Coolheaded","Chaos+1","Cold Snap","Steam","Compile Driver","Hologram","Static Discharge+1","Conserve Battery","Ball Lightning","Buffer+1","Hologram+1","Doom and Gloom+1","Doom and Gloom+1","Go for the Eyes+1","Ball Lightning+1","Aggregate+1","All For One+1","Compile Driver+1","Compile Driver+1","Seek","Ball Lightning+1","Beam Cell+1","Coolheaded+1","Melter+1","Thunder Strike+1","Compile Driver+1","Thunder Strike+1","FTL+1","Hologram"],"special_seed":0,"relics":["Cracked Core","NeowsBlessing","Mercury Hourglass","Incense Burner","Odd Mushroom","White Beast Statue","Calipers","Molten Egg 2","Gremlin Horn","Lantern","Empty Cage","Tiny Chest","Mango","Darkstone Periapt"],"potions_floor_usage":[41,45,47,48,50,50],"damage_taken":[{"damage":0.0,"enemies":"Small Slimes","floor":1.0,"turns":1.0},{"damage":0.0,"enemies":"Jaw Worm","floor":2.0,"turns":1.0},{"damage":0.0,"enemies":"Cultist","floor":4.0,"turns":1.0},{"damage":2.0,"enemies":"2 Fungi Beasts","floor":5.0,"turns":4.0},{"damage":20.0,"enemies":"3 Sentries","floor":6.0,"turns":9.0},{"damage":0.0,"enemies":"3 Louse","floor":8.0,"turns":2.0},{"damage":0.0,"enemies":"The Mushroom Lair","floor":10.0,"turns":2.0},{"damage":3.0,"enemies":"Exordium Thugs","floor":12.0,"turns":3.0},{"damage":0.0,"enemies":"Lots of Slimes","floor":14.0,"turns":2.0},{"damage":6.0,"enemies":"Slime Boss","floor":16.0,"turns":7.0},{"damage":7.0,"enemies":"Shell Parasite","floor":18.0,"turns":4.0},{"damage":20.0,"enemies":"Colosseum Slavers","floor":19.0,"turns":4.0},{"damage":22.0,"enemies":"Colosseum Nobs","floor":19.0,"turns":4.0},{"damage":5.0,"enemies":"Spheric Guardian","floor":21.0,"turns":3.0},{"damage":6.0,"enemies":"Centurion and Healer","floor":22.0,"turns":4.0},{"damage":0.0,"enemies":"Gremlin Leader","floor":24.0,"turns":5.0},{"damage":2.0,"enemies":"Shelled Parasite and Fungi","floor":25.0,"turns":4.0},{"damage":17.0,"enemies":"Snake Plant","floor":27.0,"turns":3.0},{"damage":3.0,"enemies":"Centurion and Healer","floor":28.0,"turns":2.0},{"damage":0.0,"enemies":"Snecko","floor":30.0,"turns":4.0},{"damage":39.0,"enemies":"Collector","floor":33.0,"turns":11.0},{"damage":3.0,"enemies":"Orb Walker","floor":35.0,"turns":3.0},{"damage":2,"enemies":"3 Darklings","floor":36,"turns":3},{"damage":0,"enemies":"Sphere and 2 Shapes","floor":38,"turns":3},{"damage":0,"enemies":"Reptomancer","floor":41,"turns":5},{"damage":9,"enemies":"Jaw Worm Horde","floor":44,"turns":3},{"damage":5,"enemies":"Maw","floor":45,"turns":5},{"damage":14,"enemies":"Spire Growth","floor":46,"turns":4},{"damage":18,"enemies":"Writhing Mass","floor":47,"turns":4},{"damage":7,"enemies":"4 Shapes","floor":48,"turns":4},{"damage":84,"enemies":"Awakened One","floor":50,"turns":10}],"seed_played":"7524353832140268351","potions_obtained":[{"floor":1.0,"key":"PowerPotion"},{"floor":6.0,"key":"AttackPotion"},{"floor":10.0,"key":"SteroidPotion"},{"floor":14.0,"key":"GamblersBrew"},{"floor":18.0,"key":"Strength Potion"},{"floor":19.0,"key":"Poison Potion"},{"floor":21.0,"key":"Block Potion"},{"floor":22.0,"key":"Strength Potion"},{"floor":24.0,"key":"Energy Potion"},{"floor":25.0,"key":"Regen Potion"},{"floor":27.0,"key":"SteroidPotion"},{"floor":28.0,"key":"SpeedPotion"},{"floor":30.0,"key":"FairyPotion"},{"floor":33.0,"key":"AttackPotion"},{"floor":35,"key":"LiquidBronze"},{"floor":36,"key":"Strength Potion"},{"floor":41,"key":"AttackPotion"},{"floor":45,"key":"EssenceOfSteel"},{"floor":47,"key":"AttackPotion"},{"floor":48,"key":"GamblersBrew"}],"is_trial":false,"path_per_floor":["M","M","$","M","M","E","R","M","T","?","$","M","R","M","R","B",null,"M","?","$","M","M","R","E","M","T","M","M","R","M","$","R","B",null,"M","M","$","M","?","R","E","$","T","M","M","M","M","M","R","B"],"character_chosen":"DEFECT","items_purchased":["Static Discharge","Doom and Gloom+1","Tiny Chest","Beam Cell+1"],"campfire_rested":3,"item_purchase_floors":[11,20,37,37],"current_hp_per_floor":[75,75,75,75,73,53,53,53,53,53,53,50,50,50,50,44,75,68,26,26,21,15,37,37,35,35,27,24,46,46,46,46,7,75,72,70,70,70,70,70,84,84,84,75,70,56,38,31,57,0],"gold":248,"neow_bonus":"THREE_ENEMY_KILL","is_prod":false,"is_daily":false,"chose_seed":false,"campfire_upgraded":5,"win_rate":0.0,"timestamp":1548560959,"path_taken":["M","M","$","M","M","E","R","M","T","?","$","M","R","M","R","BOSS","M","?","?","M","M","R","E","M","T","M","M","R","?","$","R","BOSS","M","M","$","M","?","R","E","$","T","M","M","M","M","M","R","BOSS"],"build_version":"2019-01-23","purchased_purges":4,"victory":false,"max_hp_per_floor":[75,75,75,75,75,75,75,75,75,75,75,75,75,75,75,75,75,75,75,75,75,75,75,75,75,75,75,75,75,75,75,75,75,75,75,75,75,75,75,75,89,89,89,89,89,89,89,89,89,89],"card_choices":[{"not_picked":["Blizzard","Hologram"],"picked":"Coolheaded","floor":1.0},{"not_picked":["Compile Driver","Hologram"],"picked":"Chaos","floor":2.0},{"not_picked":["Leap","Fusion"],"picked":"Cold Snap","floor":4.0},{"not_picked":["Barrage","Cold Snap"],"picked":"Steam","floor":5.0},{"not_picked":["Streamline","Glacier"],"picked":"Compile Driver","floor":6.0},{"not_picked":["Redo","BootSequence"],"picked":"Hologram","floor":8.0},{"not_picked":["Coolheaded","Self Repair"],"picked":"Static Discharge","floor":10.0},{"not_picked":["Scrape","Compile Driver"],"picked":"Conserve Battery","floor":12.0},{"not_picked":["Stack","Steam"],"picked":"Ball Lightning","floor":14.0},{"not_picked":["All For One","Multi-Cast"],"picked":"Buffer","floor":16.0},{"not_picked":["Stack","Coolheaded"],"picked":"Hologram+1","floor":18.0},{"not_picked":["Beam Cell","Heatsinks"],"picked":"Doom and Gloom","floor":19.0},{"not_picked":["Redo","Scrape+1"],"picked":"Go for the Eyes+1","floor":21.0},{"not_picked":["Conserve Battery","Steam"],"picked":"Ball Lightning+1","floor":22.0},{"not_picked":["Streamline+1","Redo+1"],"picked":"Aggregate+1","floor":24.0},{"not_picked":["Cold Snap+1","Heatsinks"],"picked":"All For One+1","floor":25.0},{"not_picked":["White Noise","Barrage+1"],"picked":"Compile Driver+1","floor":27.0},{"not_picked":["Static Discharge","Cold Snap+1","Tempest"],"picked":"SKIP","floor":28.0},{"not_picked":["Coolheaded+1","Hologram+1"],"picked":"Compile Driver+1","floor":30.0},{"not_picked":["Buffer","Amplify"],"picked":"Seek","floor":33.0},{"not_picked":["Sweeping Beam+1","Skim+1","Capacitor+1"],"picked":"SKIP","floor":35},{"not_picked":["Fusion","Genetic Algorithm"],"picked":"Ball Lightning+1","floor":36},{"not_picked":["Compile Driver+1","Barrage+1"],"picked":"Coolheaded+1","floor":38},{"not_picked":["Coolheaded+1","Genetic Algorithm"],"picked":"Melter+1","floor":41},{"not_picked":["Beam Cell+1","Redo"],"picked":"Thunder Strike+1","floor":44},{"not_picked":["Conserve Battery","Leap"],"picked":"Compile Driver+1","floor":45},{"not_picked":["Redo+1","Capacitor+1"],"picked":"Thunder Strike+1","floor":46},{"not_picked":["White Noise+1","Beam Cell+1"],"picked":"FTL+1","floor":47},{"not_picked":["Sweeping Beam+1","Coolheaded"],"picked":"Hologram","floor":48}],"player_experience":14984,"relics_obtained":[{"floor":6.0,"key":"Mercury Hourglass"},{"floor":9.0,"key":"Incense Burner"},{"floor":10.0,"key":"Odd Mushroom"},{"floor":19.0,"key":"Calipers"},{"floor":19.0,"key":"Molten Egg 2"},{"floor":24.0,"key":"Gremlin Horn"},{"floor":26.0,"key":"Lantern"},{"floor":41,"key":"Mango"},{"floor":43,"key":"Darkstone Periapt"}],"event_choices":[{"damage_healed":0.0,"max_hp_gain":0.0,"max_hp_loss":0.0,"gold_gain":0.0,"event_name":"Mushrooms","player_choice":"Fought Mushrooms","floor":10.0,"gold_loss":0.0,"damage_taken":0.0},{"damage_healed":0.0,"max_hp_gain":0.0,"max_hp_loss":0.0,"gold_gain":0.0,"event_name":"Colosseum","player_choice":"Fight","floor":19.0,"gold_loss":0.0,"damage_taken":0.0},{"damage_healed":0.0,"max_hp_gain":0.0,"max_hp_loss":0.0,"gold_gain":0.0,"event_name":"Colosseum","player_choice":"Fought Nobs","floor":19.0,"gold_loss":0.0,"damage_taken":0.0},{"cards_removed":["Static Discharge"],"damage_healed":0,"gold_gain":0,"player_choice":"Removed Power","damage_taken":0,"max_hp_gain":0,"max_hp_loss":0,"event_name":"Falling","floor":39,"gold_loss":0}],"is_beta":false,"boss_relics":[{"not_picked":["Fusion Hammer","Orrery"],"picked":"White Beast Statue"},{"not_picked":["Runic Dome","Eternal Feather"],"picked":"Empty Cage"}],"items_purged_floors":[3,11,20,31],"is_endless":false,"potions_floor_spawned":[1,6,10,14,18,19,19,21,22,24,25,27,28,30,33,35,36,38,41,44,45,46,47,48],"killed_by":"Awakened One","ascension_level":0}