{"gold_per_floor":[111,121,121,135,60,60,75,87,87,142,154,154,0,14,14,115,115,126,126,126,140,152,166,143,143,143,157,157,40,40,67,67,169,169,184,184,184,32,32,32,58,58],"floor_reached":42,"playtime":3152,"items_purged":["Strike_R","Strike_R","Corruption"],"score":463,"play_id":"2d28709f-831a-4c83-8e31-92c193d3a15e","local_time":"20181126190025","is_ascension_mode":false,"campfire_choices":[{"data":"Bash","floor":6,"key":"SMITH"},{"floor":12,"key":"REST"},{"data":"Metallicize","floor":15,"key":"SMITH"},{"floor":25,"key":"REST"},{"floor":28,"key":"REST"},{"data":"Double Tap","floor":30,"key":"SMITH"},{"floor":32,"key":"REST"},{"floor":40,"key":"REST"}],"neow_cost":"NONE","seed_source_timestamp":884650891371130,"circlet_count":0,"master_deck":["Defend_R+1","Defend_R+1","Defend_R+1","Bash+1","Headbutt","Anger","Cleave","Headbutt","Dual Wield","Heavy Blade","Metallicize+1","Double Tap+1","Cleave","Flame Barrier","Shrug It Off","Rage","Flame Barrier","Demon Form","Bloodletting+1","Whirlwind+1","Armaments+1","Apotheosis+1","Enlightenment","Good Instincts"],"relics":["Burning Blood","Matryoshka","Kunai","Philosopher\u0027s Stone","Smiling Mask","Pear","Question Card","Astrolabe","Happy Flower","Ornamental Fan"],"potions_floor_usage":[16,16,21,33,33,39,41,42],"damage_taken":[{"damage":2,"enemies":"Small Slimes","floor":1,"turns":5},{"damage":10,"enemies":"Jaw Worm","floor":2,"turns":5},{"damage":7,"enemies":"2 Louse","floor":4,"turns":2},{"damage":13,"enemies":"Red Slaver","floor":7,"turns":2},{"damage":9,"enemies":"Blue Slaver","floor":8,"turns":4},{"damage":25,"enemies":"Gremlin Nob","floor":10,"turns":4},{"damage":10,"enemies":"Looter","floor":11,"turns":3},{"damage":14,"enemies":"Gremlin Gang","floor":14,"turns":4},{"damage":33,"enemies":"Hexaghost","floor":16,"turns":8},{"damage":8,"enemies":"Chosen","floor":18,"turns":4},{"damage":25,"enemies":"3 Byrds","floor":21,"turns":3},{"damage":8,"enemies":"Snecko","floor":22,"turns":5},{"damage":39,"enemies":"Centurion and Healer","floor":23,"turns":5},{"damage":21,"enemies":"Sentry and Sphere","floor":27,"turns":6},{"damage":48,"enemies":"Book of Stabbing","floor":31,"turns":6},{"damage":60,"enemies":"Champ","floor":33,"turns":15},{"damage":26,"enemies":"Orb Walker","floor":35,"turns":5},{"damage":0,"enemies":"3 Darklings","floor":39,"turns":1},{"damage":89,"enemies":"Nemesis","floor":41,"turns":9},{"damage":53,"enemies":"Writhing Mass","floor":42,"turns":4}],"seed_played":"4004586750550295616","potions_obtained":[{"floor":1,"key":"LiquidBronze"},{"floor":4,"key":"Regen Potion"},{"floor":7,"key":"SmokeBomb"},{"floor":18,"key":"LiquidBronze"},{"floor":23,"key":"SneckoOil"},{"floor":31,"key":"EssenceOfSteel"},{"floor":33,"key":"FearPotion"},{"floor":41,"key":"AttackPotion"}],"is_trial":false,"path_per_floor":["M","M","?","M","$","R","M","M","T","?","M","R","$","M","R","B",null,"M","?","?","M","M","M","$","R","T","M","R","$","R","E","R","B",null,"M","?","?","$","M","R","E","M"],"character_chosen":"IRONCLAD","items_purchased":["Heavy Blade","Shrug It Off","Rage","Happy Flower"],"campfire_rested":5,"item_purchase_floors":[13,24,29,38],"current_hp_per_floor":[88,84,89,88,88,88,81,78,78,59,55,82,82,74,74,62,93,91,91,91,72,70,37,37,64,74,59,89,89,89,47,77,23,103,83,73,73,73,79,103,20,0],"gold":58,"neow_bonus":"TEN_PERCENT_HP_BONUS","is_prod":false,"is_daily":false,"chose_seed":false,"campfire_upgraded":3,"win_rate":0,"timestamp":1543273225,"path_taken":["M","M","?","M","$","R","M","M","T","?","M","R","?","M","R","BOSS","M","?","?","?","M","M","$","R","T","M","R","$","R","E","R","BOSS","M","?","?","$","M","R","E","M"],"build_version":"2018-11-15","purchased_purges":3,"victory":false,"max_hp_per_floor":[88,88,93,93,93,93,93,93,93,93,93,93,93,93,93,93,93,93,93,93,93,93,93,93,93,103,103,103,103,103,103,103,103,103,103,103,103,103,103,103,103,103],"card_choices":[{"not_picked":["Infernal Blade","Burning Pact","Corruption"],"picked":"SKIP","floor":1},{"not_picked":["Rupture","Havoc"],"picked":"Headbutt","floor":2},{"not_picked":["Hemokinesis","Clash"],"picked":"Anger","floor":4},{"not_picked":["Entrench","Reckless Charge","Warcry"],"picked":"SKIP","floor":7},{"not_picked":["Perfected Strike","Pommel Strike"],"picked":"Cleave","floor":8},{"not_picked":["Warcry","Wild Strike"],"picked":"Headbutt","floor":10},{"not_picked":["Thunderclap","Disarm"],"picked":"Dual Wield","floor":11},{"not_picked":["Heavy Blade","Fire Breathing"],"picked":"Metallicize","floor":14},{"not_picked":["Barricade","Bludgeon"],"picked":"Double Tap","floor":16},{"not_picked":["Havoc","Bloodletting","Disarm"],"picked":"SKIP","floor":18},{"not_picked":["Pommel Strike","Combust","Bloodletting"],"picked":"SKIP","floor":21},{"not_picked":["Wild Strike","Exhume"],"picked":"Cleave","floor":22},{"not_picked":["Dropkick","Warcry+1"],"picked":"Flame Barrier","floor":23},{"not_picked":["Hemokinesis","Havoc+1","Sentinel"],"picked":"SKIP","floor":27},{"not_picked":["Corruption","Seeing Red+1"],"picked":"Flame Barrier","floor":31},{"not_picked":["Brutality","Barricade","Bludgeon"],"picked":"Demon Form","floor":33},{"not_picked":["Dual Wield","Cleave","Clash+1","Power Through+1"],"picked":"SKIP","floor":35},{"not_picked":["Forethought","Mind Blast","Madness"],"picked":"Apotheosis","floor":36},{"not_picked":["The Bomb","Mayhem","Secret Weapon"],"picked":"Enlightenment","floor":36},{"not_picked":["Discovery","Madness","Purity"],"picked":"Good Instincts","floor":36},{"not_picked":["Wild Strike","Burning Pact+1","Pommel Strike","Havoc"],"picked":"SKIP","floor":41}],"player_experience":53158,"relics_obtained":[{"floor":9,"key":"Matryoshka"},{"floor":10,"key":"Kunai"},{"floor":26,"key":"Smiling Mask"},{"floor":26,"key":"Pear"},{"floor":31,"key":"Question Card"},{"floor":41,"key":"Ornamental Fan"}],"event_choices":[{"damage_healed":0,"gold_gain":0,"player_choice":"Donut","damage_taken":0,"max_hp_gain":5,"max_hp_loss":0,"event_name":"Big Fish","floor":3,"gold_loss":0},{"damage_healed":0,"gold_gain":0,"player_choice":"Searched \u00272\u0027 times","damage_taken":0,"max_hp_gain":0,"max_hp_loss":0,"event_name":"Dead Adventurer","floor":10,"gold_loss":0},{"damage_healed":0,"gold_gain":0,"player_choice":"Simplicity","damage_taken":0,"max_hp_gain":0,"max_hp_loss":0,"event_name":"Back to Basics","floor":19,"gold_loss":0,"cards_upgraded":["Strike_R","Strike_R","Strike_R","Defend_R","Defend_R","Defend_R","Defend_R"]},{"damage_healed":0,"gold_gain":0,"cards_transformed":["Strike_R"],"player_choice":"Transformed","damage_taken":0,"max_hp_gain":0,"max_hp_loss":0,"event_name":"Transmorgrifier","floor":20,"gold_loss":0,"cards_obtained":["Corruption"]},{"damage_healed":0,"gold_gain":0,"player_choice":"Memory 3","damage_taken":10,"max_hp_gain":0,"max_hp_loss":0,"event_name":"SensoryStone","floor":36,"gold_loss":0},{"damage_healed":0,"gold_gain":0,"player_choice":"Upgraded","damage_taken":0,"max_hp_gain":0,"max_hp_loss":0,"event_name":"Upgrade Shrine","floor":37,"gold_loss":0,"cards_upgraded":["Apotheosis"]}],"is_beta":false,"boss_relics":[{"not_picked":["Runic Dome","Cursed Key"],"picked":"Philosopher\u0027s Stone"},{"not_picked":["Mark of Pain","Runic Pyramid"],"picked":"Astrolabe"}],"items_purged_floors":[5,13,29],"is_endless":false,"potions_floor_spawned":[1,4,7,11,18,23,31,33,41],"killed_by":"Writhing Mass","ascension_level":0}