{"gold_per_floor":[115,115,115,115,40,115,115,125,206,233,233,248,248,262,262,336,336,353,164,164,177,190,190,200,211,237,237,237,22,22,42,42,42],"floor_reached":33,"playtime":1272,"items_purged":["Strike_R","Strike_R","Defend_R"],"score":540,"play_id":"8102c855-d28e-4086-a64a-eea2257b1f3f","local_time":"20190311222559","is_ascension_mode":true,"campfire_choices":[{"data":"Bash","floor":7,"key":"SMITH"},{"data":"Searing Blow","floor":13,"key":"SMITH"},{"data":"Searing Blow+1","floor":15,"key":"SMITH"},{"data":"Searing Blow+2","floor":23,"key":"SMITH"},{"data":"Searing Blow+3","floor":27,"key":"SMITH"},{"data":"Limit Break","floor":30,"key":"SMITH"},{"data":"Searing Blow+4","floor":32,"key":"SMITH"}],"neow_cost":"NONE","seed_source_timestamp":424218949006123,"circlet_count":0,"master_deck":["AscendersBane","Strike_R+1","Defend_R","Defend_R","Defend_R","Bash+1","Shrug It Off+1","Combust","Searing Blow+5","Flame Barrier","Immolate","Rupture","True Grit","Second Wind","Limit Break+1"],"relics":["Burning Blood","NeowsBlessing","Bronze Scales","Meat on the Bone","Busted Crown","Oddly Smooth Stone"],"potions_floor_usage":[12,16,31,33,33],"damage_taken":[{"damage":0,"enemies":"Jaw Worm","floor":1,"turns":1},{"damage":0,"enemies":"2 Louse","floor":8,"turns":1},{"damage":0,"enemies":"Gremlin Nob","floor":10,"turns":1},{"damage":4,"enemies":"Small Slimes","floor":12,"turns":3},{"damage":8,"enemies":"Blue Slaver","floor":14,"turns":3},{"damage":19,"enemies":"The Guardian","floor":16,"turns":10},{"damage":15,"enemies":"Spheric Guardian","floor":18,"turns":4},{"damage":28,"enemies":"Chosen","floor":21,"turns":5},{"damage":30,"enemies":"Snake Plant","floor":22,"turns":5},{"damage":36,"enemies":"Shelled Parasite and Fungi","floor":24,"turns":6},{"damage":11,"enemies":"Centurion and Healer","floor":25,"turns":5},{"damage":15,"enemies":"Snake Plant","floor":31,"turns":4},{"damage":105,"enemies":"Collector","floor":33,"turns":6}],"seed_played":"4149400129093404593","potions_obtained":[{"floor":10,"key":"BloodPotion"},{"floor":14,"key":"Block Potion"},{"floor":24,"key":"Strength Potion"},{"floor":25,"key":"GamblersBrew"},{"floor":31,"key":"FearPotion"}],"is_trial":false,"path_per_floor":["M","?","?","$","$","?","R","M","T","E","?","M","R","M","R","B",null,"M","$","?","M","M","R","M","M","T","R","?","$","R","M","R","B"],"character_chosen":"IRONCLAD","items_purchased":["Rupture","Limit Break"],"campfire_rested":0,"item_purchase_floors":[19,29],"current_hp_per_floor":[74,51,44,44,44,33,33,39,39,45,19,40,40,50,50,49,69,60,60,60,50,38,38,20,27,27,27,85,85,85,76,76,0],"gold":42,"neow_bonus":"THREE_ENEMY_KILL","is_prod":false,"is_daily":false,"chose_seed":false,"campfire_upgraded":7,"win_rate":0,"timestamp":1552364759,"path_taken":["M","?","?","?","$","?","R","M","T","E","?","?","R","M","R","BOSS","M","$","?","?","?","R","M","M","T","R","?","?","R","M","R","BOSS"],"build_version":"2019-01-23","purchased_purges":3,"victory":false,"max_hp_per_floor":[75,75,75,75,75,75,75,75,75,75,75,75,75,75,75,75,75,75,75,75,75,75,75,75,75,75,75,85,85,85,85,85,85],"card_choices":[{"not_picked":["Havoc","Combust"],"picked":"Shrug It Off","floor":1},{"not_picked":["Heavy Blade","Sever Soul"],"picked":"Combust","floor":8},{"not_picked":["Havoc","Sword Boomerang"],"picked":"Searing Blow","floor":10},{"not_picked":["Flex","Thunderclap"],"picked":"Immolate","floor":12},{"not_picked":["Feel No Pain","Heavy Blade"],"picked":"Flame Barrier","floor":14},{"not_picked":["Dark Embrace","Juggernaut"],"picked":"Immolate","floor":16},{"not_picked":["Warcry"],"picked":"SKIP","floor":18},{"not_picked":[],"picked":"Second Wind","floor":21},{"not_picked":["Sword Boomerang"],"picked":"SKIP","floor":22},{"not_picked":["Reckless Charge"],"picked":"SKIP","floor":24},{"not_picked":["Warcry"],"picked":"SKIP","floor":25},{"not_picked":["Corruption"],"picked":"SKIP","floor":31}],"player_experience":1394135,"relics_obtained":[{"floor":10,"key":"Bronze Scales"},{"floor":26,"key":"Oddly Smooth Stone"}],"event_choices":[{"damage_healed":0,"gold_gain":0,"player_choice":"Entered Light","damage_taken":23,"max_hp_gain":0,"max_hp_loss":0,"event_name":"Shining Light","floor":2,"gold_loss":0,"cards_upgraded":["Strike_R","Shrug It Off"]},{"cards_removed":["Strike_R"],"damage_healed":0,"gold_gain":0,"player_choice":"Card Removal","damage_taken":7,"max_hp_gain":0,"max_hp_loss":0,"event_name":"Golden Wing","floor":3,"gold_loss":0},{"damage_healed":0,"gold_gain":75,"player_choice":"Gather Gold","damage_taken":11,"max_hp_gain":0,"max_hp_loss":0,"event_name":"World of Goop","floor":6,"gold_loss":0},{"damage_healed":0,"gold_gain":0,"player_choice":"Success","damage_taken":26,"relics_obtained":["Meat on the Bone"],"max_hp_gain":0,"max_hp_loss":0,"event_name":"Scrap Ooze","floor":11,"gold_loss":0},{"damage_healed":0,"gold_gain":0,"cards_transformed":["Strike_R"],"player_choice":"Transformed","damage_taken":0,"max_hp_gain":0,"max_hp_loss":0,"event_name":"Transmorgrifier","floor":20,"gold_loss":0,"cards_obtained":["True Grit"]},{"cards_removed":["Immolate"],"damage_healed":48,"gold_gain":0,"player_choice":"Offered Rare","damage_taken":0,"max_hp_gain":10,"max_hp_loss":0,"event_name":"Bonfire Elementals","floor":28,"gold_loss":0}],"is_beta":false,"boss_relics":[{"not_picked":["Runic Cube","Coffee Dripper"],"picked":"Busted Crown"}],"items_purged_floors":[5,19,29],"is_endless":false,"potions_floor_spawned":[10,14,24,25,31],"killed_by":"Collector","ascension_level":20}