{"gold_per_floor":[143,158,158,175,186,186,186,520,520,520,532,532,550,307,307,385,385,400,418,431,54,66,66,98,98,152,152,162,162,193,204,204,283,283,293,307,136,136,0,0,53,53,79,97,129,129,139,171,171,171],"floor_reached":50,"playtime":4113,"items_purged":["Strike_G"],"score":1026,"play_id":"16bbb4de-a61a-4581-88c7-6061a00692f2","local_time":"20190301221322","is_ascension_mode":true,"campfire_choices":[{"floor":6,"key":"REST"},{"data":"Noxious Fumes","floor":10,"key":"SMITH"},{"data":"Dagger Spray","floor":12,"key":"SMITH"},{"floor":15,"key":"REST"},{"floor":23,"key":"REST"},{"data":"Night Terror","floor":25,"key":"SMITH"},{"floor":27,"key":"REST"},{"floor":32,"key":"REST"},{"floor":40,"key":"REST"},{"data":"After Image","floor":42,"key":"SMITH"},{"floor":46,"key":"REST"},{"floor":49,"key":"REST"}],"neow_cost":"NONE","seed_source_timestamp":14898312959077,"circlet_count":0,"master_deck":["AscendersBane","Survivor","Neutralize","Backflip","Footwork","Dagger Spray+1","Noxious Fumes+1","Die Die Die","Flying Knee","Well Laid Plans","Envenom","Slice","Underhanded Strike","Concentrate","Corpse Explosion","Footwork","Night Terror+1","Dodge and Roll","After Image+1","Dagger Throw","Bane","Skewer","Sadistic Nature","Dodge and Roll","Envenom","Caltrops","Dagger Spray","Dodge and Roll","Tools of the Trade","Caltrops","Choke+1","Mind Blast","Tactician","Caltrops+1","Deflect","Crippling Poison"],"relics":["Ring of the Snake","Tiny Chest","Pocketwatch","Old Coin","Torii","Oddly Smooth Stone","Pandora\u0027s Box","Regal Pillow","Mummified Hand","Orichalcum","Tough Bandages","Prayer Wheel","Lizard Tail","Snake Skull","Red Mask","Lantern","Centennial Puzzle","Art of War","Paper Crane"],"potions_floor_usage":[8,19,24,24,33,44,45,45,45,50,50],"damage_taken":[{"damage":4,"enemies":"2 Louse","floor":1,"turns":4},{"damage":5,"enemies":"Cultist","floor":2,"turns":5},{"damage":0,"enemies":"Jaw Worm","floor":4,"turns":5},{"damage":14,"enemies":"3 Louse","floor":5,"turns":3},{"damage":2,"enemies":"Lagavulin","floor":8,"turns":7},{"damage":1,"enemies":"Looter","floor":11,"turns":3},{"damage":10,"enemies":"Large Slime","floor":13,"turns":5},{"damage":22,"enemies":"Slime Boss","floor":16,"turns":10},{"damage":0,"enemies":"Chosen","floor":18,"turns":6},{"damage":0,"enemies":"3 Byrds","floor":19,"turns":4},{"damage":0,"enemies":"Snecko","floor":20,"turns":5},{"damage":32,"enemies":"Sentry and Sphere","floor":22,"turns":5},{"damage":26,"enemies":"Slavers","floor":24,"turns":2},{"damage":9,"enemies":"Snake Plant","floor":28,"turns":4},{"damage":9,"enemies":"Book of Stabbing","floor":30,"turns":4},{"damage":8,"enemies":"Snecko","floor":31,"turns":4},{"damage":13,"enemies":"Collector","floor":33,"turns":10},{"damage":8,"enemies":"3 Shapes","floor":35,"turns":3},{"damage":10,"enemies":"Orb Walker","floor":36,"turns":3},{"damage":13,"enemies":"Sphere and 2 Shapes","floor":44,"turns":4},{"damage":44,"enemies":"Reptomancer","floor":45,"turns":6},{"damage":1,"enemies":"Maw","floor":47,"turns":7},{"damage":57,"enemies":"Giant Head","floor":48,"turns":9},{"damage":66,"enemies":"Awakened One","floor":50,"turns":5}],"seed_played":"2280590820285256363","potions_obtained":[{"floor":1,"key":"Poison Potion"},{"floor":2,"key":"LiquidBronze"},{"floor":8,"key":"LiquidBronze"},{"floor":22,"key":"Weak Potion"},{"floor":24,"key":"Strength Potion"},{"floor":30,"key":"SteroidPotion"},{"floor":31,"key":"Explosive Potion"},{"floor":36,"key":"Fire Potion"},{"floor":44,"key":"EntropicBrew"},{"floor":45,"key":"Dexterity Potion"}],"is_trial":false,"path_per_floor":["M","M","?","M","M","R","?","E","T","R","M","R","M","$","R","B",null,"M","M","M","$","M","R","E","R","T","R","M","T","E","M","R","B",null,"M","M","$","?","?","R","T","R","T","M","E","R","M","E","R","B"],"character_chosen":"THE_SILENT","items_purchased":["Oddly Smooth Stone","Sadistic Nature","Regal Pillow","Snake Skull"],"campfire_rested":8,"item_purchase_floors":[14,21,21,37],"current_hp_per_floor":[55,50,39,39,25,44,44,42,42,42,41,41,31,31,50,28,57,57,57,57,57,25,59,33,33,33,66,57,57,48,40,66,53,63,55,45,45,45,45,66,66,66,66,53,9,43,42,20,54,0],"gold":171,"neow_bonus":"RANDOM_COMMON_RELIC","is_prod":false,"is_daily":false,"chose_seed":false,"campfire_upgraded":4,"win_rate":0,"timestamp":1551503602,"path_taken":["M","M","?","M","M","R","?","E","T","R","M","R","M","$","R","BOSS","M","M","M","$","M","R","E","R","T","R","M","?","E","M","R","BOSS","M","M","$","?","?","R","?","R","T","M","E","R","M","E","R","BOSS"],"build_version":"2019-01-23","purchased_purges":1,"victory":false,"max_hp_per_floor":[66,66,66,66,66,66,66,66,66,66,66,66,66,66,66,66,66,66,66,66,66,66,66,66,66,66,66,66,66,66,66,66,66,66,66,66,66,66,66,66,66,66,66,66,66,66,66,66,66,66],"card_choices":[{"not_picked":["Masterful Stab","Slice"],"picked":"Backflip","floor":1},{"not_picked":["Dodge and Roll","Poisoned Stab"],"picked":"Footwork","floor":2},{"not_picked":["Blade Dance","PiercingWail"],"picked":"Dagger Spray","floor":4},{"not_picked":["Blur","Bane"],"picked":"Noxious Fumes","floor":5},{"not_picked":["Quick Slash","Outmaneuver"],"picked":"Die Die Die","floor":8},{"not_picked":["Reflex","Bane"],"picked":"Flying Knee","floor":11},{"not_picked":["Predator","Terror"],"picked":"Well Laid Plans","floor":13},{"not_picked":["Burst","Tools of the Trade"],"picked":"Envenom","floor":16},{"not_picked":["Prepared","Deflect"],"picked":"Dagger Throw","floor":18},{"not_picked":["Acrobatics","Flying Knee"],"picked":"Bane","floor":19},{"not_picked":["Slice","Catalyst"],"picked":"Skewer","floor":20},{"not_picked":["Sucker Punch+1","Acrobatics"],"picked":"Dodge and Roll","floor":22},{"not_picked":["Prepared","Sucker Punch"],"picked":"Envenom","floor":24},{"not_picked":["Underhanded Strike","Bane","Acrobatics+1"],"picked":"SKIP","floor":28},{"not_picked":["Setup+1","Infinite Blades"],"picked":"Caltrops","floor":30},{"not_picked":["Slice","Acrobatics"],"picked":"Dagger Spray","floor":31},{"not_picked":["Flying Knee","Dagger Throw"],"picked":"Dodge and Roll","floor":31},{"not_picked":["Doppelganger","Glass Knife"],"picked":"Tools of the Trade","floor":33},{"not_picked":["Dodge and Roll","Poisoned Stab","Slice"],"picked":"SKIP","floor":35},{"not_picked":["Outmaneuver","Masterful Stab","Blade Dance"],"picked":"SKIP","floor":35},{"not_picked":["Underhanded Strike","Dagger Throw+1"],"picked":"Caltrops","floor":36},{"not_picked":["Terror","Caltrops"],"picked":"Choke+1","floor":36},{"not_picked":["Madness","Flash of Steel"],"picked":"Mind Blast","floor":38},{"not_picked":["Glass Knife","Acrobatics","Dodge and Roll"],"picked":"SKIP","floor":44},{"not_picked":["Cloak And Dagger","Dagger Spray","Deadly Poison"],"picked":"SKIP","floor":44},{"not_picked":["Footwork","PiercingWail"],"picked":"Tactician","floor":45},{"not_picked":["Sucker Punch+1","Poisoned Stab+1"],"picked":"Caltrops+1","floor":47},{"not_picked":["Masterful Stab","Dagger Spray"],"picked":"Deflect","floor":47},{"not_picked":["Blade Dance","Dagger Spray"],"picked":"Crippling Poison","floor":48}],"player_experience":1311113,"relics_obtained":[{"floor":8,"key":"Old Coin"},{"floor":9,"key":"Torii"},{"floor":24,"key":"Mummified Hand"},{"floor":26,"key":"Orichalcum"},{"floor":29,"key":"Tough Bandages"},{"floor":30,"key":"Prayer Wheel"},{"floor":41,"key":"Lantern"},{"floor":43,"key":"Centennial Puzzle"},{"floor":45,"key":"Art of War"},{"floor":48,"key":"Paper Crane"}],"event_choices":[{"damage_healed":0,"gold_gain":0,"player_choice":"Success","damage_taken":11,"relics_obtained":["Pocketwatch"],"max_hp_gain":0,"max_hp_loss":0,"event_name":"Scrap Ooze","floor":3,"gold_loss":0},{"cards_removed":["Strike_G"],"damage_healed":0,"gold_gain":0,"player_choice":"Offered Basic","damage_taken":0,"max_hp_gain":0,"max_hp_loss":0,"event_name":"Bonfire Elementals","floor":7,"gold_loss":0},{"damage_healed":0,"gold_gain":0,"player_choice":"Memory 1","damage_taken":0,"max_hp_gain":0,"max_hp_loss":0,"event_name":"SensoryStone","floor":38,"gold_loss":0},{"damage_healed":0,"gold_gain":0,"player_choice":"Paid","damage_taken":0,"relics_obtained":["Red Mask"],"max_hp_gain":0,"max_hp_loss":0,"event_name":"Tomb of Lord Red Mask","floor":39,"gold_loss":136}],"is_beta":false,"boss_relics":[{"not_picked":["Empty Cage","Ectoplasm"],"picked":"Pandora\u0027s Box"},{"not_picked":["Astrolabe","Ring of the Serpent"],"picked":"Lizard Tail"}],"items_purged_floors":[14],"is_endless":false,"potions_floor_spawned":[1,2,5,8,18,22,24,30,31,36,44,45,47],"killed_by":"Awakened One","ascension_level":16}