{"gold_per_floor":[119,138,154,166,180,180,200,200,227,237,37,64,64,84,84,160,160,174,188,188,21,35,35,52,52,76,76,76],"floor_reached":28,"playtime":1826,"items_purged":["Strike_R"],"score":437,"play_id":"ea6489a5-19fd-4950-9cfb-04a9236edb38","local_time":"20190227214020","is_ascension_mode":true,"campfire_choices":[{"data":"True Grit","floor":6,"key":"SMITH"},{"floor":8,"key":"REST"},{"data":"Armaments","floor":13,"key":"SMITH"},{"data":"Pommel Strike","floor":15,"key":"SMITH"},{"floor":23,"key":"REST"},{"floor":25,"key":"REST"}],"neow_cost":"NONE","seed_source_timestamp":442073813578198,"circlet_count":0,"master_deck":["AscendersBane","Strike_R","Strike_R","Strike_R","Defend_R","Defend_R","Defend_R","Defend_R","Bash","Reckless Charge","Anger","True Grit+1","Dark Embrace","Pommel Strike+1","Flex","Armaments+1","Impervious","Heavy Blade+1","Spot Weakness","Dark Shackles","Body Slam+1","Second Wind","Clumsy","Flex"],"relics":["Burning Blood","Pen Nib","Happy Flower","Oddly Smooth Stone","Bottled Lightning","Cursed Key","Art of War"],"potions_floor_usage":[4,10,12,12,19],"damage_taken":[{"damage":7,"enemies":"Cultist","floor":1,"turns":4},{"damage":9,"enemies":"Jaw Worm","floor":2,"turns":3},{"damage":0,"enemies":"Small Slimes","floor":3,"turns":3},{"damage":1,"enemies":"Exordium Thugs","floor":4,"turns":3},{"damage":11,"enemies":"3 Louse","floor":5,"turns":3},{"damage":29,"enemies":"Gremlin Gang","floor":7,"turns":6},{"damage":1,"enemies":"2 Fungi Beasts","floor":10,"turns":4},{"damage":8,"enemies":"Lagavulin","floor":12,"turns":4},{"damage":1,"enemies":"3 Louse","floor":14,"turns":4},{"damage":55,"enemies":"Slime Boss","floor":16,"turns":9},{"damage":32,"enemies":"3 Byrds","floor":18,"turns":8},{"damage":14,"enemies":"2 Thieves","floor":19,"turns":4},{"damage":24,"enemies":"Colosseum Slavers","floor":20,"turns":3},{"damage":0,"enemies":"Snake Plant","floor":22,"turns":5},{"damage":39,"enemies":"Chosen and Byrds","floor":24,"turns":6},{"damage":38,"enemies":"3 Cultists","floor":28,"turns":4}],"seed_played":"-6509479545247198784","potions_obtained":[{"floor":3,"key":"SteroidPotion"},{"floor":4,"key":"FearPotion"},{"floor":7,"key":"Ancient Potion"},{"floor":10,"key":"AttackPotion"},{"floor":19,"key":"Fruit Juice"}],"is_trial":false,"path_per_floor":["M","M","M","M","M","R","M","R","T","M","$","E","R","M","R","B",null,"M","M","?","$","M","R","M","R","T","?","M"],"character_chosen":"IRONCLAD","items_purchased":["Oddly Smooth Stone","Flex","Dark Shackles"],"campfire_rested":3,"item_purchase_floors":[11,11,21],"current_hp_per_floor":[67,64,70,75,70,70,47,69,69,74,74,72,72,75,75,26,63,37,34,16,16,22,46,13,37,37,37,0],"gold":76,"neow_bonus":"RANDOM_COMMON_RELIC","is_prod":false,"is_daily":false,"chose_seed":false,"campfire_upgraded":3,"win_rate":0,"timestamp":1551328820,"path_taken":["M","M","M","M","M","R","M","R","T","?","$","E","R","M","R","BOSS","M","M","?","$","M","R","M","R","T","?","M"],"build_version":"2019-01-23","purchased_purges":1,"victory":false,"max_hp_per_floor":[75,75,75,75,75,75,75,75,75,75,75,75,75,75,75,75,75,75,80,80,80,80,80,80,80,80,80,80],"card_choices":[{"not_picked":["Wild Strike","Iron Wave"],"picked":"Reckless Charge","floor":1},{"not_picked":["Warcry","Perfected Strike"],"picked":"Anger","floor":2},{"not_picked":["Heavy Blade","Sever Soul","Perfected Strike"],"picked":"SKIP","floor":3},{"not_picked":["Metallicize","Perfected Strike"],"picked":"True Grit","floor":4},{"not_picked":["Twin Strike","Perfected Strike","Clothesline"],"picked":"SKIP","floor":5},{"not_picked":["Hemokinesis","Shrug It Off"],"picked":"Dark Embrace","floor":7},{"not_picked":["Warcry","True Grit"],"picked":"Pommel Strike","floor":10},{"not_picked":["Wild Strike","Warcry"],"picked":"Armaments","floor":12},{"not_picked":["Entrench","Bloodletting","Wild Strike"],"picked":"SKIP","floor":14},{"not_picked":["Double Tap","Reaper"],"picked":"Impervious","floor":16},{"not_picked":["Rupture","Infernal Blade"],"picked":"Heavy Blade+1","floor":18},{"not_picked":["Perfected Strike","Iron Wave"],"picked":"Spot Weakness","floor":19},{"not_picked":["Anger","Perfected Strike"],"picked":"Body Slam+1","floor":22},{"not_picked":["Ghostly Armor","Armaments"],"picked":"Second Wind","floor":24}],"player_experience":1284683,"relics_obtained":[{"floor":9,"key":"Happy Flower"},{"floor":12,"key":"Bottled Lightning"},{"floor":26,"key":"Art of War"}],"event_choices":[{"damage_healed":0,"gold_gain":0,"player_choice":"Fight","damage_taken":0,"max_hp_gain":0,"max_hp_loss":0,"event_name":"Colosseum","floor":20,"gold_loss":0},{"damage_healed":0,"gold_gain":0,"player_choice":"Fled From Nobs","damage_taken":0,"max_hp_gain":0,"max_hp_loss":0,"event_name":"Colosseum","floor":20,"gold_loss":0},{"damage_healed":0,"gold_gain":0,"cards_transformed":["Pain","Strike_R"],"player_choice":"Became Test Subject","damage_taken":0,"max_hp_gain":0,"max_hp_loss":0,"event_name":"Drug Dealer","floor":27,"gold_loss":0,"cards_obtained":["Clumsy","Flex"]}],"is_beta":false,"boss_relics":[{"not_picked":["Fusion Hammer","Coffee Dripper"],"picked":"Cursed Key"}],"items_purged_floors":[21],"is_endless":false,"potions_floor_spawned":[3,4,7,10,19,20],"killed_by":"3 Cultists","ascension_level":19}