{"gold_per_floor":[119,26,26,40,40,40,40,69,69,69,82,114,114,129,129,228,228,247,267,267,267,267],"floor_reached":22,"playtime":972,"items_purged":[],"score":239,"play_id":"9bb43bd7-6670-4943-9df2-9f1ee01a272f","local_time":"20190108201854","is_ascension_mode":true,"campfire_choices":[{"data":"Zap","floor":6,"key":"SMITH"},{"data":"Chaos","floor":10,"key":"SMITH"},{"data":"Defragment","floor":13,"key":"SMITH"},{"data":"Loop","floor":15,"key":"SMITH"}],"neow_cost":"NONE","seed_source_timestamp":971799845232247,"circlet_count":0,"master_deck":["Strike_B","Strike_B","Strike_B","Strike_B","Defend_B","Defend_B","Defend_B","Defend_B","Zap+1","Dualcast","Leap","Self Repair","Coolheaded+1","Lockon","Chaos+1","Defragment+1","Loop+1","Machine Learning","Reprogram","Glacier"],"relics":["Cracked Core","NeowsBlessing","Calipers","Gambling Chip","Ornamental Fan","Boot","Velvet Choker"],"potions_floor_usage":[12,22],"damage_taken":[{"damage":0,"enemies":"Small Slimes","floor":1,"turns":1},{"damage":0,"enemies":"Cultist","floor":4,"turns":1},{"damage":0,"enemies":"3 Sentries","floor":8,"turns":1},{"damage":0,"enemies":"2 Louse","floor":11,"turns":2},{"damage":3,"enemies":"Gremlin Nob","floor":12,"turns":3},{"damage":9,"enemies":"Blue Slaver","floor":14,"turns":3},{"damage":22,"enemies":"The Guardian","floor":16,"turns":6},{"damage":8,"enemies":"3 Byrds","floor":18,"turns":5},{"damage":40,"enemies":"2 Thieves","floor":19,"turns":3},{"damage":9,"enemies":"3 Cultists","floor":22,"turns":3}],"seed_played":"7449143805663460731","potions_obtained":[{"floor":1,"key":"Ancient Potion"},{"floor":11,"key":"SteroidPotion"},{"floor":12,"key":"Dexterity Potion"},{"floor":14,"key":"PowerPotion"},{"floor":19,"key":"EssenceOfSteel"}],"is_trial":false,"path_per_floor":["M","$","?","M","$","R","?","E","T","R","M","E","R","M","R","B",null,"M","M","?","?","M"],"character_chosen":"DEFECT","items_purchased":["Self Repair","Coolheaded"],"campfire_rested":0,"item_purchase_floors":[2,2],"current_hp_per_floor":[75,75,75,75,75,75,63,63,63,63,63,67,67,65,65,43,75,74,34,18,43,34],"gold":267,"neow_bonus":"THREE_ENEMY_KILL","is_prod":false,"is_daily":false,"chose_seed":false,"campfire_upgraded":4,"win_rate":0,"timestamp":1546993134,"path_taken":["M","$","?","?","$","R","?","E","T","R","M","E","R","M","R","BOSS","M","M","?","?","M"],"build_version":"2019-01-03v4","purchased_purges":0,"victory":false,"max_hp_per_floor":[75,75,75,75,75,75,75,75,75,75,75,75,75,75,75,75,75,75,75,75,75,75],"card_choices":[{"not_picked":["White Noise","Go for the Eyes"],"picked":"Leap","floor":1},{"not_picked":["Sweeping Beam","Hyperbeam"],"picked":"Lockon","floor":4},{"not_picked":["Reboot","Stack"],"picked":"Chaos","floor":8},{"not_picked":["Rip and Tear","Consume"],"picked":"Defragment","floor":11},{"not_picked":["Storm","Doom and Gloom"],"picked":"Loop","floor":12},{"not_picked":["Go for the Eyes","Scrape","Sweeping Beam"],"picked":"SKIP","floor":14},{"not_picked":["Fission","Biased Cognition"],"picked":"Machine Learning","floor":16},{"not_picked":["Lockon","Double Energy"],"picked":"Reprogram","floor":18},{"not_picked":["Skim","White Noise"],"picked":"Glacier","floor":19}],"player_experience":145330,"relics_obtained":[{"floor":8,"key":"Gambling Chip"},{"floor":9,"key":"Ornamental Fan"},{"floor":12,"key":"Boot"}],"event_choices":[{"damage_healed":0,"gold_gain":0,"player_choice":"Upgraded","damage_taken":0,"max_hp_gain":0,"max_hp_loss":0,"event_name":"Upgrade Shrine","floor":3,"gold_loss":0,"cards_upgraded":["Coolheaded"]},{"damage_healed":0,"gold_gain":0,"player_choice":"Success","damage_taken":12,"relics_obtained":["Calipers"],"max_hp_gain":0,"max_hp_loss":0,"event_name":"Scrap Ooze","floor":7,"gold_loss":0},{"damage_healed":0,"gold_gain":0,"player_choice":"Obtained Book","damage_taken":16,"max_hp_gain":0,"max_hp_loss":0,"event_name":"Cursed Tome","floor":20,"gold_loss":0},{"damage_healed":25,"gold_gain":0,"player_choice":"Heal","damage_taken":0,"max_hp_gain":0,"max_hp_loss":0,"event_name":"The Library","floor":21,"gold_loss":0}],"is_beta":false,"boss_relics":[{"not_picked":["Black Star","Sozu"],"picked":"Velvet Choker"}],"items_purged_floors":[],"is_endless":false,"potions_floor_spawned":[1,11,12,14,19],"killed_by":"3 Cultists","ascension_level":2}