{"gold_per_floor":[109,109,109,34,34,67,90,123,123,123,143,143,156,190,190,286,286,306,325,4,4],"floor_reached":21,"playtime":1225,"items_purged":["Strike_G","Strike_G"],"score":389,"play_id":"88ea1f69-453b-41b5-a951-e00bb4934fce","local_time":"20190211231843","is_ascension_mode":true,"campfire_choices":[{"floor":10,"key":"REST"},{"floor":12,"key":"REST"},{"floor":15,"key":"REST"}],"neow_cost":"NONE","seed_source_timestamp":2089736084053318,"circlet_count":0,"master_deck":["AscendersBane","Defend_G","Defend_G","Defend_G","Defend_G","Defend_G","Strike_G","Survivor","Neutralize","Poisoned Stab","After Image","Choke","Caltrops","Bouncing Flask","Flying Knee","Outmaneuver","A Thousand Cuts","Predator","Well Laid Plans","Footwork"],"relics":["Ring of the Snake","NeowsBlessing","Golden Idol","Mummified Hand","Question Card","Blue Candle","Bottled Lightning","Cursed Key","Bronze Scales"],"potions_floor_usage":[8,16,18],"damage_taken":[{"damage":0,"enemies":"Small Slimes","floor":1,"turns":1},{"damage":0,"enemies":"3 Sentries","floor":6,"turns":1},{"damage":0,"enemies":"2 Louse","floor":7,"turns":1},{"damage":37,"enemies":"Lagavulin","floor":8,"turns":6},{"damage":4,"enemies":"Jaw Worm","floor":11,"turns":4},{"damage":3,"enemies":"Red Slaver","floor":13,"turns":4},{"damage":22,"enemies":"3 Sentries","floor":14,"turns":7},{"damage":16,"enemies":"Hexaghost","floor":16,"turns":9},{"damage":2,"enemies":"Chosen","floor":18,"turns":5},{"damage":33,"enemies":"3 Byrds","floor":19,"turns":5},{"damage":20,"enemies":"Cultist and Chosen","floor":21,"turns":3}],"seed_played":"-3523260212618200969","potions_obtained":[{"floor":7,"key":"AttackPotion"},{"floor":11,"key":"Swift Potion"},{"floor":16,"key":"Swift Potion"}],"is_trial":false,"path_per_floor":["M","?","?","$","?","E","M","E","T","R","M","R","M","E","R","B",null,"M","M","$","M"],"character_chosen":"THE_SILENT","items_purchased":["Bronze Scales","Footwork"],"campfire_rested":3,"item_purchase_floors":[20,20],"current_hp_per_floor":[59,59,59,59,52,52,52,15,15,33,29,47,44,22,40,24,51,49,16,16,0],"gold":4,"neow_bonus":"THREE_ENEMY_KILL","is_prod":false,"is_daily":false,"chose_seed":false,"campfire_upgraded":0,"win_rate":0,"timestamp":1549952323,"path_taken":["M","?","?","$","?","E","M","E","T","R","M","R","?","E","R","BOSS","M","M","$","M"],"build_version":"2019-01-23","purchased_purges":2,"victory":false,"max_hp_per_floor":[66,60,60,60,60,60,60,60,60,60,60,60,60,60,60,60,60,60,60,60,60],"card_choices":[{"not_picked":["Dagger Throw","Acrobatics"],"picked":"Poisoned Stab","floor":1},{"not_picked":["Deflect","Accuracy"],"picked":"After Image","floor":6},{"not_picked":["Eviscerate","Dagger Throw"],"picked":"Choke","floor":7},{"not_picked":["Flying Knee","Acrobatics"],"picked":"Caltrops","floor":8},{"not_picked":["Predator","Endless Agony","Dodge and Roll"],"picked":"Bouncing Flask","floor":11},{"not_picked":["Acrobatics","Prepared","Underhanded Strike"],"picked":"Flying Knee","floor":13},{"not_picked":["Heel Hook","Slice","Cloak And Dagger"],"picked":"Outmaneuver","floor":14},{"not_picked":["Burst","Malaise","Grand Finale"],"picked":"A Thousand Cuts","floor":16},{"not_picked":["Backflip","PiercingWail","Bane"],"picked":"Predator","floor":18},{"not_picked":["Flying Knee","Bane","Outmaneuver"],"picked":"Well Laid Plans","floor":19}],"player_experience":1080610,"relics_obtained":[{"floor":6,"key":"Mummified Hand"},{"floor":8,"key":"Question Card"},{"floor":9,"key":"Blue Candle"},{"floor":14,"key":"Bottled Lightning"}],"event_choices":[{"damage_healed":0,"gold_gain":0,"player_choice":"Lose Max HP","damage_taken":0,"relics_obtained":["Golden Idol"],"max_hp_gain":0,"max_hp_loss":6,"event_name":"Golden Idol","floor":2,"gold_loss":0},{"cards_removed":["Strike_G"],"damage_healed":0,"gold_gain":0,"player_choice":"Forget","damage_taken":0,"max_hp_gain":0,"max_hp_loss":0,"event_name":"Living Wall","floor":3,"gold_loss":0},{"cards_removed":["Strike_G"],"damage_healed":0,"gold_gain":0,"player_choice":"Card Removal","damage_taken":7,"max_hp_gain":0,"max_hp_loss":0,"event_name":"Golden Wing","floor":5,"gold_loss":0}],"is_beta":false,"boss_relics":[{"not_picked":["Runic Pyramid","White Beast Statue"],"picked":"Cursed Key"}],"items_purged_floors":[4,20],"is_endless":false,"potions_floor_spawned":[7,11,16],"killed_by":"Cultist and Chosen","ascension_level":15}