{"gold_per_floor":[115,40,60,79,95,95,124,142,142,158,158,176,190,202,202,278,278,294,219,232,248,248,248,33,49,74,74,74,74,90,107,107,107],"floor_reached":33,"playtime":2375,"items_purged":["Strike_G"],"score":484,"play_id":"8c0f5549-1e60-4094-aa34-325d6f1a1a41","local_time":"20190216211904","is_ascension_mode":true,"campfire_choices":[{"floor":6,"key":"RECALL"},{"floor":11,"key":"REST"},{"floor":15,"key":"REST"},{"floor":23,"key":"REST"},{"floor":27,"key":"REST"},{"floor":32,"key":"REST"}],"neow_cost":"NONE","seed_source_timestamp":102993622824774,"circlet_count":0,"master_deck":["AscendersBane","Defend_G","Defend_G","Defend_G","Defend_G","Defend_G","Strike_G","Strike_G","Survivor","Neutralize","Accuracy","Flying Knee","Blade Dance","Blade Dance","Slice","Leg Sweep","PiercingWail","Blade Dance","Adrenaline","Footwork","Distraction","Blade Dance+1","J.A.X.","Mayhem","Cloak And Dagger","Leg Sweep","Dodge and Roll"],"relics":["Ring of the Snake","NeowsBlessing","Strawberry","Fusion Hammer","Art of War"],"potions_floor_usage":[7,12,16,16,16,16,21,25,33],"damage_taken":[{"damage":0,"enemies":"Cultist","floor":1,"turns":1},{"damage":0,"enemies":"Small Slimes","floor":3,"turns":1},{"damage":0,"enemies":"2 Louse","floor":4,"turns":1},{"damage":3,"enemies":"Blue Slaver","floor":5,"turns":5},{"damage":39,"enemies":"3 Sentries","floor":7,"turns":15},{"damage":10,"enemies":"Gremlin Gang","floor":8,"turns":4},{"damage":3,"enemies":"Looter","floor":10,"turns":3},{"damage":13,"enemies":"Exordium Thugs","floor":12,"turns":6},{"damage":3,"enemies":"2 Fungi Beasts","floor":13,"turns":3},{"damage":10,"enemies":"Gremlin Gang","floor":14,"turns":6},{"damage":23,"enemies":"The Guardian","floor":16,"turns":13},{"damage":14,"enemies":"Chosen","floor":18,"turns":6},{"damage":2,"enemies":"Shell Parasite","floor":20,"turns":7},{"damage":23,"enemies":"Centurion and Healer","floor":21,"turns":12},{"damage":15,"enemies":"Cultist and Chosen","floor":25,"turns":4},{"damage":21,"enemies":"Snecko","floor":30,"turns":6},{"damage":26,"enemies":"Snake Plant","floor":31,"turns":8},{"damage":62,"enemies":"Automaton","floor":33,"turns":6}],"seed_played":"1944497742067786620","potions_obtained":[{"floor":1,"key":"Poison Potion"},{"floor":5,"key":"Energy Potion"},{"floor":7,"key":"Swift Potion"},{"floor":12,"key":"EntropicBrew"},{"floor":14,"key":"Fire Potion"},{"floor":20,"key":"Regen Potion"},{"floor":21,"key":"FearPotion"},{"floor":30,"key":"GhostInAJar"}],"is_trial":false,"path_per_floor":["M","$","M","M","M","R","E","M","T","M","R","M","M","M","R","B",null,"M","?","M","M","?","R","$","M","T","R","?","$","M","M","R","B"],"character_chosen":"THE_SILENT","items_purchased":["Mayhem"],"campfire_rested":5,"item_purchase_floors":[24],"current_hp_per_floor":[59,59,59,59,56,56,24,14,14,11,32,19,16,6,27,4,56,42,42,40,32,32,53,53,38,38,59,59,59,38,12,33,0],"gold":107,"neow_bonus":"THREE_ENEMY_KILL","is_prod":false,"is_daily":false,"chose_seed":false,"campfire_upgraded":0,"win_rate":0,"timestamp":1550377144,"path_taken":["M","?","M","?","M","R","E","M","T","M","R","M","M","M","R","BOSS","M","?","M","M","?","R","$","M","T","R","?","$","?","M","R","BOSS"],"build_version":"2019-01-23","purchased_purges":1,"victory":false,"max_hp_per_floor":[66,66,66,66,66,66,73,73,73,73,73,73,73,73,73,73,73,73,73,73,73,73,73,73,73,73,73,73,73,73,73,73,73],"card_choices":[{"not_picked":["Predator","Dagger Throw"],"picked":"Accuracy","floor":1},{"not_picked":["PiercingWail","Sucker Punch","Outmaneuver"],"picked":"SKIP","floor":3},{"not_picked":["Catalyst","Bouncing Flask"],"picked":"Flying Knee","floor":4},{"not_picked":["Distraction","Poisoned Stab"],"picked":"Blade Dance","floor":5},{"not_picked":["Night Terror","Tools of the Trade"],"picked":"Blade Dance","floor":7},{"not_picked":["Bane","Dagger Throw"],"picked":"Slice","floor":8},{"not_picked":["Reflex","Sucker Punch"],"picked":"Leg Sweep","floor":10},{"not_picked":["PiercingWail","Riddle With Holes","Acrobatics"],"picked":"SKIP","floor":12},{"not_picked":["Flying Knee","Deadly Poison"],"picked":"PiercingWail","floor":13},{"not_picked":["Dagger Spray","Endless Agony"],"picked":"Blade Dance","floor":14},{"not_picked":["Wraith Form v2","Phantasmal Killer"],"picked":"Adrenaline","floor":16},{"not_picked":["Dagger Spray","Deadly Poison"],"picked":"Footwork","floor":18},{"not_picked":["Escape Plan","PiercingWail"],"picked":"Distraction","floor":20},{"not_picked":["Bouncing Flask","Deflect"],"picked":"Blade Dance+1","floor":21},{"not_picked":["Slice","Underhanded Strike"],"picked":"Cloak And Dagger","floor":25},{"not_picked":["Quick Slash","Tactician"],"picked":"Leg Sweep","floor":30},{"not_picked":["Sucker Punch","Dagger Throw"],"picked":"Dodge and Roll","floor":31}],"player_experience":1112611,"relics_obtained":[{"floor":7,"key":"Strawberry"},{"floor":26,"key":"Art of War"}],"event_choices":[{"cards_removed":["Strike_G"],"damage_healed":0,"gold_gain":0,"player_choice":"Gave Gold","damage_taken":0,"max_hp_gain":0,"max_hp_loss":0,"event_name":"Beggar","floor":19,"gold_loss":75},{"damage_healed":0,"gold_gain":0,"player_choice":"Obtain J.A.X.","damage_taken":0,"max_hp_gain":0,"max_hp_loss":0,"event_name":"Drug Dealer","floor":22,"gold_loss":0,"cards_obtained":["J.A.X."]},{"cards_removed":["Strike_G"],"damage_healed":0,"gold_gain":0,"player_choice":"Offered Basic","damage_taken":0,"max_hp_gain":0,"max_hp_loss":0,"event_name":"Bonfire Elementals","floor":28,"gold_loss":0}],"is_beta":false,"boss_relics":[{"not_picked":["Lizard Tail","Coffee Dripper"],"picked":"Fusion Hammer"}],"items_purged_floors":[2],"is_endless":false,"potions_floor_spawned":[1,5,7,12,14,20,21,30],"killed_by":"Automaton","ascension_level":16}