{"gold_per_floor":[115,115,133,145,45,75,105,105,105,118,118,181,181,211,211,315,315,325,325,337,337,83,112,125,125,125,53,87,99,122,148,160,277,289,320,387,419,431,453,493,505,550,613,7,39,39,58,70,70,70,70,70,22,52,52],"floor_reached":55,"playtime":6246,"items_purged":["Strike_G","Strike_G","Strike_G"],"score":803,"play_id":"1db44729-4daf-44f6-8fc2-901c1439050d","local_time":"20190316132849","is_ascension_mode":false,"campfire_choices":[{"floor":8.0,"key":"REST"},{"data":"Backflip","floor":11.0,"key":"SMITH"},{"floor":13.0,"key":"REST"},{"floor":15.0,"key":"RECALL"},{"data":"Bouncing Flask","floor":25.0,"key":"SMITH"},{"floor":32.0,"key":"REST"},{"floor":41.0,"key":"REST"},{"floor":49.0,"key":"REST"},{"data":"After Image","floor":52.0,"key":"SMITH"}],"neow_cost":"NONE","seed_source_timestamp":0,"circlet_count":0,"master_deck":["Defend_G","Defend_G","Defend_G","Defend_G","Strike_G","Survivor","Neutralize+1","Grand Finale","Poisoned Stab","Acrobatics","Backflip+1","Dagger Throw","Bouncing Flask+1","Underhanded Strike","Caltrops+1","Dagger Spray","Noxious Fumes","Leg Sweep","Predator","Underhanded Strike+1","Calculated Gamble","Prepared+1","Underhanded Strike+1","PiercingWail+1","Footwork","Footwork","After Image+1","Footwork","Deflect"],"special_seed":0,"relics":["Ring of the Snake","Bottled Flame","Odd Mushroom","Shuriken","Tiny Chest","Paper Crane","Velvet Choker","Bag of Preparation","Meat on the Bone","Mango","MawBank","Oddly Smooth Stone","Pocketwatch","Omamori","Question Card","DollysMirror","Sundial","Kunai","Nunchaku"],"potions_floor_usage":[55,55],"damage_taken":[{"damage":7.0,"enemies":"2 Louse","floor":1.0,"turns":3.0},{"damage":1.0,"enemies":"Cultist","floor":3.0,"turns":4.0},{"damage":1.0,"enemies":"Small Slimes","floor":4.0,"turns":4.0},{"damage":7.0,"enemies":"Lagavulin","floor":6.0,"turns":6.0},{"damage":13.0,"enemies":"The Mushroom Lair","floor":7.0,"turns":3.0},{"damage":9.0,"enemies":"3 Louse","floor":10.0,"turns":4.0},{"damage":36.0,"enemies":"Gremlin Nob","floor":12.0,"turns":5.0},{"damage":25.0,"enemies":"Hexaghost","floor":16.0,"turns":12.0},{"damage":6.0,"enemies":"3 Byrds","floor":18.0,"turns":7.0},{"damage":0.0,"enemies":"Chosen","floor":20.0,"turns":4.0},{"damage":0.0,"enemies":"Book of Stabbing","floor":23.0,"turns":6.0},{"damage":11.0,"enemies":"3 Cultists","floor":24.0,"turns":5.0},{"damage":35.0,"enemies":"Slavers","floor":28.0,"turns":4.0},{"damage":9.0,"enemies":"Centurion and Healer","floor":30.0,"turns":5.0},{"damage":4.0,"enemies":"Cultist and Chosen","floor":31.0,"turns":5.0},{"damage":56.0,"enemies":"Automaton","floor":33.0,"turns":11.0},{"damage":0.0,"enemies":"3 Shapes","floor":35.0,"turns":5.0},{"damage":44.0,"enemies":"2 Orb Walkers","floor":36.0,"turns":7.0},{"damage":2.0,"enemies":"Orb Walker","floor":37.0,"turns":4.0},{"damage":1.0,"enemies":"Spire Growth","floor":39.0,"turns":6.0},{"damage":52.0,"enemies":"Giant Head","floor":40.0,"turns":10.0},{"damage":37.0,"enemies":"Reptomancer","floor":42.0,"turns":8.0},{"damage":2.0,"enemies":"Nemesis","floor":45.0,"turns":7.0},{"damage":3.0,"enemies":"4 Shapes","floor":47.0,"turns":6.0},{"damage":3.0,"enemies":"Jaw Worm Horde","floor":48.0,"turns":6.0},{"damage":73.0,"enemies":"Donu and Deca","floor":50.0,"turns":13.0},{"damage":49.0,"enemies":"Shield and Spear","floor":54.0,"turns":12.0},{"damage":66,"enemies":"The Heart","floor":55,"turns":15}],"seed_played":"2801662521361227126","potions_obtained":[{"floor":1.0,"key":"Dexterity Potion"},{"floor":3.0,"key":"Dexterity Potion"},{"floor":4.0,"key":"GamblersBrew"},{"floor":12.0,"key":"GhostInAJar"},{"floor":18.0,"key":"EssenceOfSteel"},{"floor":24.0,"key":"FairyPotion"},{"floor":28.0,"key":"GamblersBrew"},{"floor":37.0,"key":"Regen Potion"},{"floor":40.0,"key":"FearPotion"},{"floor":45.0,"key":"SpeedPotion"}],"is_trial":false,"path_per_floor":["M","?","M","M","$","E","?","R","T","M","R","E","R","?","R","B",null,"M","?","M","?","$","E","M","R","T","$","E","T","M","M","R","B",null,"M","?","M","?","M","E","R","E","T","$","E","?","M","M","R","B",null,"R","$","E","B"],"character_chosen":"THE_SILENT","items_purchased":["Dagger Throw","Bag of Preparation","Noxious Fumes","Footwork","DollysMirror","Sundial","Weak Potion"],"campfire_rested":5,"item_purchase_floors":[5,22,27,44,44,44,53],"current_hp_per_floor":[63,63,62,61,61,54,41,62,62,53,53,17,38,38,38,13,70,64,64,64,64,64,64,53,53,67,67,44,44,47,43,68,24,84,84,52,50,50,64,24,49,24,24,24,34,34,43,52,77,16,84,84,84,47,0],"gold":52,"neow_bonus":"TRANSFORM_CARD","is_prod":false,"is_daily":false,"chose_seed":false,"campfire_upgraded":3,"win_rate":0,"timestamp":1552710529,"path_taken":["M","?","M","?","$","E","?","R","T","M","R","E","R","?","R","BOSS","M","?","M","?","$","E","M","R","T","?","E","?","?","M","R","BOSS","M","?","M","?","?","E","R","E","T","$","E","?","?","M","R","BOSS","R","$","E","BOSS"],"build_version":"2019-01-23","purchased_purges":3,"victory":false,"max_hp_per_floor":[70,70,70,70,70,70,70,70,70,70,70,70,70,70,70,70,70,70,70,70,70,70,70,70,70,84,84,84,84,84,84,84,84,84,84,84,84,84,84,84,84,84,84,84,84,84,84,84,84,84,84,84,84,84,84],"card_choices":[{"not_picked":["Setup","Bane"],"picked":"Poisoned Stab","floor":1.0},{"not_picked":["Expertise","Sucker Punch","Cloak And Dagger"],"picked":"SKIP","floor":3.0},{"not_picked":["Outmaneuver","Setup"],"picked":"Backflip","floor":4.0},{"not_picked":["Poisoned Stab","Flying Knee","Quick Slash"],"picked":"SKIP","floor":6.0},{"not_picked":["Crippling Poison","Distraction","Flying Knee"],"picked":"SKIP","floor":10.0},{"not_picked":["Accuracy","Poisoned Stab","Heel Hook"],"picked":"SKIP","floor":12.0},{"not_picked":["Flying Knee","Dagger Throw+1"],"picked":"Bouncing Flask","floor":18.0},{"not_picked":["Acrobatics","Blade Dance"],"picked":"Underhanded Strike","floor":20.0},{"not_picked":["Outmaneuver","All Out Attack"],"picked":"Caltrops+1","floor":23.0},{"not_picked":["Blade Dance","Blur"],"picked":"Dagger Spray","floor":24.0},{"not_picked":["Accuracy","Masterful Stab","Blade Dance"],"picked":"SKIP","floor":28.0},{"not_picked":["Bane","Deadly Poison+1","Slice"],"picked":"SKIP","floor":30.0},{"not_picked":["PiercingWail","Bane"],"picked":"Leg Sweep","floor":31.0},{"not_picked":["Quick Slash+1","Dagger Spray"],"picked":"Predator","floor":35.0},{"not_picked":["Prepared","Concentrate"],"picked":"Underhanded Strike+1","floor":36.0},{"not_picked":["Bullet Time","Terror+1"],"picked":"Calculated Gamble","floor":37.0},{"not_picked":["PiercingWail+1","Cloak And Dagger+1"],"picked":"Prepared+1","floor":39.0},{"not_picked":["Sucker Punch","Masterful Stab"],"picked":"Underhanded Strike+1","floor":40.0},{"not_picked":["Quick Slash","Noxious Fumes"],"picked":"PiercingWail+1","floor":42.0},{"not_picked":["Dagger Spray","Skewer+1","Slice","PiercingWail"],"picked":"SKIP","floor":45.0},{"not_picked":["Outmaneuver+1","Finisher+1","Distraction+1"],"picked":"After Image","floor":47.0},{"not_picked":["Prepared","Flying Knee","Backflip+1"],"picked":"Footwork","floor":48.0},{"not_picked":["Flying Knee","Backflip+1","Crippling Poison+1"],"picked":"Deflect","floor":54.0}],"player_experience":720208,"relics_obtained":[{"floor":6.0,"key":"Bottled Flame"},{"floor":7.0,"key":"Odd Mushroom"},{"floor":9.0,"key":"Shuriken"},{"floor":12.0,"key":"Tiny Chest"},{"floor":23.0,"key":"Meat on the Bone"},{"floor":26.0,"key":"Mango"},{"floor":28.0,"key":"MawBank"},{"floor":29.0,"key":"Oddly Smooth Stone"},{"floor":36.0,"key":"Pocketwatch"},{"floor":40.0,"key":"Omamori"},{"floor":42.0,"key":"Question Card"},{"floor":45.0,"key":"Kunai"},{"floor":54.0,"key":"Nunchaku"}],"event_choices":[{"damage_healed":0.0,"max_hp_gain":0.0,"max_hp_loss":0.0,"gold_gain":0.0,"cards_transformed":["Strike_G"],"event_name":"Transmorgrifier","player_choice":"Transformed","floor":2.0,"gold_loss":0.0,"damage_taken":0.0,"cards_obtained":["Acrobatics"]},{"damage_healed":0.0,"max_hp_gain":0.0,"max_hp_loss":0.0,"gold_gain":0.0,"event_name":"Mushrooms","player_choice":"Fought Mushrooms","floor":7.0,"gold_loss":0.0,"damage_taken":0.0},{"damage_healed":0.0,"max_hp_gain":0.0,"max_hp_loss":0.0,"gold_gain":30.0,"event_name":"Dead Adventurer","player_choice":"Searched \u00272\u0027 times","floor":14.0,"gold_loss":0.0,"damage_taken":0.0,"relics_obtained":["Paper Crane"]},{"damage_healed":0.0,"max_hp_gain":0.0,"max_hp_loss":0.0,"gold_gain":0.0,"event_name":"Ghosts","player_choice":"Ignored","floor":19.0,"gold_loss":0.0,"damage_taken":0.0},{"damage_healed":0.0,"max_hp_gain":0.0,"max_hp_loss":0.0,"gold_gain":0.0,"event_name":"Accursed Blacksmith","player_choice":"Forge","floor":21.0,"gold_loss":0.0,"damage_taken":0.0,"cards_upgraded":["Neutralize"]},{"damage_healed":0.0,"max_hp_gain":0.0,"max_hp_loss":0.0,"gold_gain":0.0,"event_name":"Mysterious Sphere","player_choice":"Fight","floor":36.0,"gold_loss":0.0,"damage_taken":0.0},{"damage_healed":0.0,"max_hp_gain":0.0,"max_hp_loss":0.0,"gold_gain":0.0,"event_name":"Match and Keep!","player_choice":"0 cards matched","floor":38.0,"gold_loss":0.0,"damage_taken":0.0,"cards_obtained":[]},{"damage_healed":0.0,"max_hp_gain":0.0,"max_hp_loss":0.0,"gold_gain":0.0,"event_name":"SecretPortal","player_choice":"Ignored","floor":46.0,"gold_loss":0.0,"damage_taken":0.0}],"is_beta":false,"boss_relics":[{"not_picked":["Eternal Feather","HoveringKite"],"picked":"Velvet Choker"},{"not_picked":["Calling Bell","Philosopher\u0027s Stone","Runic Dome"]}],"items_purged_floors":[5,22,44],"is_endless":false,"potions_floor_spawned":[1,3,4,12,18,24,28,37,40,45],"killed_by":"The Heart","ascension_level":0}