{"path_per_floor":["M","M","?","M","$","R","?","R","T","R","M","M","M","M","R","B",null,"M","$","M","M","?","R","M","M","T"],"character_chosen":"DEFECT","items_purchased":["Mind Blast","Genetic Algorithm","Cold Snap","Capacitor"],"gold_per_floor":[215,234,234,253,4,4,4,4,4,4,19,38,52,69,69,169,169,182,60,74,88,88,88,105,117,117,117],"floor_reached":27,"campfire_rested":1,"playtime":1430,"item_purchase_floors":[5,5,5,19],"current_hp_per_floor":[67,63,63,62,62,62,62,62,62,62,51,22,22,20,42,17,61,49,49,48,30,30,30,14,14,14,0],"items_purged":["Strike_B","Normality"],"gold":117,"score":293,"play_id":"6bf606a8-2393-415e-bc90-626edf591094","local_time":"20180520195915","is_prod":false,"is_daily":false,"chose_seed":false,"is_ascension_mode":true,"campfire_upgraded":4,"timestamp":1526867955,"campfire_choices":[{"data":"Mind Blast","floor":6,"key":"SMITH"},{"data":"Loop","floor":8,"key":"SMITH"},{"data":"Genetic Algorithm","floor":10,"key":"SMITH"},{"floor":15,"key":"REST"},{"data":"Buffer","floor":23,"key":"SMITH"}],"path_taken":["M","M","?","M","$","R","?","R","T","R","M","M","M","M","R","BOSS","M","$","M","M","?","R","M","M","T","M"],"build_version":"2018-05-18","seed_source_timestamp":946724304990091,"purchased_purges":2,"victory":false,"master_deck":["Strike_B","Strike_B","Strike_B","Defend_B","Defend_B","Defend_B","Defend_B","Zap","Dualcast","Heatsinks","Loop+1","Doom and Gloom","Mind Blast+1","Genetic Algorithm+1","Cold Snap","Blizzard","Beam Cell","Ball Lightning","Tempest","Buffer+1","Ball Lightning","Capacitor","Beam Cell+1","Self Repair+1","Buffer","White Noise"],"max_hp_per_floor":[75,75,75,75,75,75,75,75,75,75,75,75,75,75,75,75,75,75,75,75,75,75,75,75,75,75,75],"relics":["Cracked Core","Juzu Bracelet","Torii","Sozu","Question Card"],"card_choices":[{"not_picked":["Turbo","Hologram"],"picked":"Heatsinks","floor":1},{"not_picked":["Glacier","Undo"],"picked":"Loop","floor":2},{"not_picked":["Aggregate","Cold Snap"],"picked":"Doom and Gloom","floor":4},{"not_picked":["Redo","Streamline"],"picked":"Blizzard","floor":11},{"not_picked":["Reprogram","BootSequence"],"picked":"Beam Cell","floor":12},{"not_picked":["Capacitor","Hologram"],"picked":"Ball Lightning","floor":13},{"not_picked":["Darkness","Barrage"],"picked":"Tempest","floor":14},{"not_picked":["Hyperbeam","Thunder Strike"],"picked":"Buffer","floor":16},{"not_picked":["Darkness","Barrage"],"picked":"Ball Lightning","floor":18},{"not_picked":["Turbo","Axe Kick"],"picked":"Beam Cell+1","floor":20},{"not_picked":["Static Discharge+1","Capacitor"],"picked":"Self Repair+1","floor":21},{"not_picked":["Turbo","Axe Kick","Reprogram"],"picked":"SKIP","floor":24},{"not_picked":["Seek","Force Field"],"picked":"White Noise","floor":25}],"player_experience":147513,"potions_floor_usage":[11,16,20],"damage_taken":[{"damage":1,"enemies":"Cultist","floor":1,"turns":3},{"damage":4,"enemies":"Jaw Worm","floor":2,"turns":4},{"damage":1,"enemies":"2 Louse","floor":4,"turns":2},{"damage":11,"enemies":"Looter","floor":11,"turns":3},{"damage":29,"enemies":"Exordium Thugs","floor":12,"turns":5},{"damage":0,"enemies":"Exordium Wildlife","floor":13,"turns":2},{"damage":2,"enemies":"Blue Slaver","floor":14,"turns":3},{"damage":25,"enemies":"The Guardian","floor":16,"turns":8},{"damage":12,"enemies":"Spheric Guardian","floor":18,"turns":4},{"damage":1,"enemies":"3 Byrds","floor":20,"turns":3},{"damage":18,"enemies":"Snake Plant","floor":21,"turns":4},{"damage":16,"enemies":"3 Cultists","floor":24,"turns":5},{"damage":0,"enemies":"Snecko","floor":25,"turns":4},{"damage":14,"enemies":"Centurion and Healer","floor":27,"turns":1}],"relics_obtained":[{"floor":9,"key":"Torii"},{"floor":26,"key":"Question Card"}],"event_choices":[{"event_name":"The Woman in Blue","player_choice":"Bought 0 Potions","floor":3,"damage_taken":0},{"event_name":"Accursed Blacksmith","player_choice":"Rummage","floor":7,"damage_taken":0},{"event_name":"Duplicator","player_choice":"One dupe","floor":22,"damage_taken":0}],"boss_relics":[{"not_picked":["Velvet Choker","Snecko Eye"],"picked":"Sozu"}],"items_purged_floors":[5,19],"potions_floor_spawned":[1,12,13,14,24,25],"seed_played":"1517854927554141629","killed_by":"Centurion and Healer","ascension_level":8,"potions_obtained":[{"floor":1,"key":"Energy Potion"},{"floor":12,"key":"Poison Potion"},{"floor":13,"key":"Explosive Potion"},{"floor":14,"key":"SpeedPotion"}],"is_trial":false}