{"gold_per_floor":[212,5,16,27,40,40,50,50,75,52,95,125,137,175,187,271,283,312,324,351,288,317,329,341],"floor_reached":24,"playtime":1152,"items_purged":["Strike_B"],"score":385,"play_id":"fa80f216-bd07-4f97-b8b0-b32e6f4da818","local_time":"20190211001506","is_ascension_mode":true,"campfire_choices":[{"data":"Defragment","floor":6,"key":"SMITH"},{"floor":8,"key":"REST"},{"floor":13,"key":"REST"},{"floor":15,"key":"REST"},{"floor":23,"key":"REST"}],"neow_cost":"NONE","seed_source_timestamp":2006789082411198,"circlet_count":0,"master_deck":["AscendersBane","Strike_B","Strike_B","Strike_B","Defend_B","Defend_B","Defend_B","Zap","Dualcast","Loop","Electrodynamics","Ball Lightning","Defragment+1","Reinforced Body","Beam Cell","Melter","Fission","Go for the Eyes","Hologram","Thunder Strike","Reprogram","Ghostly","Ghostly","Ghostly","Stack+1","Compile Driver"],"relics":["FrozenCore","MawBank","Juzu Bracelet","Orichalcum"],"potions_floor_usage":[7,11,16,16],"damage_taken":[{"damage":1,"enemies":"Cultist","floor":1,"turns":3},{"damage":1,"enemies":"2 Louse","floor":3,"turns":2},{"damage":7,"enemies":"Jaw Worm","floor":4,"turns":3},{"damage":11,"enemies":"Looter","floor":5,"turns":3},{"damage":14,"enemies":"Red Slaver","floor":7,"turns":2},{"damage":33,"enemies":"Lagavulin","floor":11,"turns":4},{"damage":9,"enemies":"Blue Slaver","floor":12,"turns":3},{"damage":30,"enemies":"Gremlin Nob","floor":14,"turns":4},{"damage":25,"enemies":"Hexaghost","floor":16,"turns":8},{"damage":30,"enemies":"3 Byrds","floor":18,"turns":4},{"damage":0,"enemies":"Spheric Guardian","floor":20,"turns":2},{"damage":17,"enemies":"Snecko","floor":22,"turns":12},{"damage":20,"enemies":"Slavers","floor":24,"turns":2}],"seed_played":"-2468725534933617621","potions_obtained":[{"floor":3,"key":"GamblersBrew"},{"floor":4,"key":"AttackPotion"},{"floor":12,"key":"Strength Potion"},{"floor":14,"key":"SkillPotion"},{"floor":20,"key":"FearPotion"}],"is_trial":false,"path_per_floor":["M","$","M","M","M","R","M","R","T","?","E","M","R","E","R","B",null,"M","?","M","?","M","R","E"],"character_chosen":"DEFECT","items_purchased":["Electrodynamics","Ball Lightning"],"campfire_rested":4,"item_purchase_floors":[2,2],"current_hp_per_floor":[63,63,62,55,44,44,30,51,51,68,35,26,47,17,38,13,57,27,27,27,27,10,20,0],"gold":341,"neow_bonus":"HUNDRED_GOLD","is_prod":false,"is_daily":false,"chose_seed":false,"campfire_upgraded":1,"win_rate":0,"timestamp":1549869306,"path_taken":["M","$","M","M","M","R","M","R","T","?","E","M","R","E","R","BOSS","M","?","M","?","M","R","E"],"build_version":"2019-01-23","purchased_purges":1,"victory":false,"max_hp_per_floor":[71,71,71,71,71,71,71,71,71,71,71,71,71,71,71,71,71,71,35,35,35,35,35,35],"card_choices":[{"not_picked":["Rebound","Coolheaded"],"picked":"Loop","floor":1},{"not_picked":["Steam","Blizzard"],"picked":"Defragment","floor":3},{"not_picked":["Redo","Doom and Gloom"],"picked":"Reinforced Body","floor":4},{"not_picked":["Darkness","Hologram"],"picked":"Beam Cell","floor":5},{"not_picked":["Steam","Barrage"],"picked":"Melter","floor":7},{"not_picked":["Scrape","Cold Snap"],"picked":"Fission","floor":11},{"not_picked":["Redo","Consume"],"picked":"Go for the Eyes","floor":12},{"not_picked":["Consume","Skim"],"picked":"Hologram","floor":14},{"not_picked":["Machine Learning","Reboot"],"picked":"Thunder Strike","floor":16},{"not_picked":["Sweeping Beam","Auto Shields"],"picked":"Reprogram","floor":18},{"not_picked":["Redo","Melter"],"picked":"Stack+1","floor":20},{"not_picked":["Gash","Beam Cell"],"picked":"Compile Driver","floor":22}],"player_experience":1062909,"relics_obtained":[{"floor":9,"key":"MawBank"},{"floor":11,"key":"Juzu Bracelet"},{"floor":14,"key":"Orichalcum"}],"event_choices":[{"damage_healed":17,"gold_gain":0,"player_choice":"Healed","damage_taken":0,"max_hp_gain":0,"max_hp_loss":0,"event_name":"The Cleric","floor":10,"gold_loss":35},{"damage_healed":0,"gold_gain":0,"player_choice":"Became a Ghost","damage_taken":0,"max_hp_gain":0,"max_hp_loss":36,"event_name":"Ghosts","floor":19,"gold_loss":0,"cards_obtained":["Ghostly","Ghostly","Ghostly"]},{"cards_removed":["Defend_B"],"damage_healed":0,"gold_gain":0,"player_choice":"Gave Gold","damage_taken":0,"max_hp_gain":0,"max_hp_loss":0,"event_name":"Beggar","floor":21,"gold_loss":75}],"is_beta":false,"boss_relics":[{"not_picked":["Fusion Hammer","Pandora\u0027s Box"],"picked":"FrozenCore"}],"items_purged_floors":[2],"is_endless":false,"potions_floor_spawned":[3,4,12,14,20],"killed_by":"Slavers","ascension_level":17}