{"path_per_floor":["M","M","?","M","$","R","$","?","T","M","R","?","R","M","R","B",null,"M","M","$","M","M"],"character_chosen":"DEFECT","items_purchased":["All For One"],"gold_per_floor":[20,36,36,50,50,50,50,50,50,66,66,66,66,87,87,210,210,210,165,17,17,17,17],"floor_reached":23,"campfire_rested":0,"playtime":978,"current_hp_per_floor":[68,68,68,65,65,65,65,65,65,57,57,57,57,50,50,8,69,50,32,32,32,9,0],"items_purged":["Strike_B"],"gold":17,"score":220,"play_id":"1776244d-d158-4ee7-bf15-34bc79877c84","local_time":"20180511001240","is_prod":false,"is_daily":false,"chose_seed":false,"is_ascension_mode":true,"campfire_upgraded":4,"timestamp":1526019160,"path_taken":["M","M","?","M","$","R","$","?","T","M","R","?","R","?","R","BOSS","M","M","$","M","M","E"],"build_version":"2018-05-10","seed_source_timestamp":98354362805840,"purchased_purges":1,"victory":false,"master_deck":["Strike_B","Strike_B","Defend_B","Defend_B","Defend_B","Defend_B","Zap+1","Dualcast+1","Streamline+1","Genetic Algorithm+1","Buffer","Sunder","All For One"],"max_hp_per_floor":[75,75,75,75,75,75,75,69,69,69,69,69,69,69,69,69,69,69,69,69,69,69,69],"relics":["Cracked Core","Unceasing Top","Golden Idol","Darkstone Periapt","Ectoplasm"],"card_choices":[{"not_picked":["Stack","Reboot"],"picked":"Streamline","floor":2},{"not_picked":["Static Discharge","Reinforced Body"],"picked":"Genetic Algorithm","floor":10},{"not_picked":["Amplify","Nova"],"picked":"Buffer","floor":16},{"not_picked":["Turbo","Leap"],"picked":"Sunder","floor":18}],"player_experience":89768,"potions_floor_usage":[16,16,19,21,23],"damage_taken":[{"damage":7,"enemies":"2 Louse","floor":1,"turns":2},{"damage":0,"enemies":"Cultist","floor":2,"turns":3},{"damage":3,"enemies":"Small Slimes","floor":4,"turns":3},{"damage":8,"enemies":"Blue Slaver","floor":10,"turns":2},{"damage":7,"enemies":"3 Louse","floor":14,"turns":2},{"damage":42,"enemies":"Hexaghost","floor":16,"turns":10},{"damage":19,"enemies":"3 Byrds","floor":18,"turns":5},{"damage":18,"enemies":"2 Thieves","floor":19,"turns":3},{"damage":0,"enemies":"Cultist and Chosen","floor":21,"turns":5},{"damage":23,"enemies":"Sentry and Sphere","floor":22,"turns":4},{"damage":13,"enemies":"Gremlin Leader","floor":23,"turns":1}],"event_choices":[{"event_name":"Accursed Blacksmith","player_choice":"Ignore","floor":3,"damage_taken":0},{"event_name":"Golden Idol","player_choice":"Lose Max HP","floor":8,"damage_taken":0},{"event_name":"Living Wall","player_choice":"Forget","floor":12,"damage_taken":0}],"boss_relics":[{"not_picked":["Tiny House","Cursed Key"],"picked":"Ectoplasm"}],"potions_floor_spawned":[2,4,14,19,22],"seed_played":"1770609851040855847","killed_by":"Gremlin Leader","ascension_level":4,"is_trial":false}