{"gold_per_floor":[112,132,147,97,115,115,148,148,175,192,192,218,234,245,245,345,345,363,377,377,395,405,431,431,431,501,511,539,571,608,637,649,763,775,801,829,551,565,565,565,665,665,665,665,692,692,593,610,610,610,610,610,160,187,187],"floor_reached":55,"playtime":4309,"items_purged":["Decay","Writhe","Immolate"],"score":919,"play_id":"2e70753b-be90-4f52-8ff2-5c809d05299c","local_time":"20190307202006","is_ascension_mode":true,"campfire_choices":[{"data":"True Grit","floor":6,"key":"SMITH"},{"data":"Inflame","floor":8,"key":"SMITH"},{"data":"Bash","floor":15,"key":"SMITH"},{"floor":24,"key":"REST"},{"data":"Barricade","floor":32,"key":"SMITH"},{"data":"Limit Break","floor":40,"key":"SMITH"},{"floor":42,"key":"RECALL"},{"data":"Sword Boomerang","floor":49,"key":"SMITH"},{"data":"Heavy Blade","floor":52,"key":"SMITH"}],"neow_cost":"NONE","seed_source_timestamp":264724675601110,"circlet_count":0,"master_deck":["Strike_R+1","Strike_R+1","Strike_R+1","Strike_R+1","Defend_R+1","Defend_R+1","Defend_R+1","Defend_R+1","Bash+1","Cleave","Battle Trance+1","True Grit+1","Inflame+1","Inflame+1","Pommel Strike","Headbutt","Heavy Blade+1","Sword Boomerang+1","Iron Wave+1","Spot Weakness+1","Barricade+1","Sentinel+1","Limit Break+1","Seeing Red+1","Shrug It Off+1","Shrug It Off+1","Sword Boomerang+1","Entrench+1","Reaper","Impervious"],"relics":["Burning Blood","Bag of Marbles","PreservedInsect","Blood Vial","Bag of Preparation","Cursed Key","Bottled Tornado","Kunai","MawBank","Smiling Mask","Runic Pyramid","Lee\u0027s Waffle","Du-Vu Doll","War Paint","Spirit Poop","Paper Frog","StoneCalendar"],"potions_floor_usage":[7,21,22,31,33,50,55,55],"damage_taken":[{"damage":7,"enemies":"Jaw Worm","floor":1,"turns":3},{"damage":0,"enemies":"2 Louse","floor":2,"turns":2},{"damage":0,"enemies":"Small Slimes","floor":3,"turns":1},{"damage":3,"enemies":"2 Fungi Beasts","floor":5,"turns":4},{"damage":22,"enemies":"Gremlin Nob","floor":7,"turns":4},{"damage":6,"enemies":"3 Louse","floor":10,"turns":4},{"damage":15,"enemies":"Lagavulin","floor":12,"turns":5},{"damage":3,"enemies":"Blue Slaver","floor":13,"turns":4},{"damage":8,"enemies":"Looter","floor":14,"turns":3},{"damage":24,"enemies":"Slime Boss","floor":16,"turns":5},{"damage":32,"enemies":"Shell Parasite","floor":18,"turns":4},{"damage":17,"enemies":"3 Byrds","floor":19,"turns":4},{"damage":0,"enemies":"3 Cultists","floor":21,"turns":4},{"damage":37,"enemies":"Shelled Parasite and Fungi","floor":22,"turns":5},{"damage":6,"enemies":"Gremlin Leader","floor":23,"turns":3},{"damage":13,"enemies":"Snake Plant","floor":27,"turns":3},{"damage":12,"enemies":"Book of Stabbing","floor":28,"turns":3},{"damage":4,"enemies":"Centurion and Healer","floor":29,"turns":5},{"damage":0,"enemies":"Gremlin Leader","floor":30,"turns":3},{"damage":7,"enemies":"Cultist and Chosen","floor":31,"turns":3},{"damage":55,"enemies":"Champ","floor":33,"turns":12},{"damage":3,"enemies":"3 Shapes","floor":35,"turns":5},{"damage":2,"enemies":"3 Darklings","floor":36,"turns":3},{"damage":0,"enemies":"4 Shapes","floor":38,"turns":6},{"damage":0,"enemies":"Mind Bloom Boss Battle","floor":41,"turns":5},{"damage":14,"enemies":"Writhing Mass","floor":48,"turns":4},{"damage":13,"enemies":"Time Eater","floor":50,"turns":5},{"damage":74,"enemies":"Shield and Spear","floor":54,"turns":5},{"damage":66,"enemies":"The Heart","floor":55,"turns":3}],"seed_played":"540558582672268896","potions_obtained":[{"floor":2,"key":"Strength Potion"},{"floor":5,"key":"PowerPotion"},{"floor":13,"key":"Ancient Potion"},{"floor":14,"key":"FearPotion"},{"floor":18,"key":"Regen Potion"},{"floor":23,"key":"SteroidPotion"},{"floor":28,"key":"Weak Potion"},{"floor":29,"key":"Explosive Potion"},{"floor":31,"key":"Ancient Potion"},{"floor":33,"key":"BloodPotion"},{"floor":36,"key":"GamblersBrew"},{"floor":48,"key":"Block Potion"}],"is_trial":false,"path_per_floor":["M","M","M","?","M","R","E","R","T","M","?","E","M","M","R","B",null,"M","M","?","M","M","E","R","?","T","M","E","M","E","M","R","B",null,"M","M","$","M","?","R","?","R","T","?","T","?","$","M","R","B",null,"R","$","E","B"],"character_chosen":"IRONCLAD","items_purchased":["Shrug It Off","Lee\u0027s Waffle","FearPotion","Paper Frog","Reaper","GamblersBrew"],"campfire_rested":1,"item_purchase_floors":[37,37,47,53,53,53],"current_hp_per_floor":[79,80,80,80,80,80,64,64,64,66,66,59,64,64,64,48,72,48,39,39,59,30,32,56,56,56,51,47,51,59,60,60,13,63,68,74,87,87,87,87,87,87,87,82,82,82,82,76,76,71,83,83,83,17,0],"gold":187,"neow_bonus":"RANDOM_COMMON_RELIC","is_prod":false,"is_daily":false,"chose_seed":false,"campfire_upgraded":7,"win_rate":0,"timestamp":1552011606,"path_taken":["M","M","M","?","M","R","E","R","T","M","?","E","M","M","R","BOSS","M","M","?","M","?","E","R","?","T","M","E","M","E","M","R","BOSS","M","M","$","M","?","R","?","R","T","?","?","?","$","M","R","BOSS","R","$","E","BOSS"],"build_version":"2019-01-23","purchased_purges":3,"victory":false,"max_hp_per_floor":[80,80,80,80,80,80,80,80,80,80,80,80,80,80,80,80,80,80,80,80,80,80,80,80,80,80,80,80,80,80,80,80,80,80,80,80,87,87,87,87,87,87,87,87,87,87,87,87,87,87,87,87,87,87,87],"card_choices":[{"not_picked":["Wild Strike","Thunderclap"],"picked":"Cleave","floor":1},{"not_picked":["Flex","Thunderclap"],"picked":"Battle Trance","floor":2},{"not_picked":["Intimidate","Evolve"],"picked":"True Grit","floor":3},{"not_picked":["True Grit","Combust"],"picked":"Inflame","floor":5},{"not_picked":["Metallicize","Pummel"],"picked":"Inflame","floor":7},{"not_picked":["True Grit","Reckless Charge"],"picked":"Pommel Strike","floor":10},{"not_picked":["Intimidate","Metallicize","Combust"],"picked":"SKIP","floor":12},{"not_picked":["Flex","Demon Form","Battle Trance"],"picked":"SKIP","floor":13},{"not_picked":["Wild Strike","Corruption"],"picked":"Headbutt","floor":14},{"not_picked":["Juggernaut","Exhume"],"picked":"Immolate","floor":16},{"not_picked":["Havoc","Iron Wave+1"],"picked":"Heavy Blade","floor":18},{"not_picked":["Cleave","Heavy Blade","Clash"],"picked":"SKIP","floor":19},{"not_picked":["Iron Wave","Burning Pact"],"picked":"Sword Boomerang","floor":21},{"not_picked":["Clash","Perfected Strike"],"picked":"Iron Wave+1","floor":22},{"not_picked":["Body Slam","Rupture","Sword Boomerang"],"picked":"SKIP","floor":23},{"not_picked":["Evolve+1","Thunderclap"],"picked":"Spot Weakness+1","floor":27},{"not_picked":["True Grit","Flex","Twin Strike+1"],"picked":"SKIP","floor":28},{"not_picked":["Cleave+1","Dropkick+1"],"picked":"Barricade","floor":29},{"not_picked":["True Grit+1","Fire Breathing+1","Armaments"],"picked":"SKIP","floor":30},{"not_picked":["Headbutt","Rupture"],"picked":"Sentinel+1","floor":31},{"not_picked":["Juggernaut","Impervious"],"picked":"Limit Break","floor":33},{"not_picked":["Inflame","Perfected Strike","Sword Boomerang"],"picked":"SKIP","floor":35},{"not_picked":["Flex+1","Sword Boomerang"],"picked":"Seeing Red+1","floor":36},{"not_picked":["Heavy Blade","Clash"],"picked":"Shrug It Off","floor":38},{"not_picked":["Rampage","Flex+1"],"picked":"Sword Boomerang+1","floor":41},{"not_picked":["Body Slam","Perfected Strike"],"picked":"Entrench+1","floor":48},{"not_picked":["Iron Wave+1","Wild Strike"],"picked":"Impervious","floor":54}],"player_experience":546384,"relics_obtained":[{"floor":7,"key":"PreservedInsect"},{"floor":9,"key":"Blood Vial"},{"floor":12,"key":"Bag of Preparation"},{"floor":23,"key":"Bottled Tornado"},{"floor":26,"key":"Kunai"},{"floor":28,"key":"MawBank"},{"floor":30,"key":"Smiling Mask"},{"floor":41,"key":"Du-Vu Doll"},{"floor":45,"key":"War Paint"},{"floor":54,"key":"StoneCalendar"}],"event_choices":[{"cards_removed":["Strike_R"],"damage_healed":0,"gold_gain":0,"player_choice":"Card Removal","damage_taken":0,"max_hp_gain":0,"max_hp_loss":0,"event_name":"The Cleric","floor":4,"gold_loss":50},{"damage_healed":0,"gold_gain":0,"player_choice":"Grow","damage_taken":0,"max_hp_gain":0,"max_hp_loss":0,"event_name":"Living Wall","floor":11,"gold_loss":0,"cards_upgraded":["Inflame"]},{"damage_healed":0,"gold_gain":0,"player_choice":"Upgraded","damage_taken":0,"max_hp_gain":0,"max_hp_loss":0,"event_name":"Upgrade Shrine","floor":20,"gold_loss":0,"cards_upgraded":["Battle Trance"]},{"damage_healed":0,"gold_gain":0,"player_choice":"Simplicity","damage_taken":0,"max_hp_gain":0,"max_hp_loss":0,"event_name":"Back to Basics","floor":25,"gold_loss":0,"cards_upgraded":["Strike_R","Strike_R","Strike_R","Strike_R","Defend_R","Defend_R","Defend_R","Defend_R"]},{"damage_healed":0,"gold_gain":0,"player_choice":"Ignored","damage_taken":0,"max_hp_gain":0,"max_hp_loss":0,"event_name":"Mysterious Sphere","floor":39,"gold_loss":0},{"damage_healed":0,"gold_gain":0,"player_choice":"Fight","damage_taken":0,"max_hp_gain":0,"max_hp_loss":0,"event_name":"MindBloom","floor":41,"gold_loss":0},{"damage_healed":0,"gold_gain":0,"player_choice":"Memory 2","damage_taken":5,"max_hp_gain":0,"max_hp_loss":0,"event_name":"SensoryStone","floor":44,"gold_loss":0},{"cards_removed":["Doubt"],"damage_healed":0,"gold_gain":0,"player_choice":"Offered Curse","damage_taken":0,"relics_obtained":["Spirit Poop"],"max_hp_gain":0,"max_hp_loss":0,"event_name":"Bonfire Elementals","floor":46,"gold_loss":0}],"is_beta":false,"boss_relics":[{"not_picked":["Ectoplasm","Snecko Eye"],"picked":"Cursed Key"},{"not_picked":["Fusion Hammer","Philosopher\u0027s Stone"],"picked":"Runic Pyramid"}],"items_purged_floors":[37,47,53],"is_endless":false,"potions_floor_spawned":[2,5,13,14,18,23,28,29,31,33,35,36,38,48],"killed_by":"The Heart","ascension_level":5}