{"gold_per_floor":[11,29,29,54,54,90,90,128,128,128],"floor_reached":10,"playtime":355,"items_purged":[],"score":148,"play_id":"e7eb2772-15f9-44aa-8fef-309f7cf6e291","local_time":"20190224181155","is_ascension_mode":true,"campfire_choices":[{"floor":7,"key":"REST"}],"neow_cost":"NO_GOLD","seed_source_timestamp":171830876349195,"circlet_count":0,"master_deck":["AscendersBane","Strike_R","Strike_R","Strike_R","Strike_R","Strike_R","Defend_R","Defend_R","Defend_R","Defend_R","Flex","Heavy Blade","Thunderclap","Blood for Blood","Cleave"],"relics":["Burning Blood","Ginger","Golden Idol","Pen Nib","Singing Bowl","Juzu Bracelet"],"potions_floor_usage":[6,6],"damage_taken":[{"damage":14,"enemies":"Jaw Worm","floor":1,"turns":3},{"damage":2,"enemies":"Cultist","floor":2,"turns":4},{"damage":6,"enemies":"2 Louse","floor":4,"turns":2},{"damage":23,"enemies":"Lagavulin","floor":6,"turns":5},{"damage":56,"enemies":"Gremlin Nob","floor":8,"turns":5},{"damage":20,"enemies":"Lagavulin","floor":10,"turns":2}],"seed_played":"-8385725555352734447","potions_obtained":[{"floor":1,"key":"Block Potion"},{"floor":2,"key":"SteroidPotion"}],"is_trial":false,"path_per_floor":["M","M","?","M","?","E","R","E","T","E"],"character_chosen":"IRONCLAD","items_purchased":[],"campfire_rested":1,"item_purchase_floors":[],"current_hp_per_floor":[60,64,64,64,64,47,67,17,17,0],"gold":128,"neow_bonus":"ONE_RARE_RELIC","is_prod":false,"is_daily":false,"chose_seed":false,"campfire_upgraded":0,"win_rate":0,"timestamp":1551057115,"path_taken":["M","M","?","M","?","E","R","E","T","E"],"build_version":"2019-01-23","purchased_purges":0,"victory":false,"max_hp_per_floor":[75,75,68,68,68,68,68,68,68,68],"card_choices":[{"not_picked":["Corruption","Warcry"],"picked":"Flex","floor":1},{"not_picked":["Warcry","Flex"],"picked":"Heavy Blade","floor":2},{"not_picked":["Entrench","Pommel Strike"],"picked":"Thunderclap","floor":4},{"not_picked":["Dropkick","Brutality"],"picked":"Blood for Blood","floor":6},{"not_picked":["Dark Embrace","Shockwave"],"picked":"Cleave","floor":8}],"player_experience":1247983,"relics_obtained":[{"floor":6,"key":"Pen Nib"},{"floor":8,"key":"Singing Bowl"},{"floor":9,"key":"Juzu Bracelet"}],"event_choices":[{"damage_healed":0,"gold_gain":0,"player_choice":"Lose Max HP","damage_taken":0,"relics_obtained":["Golden Idol"],"max_hp_gain":0,"max_hp_loss":7,"event_name":"Golden Idol","floor":3,"gold_loss":0},{"cards_removed":["Bash"],"damage_healed":0,"gold_gain":0,"player_choice":"Offered Basic","damage_taken":0,"max_hp_gain":0,"max_hp_loss":0,"event_name":"Bonfire Elementals","floor":5,"gold_loss":0}],"is_beta":false,"boss_relics":[],"items_purged_floors":[],"is_endless":false,"potions_floor_spawned":[1,2],"killed_by":"Lagavulin","ascension_level":19}