{"gold_per_floor":[112,112,126,137,62,62,90,122,122,122,138,168,168,80,80,151,151,162,162,178,158,158,158,158],"floor_reached":24,"playtime":1105,"items_purged":["Strike_R"],"score":398,"play_id":"ac0c446e-70f8-4d83-9dd0-addb23bf82e4","local_time":"20190226200305","is_ascension_mode":true,"campfire_choices":[{"data":"Headbutt","floor":6,"key":"SMITH"},{"floor":10,"key":"REST"},{"floor":13,"key":"REST"},{"floor":15,"key":"REST"},{"floor":23,"key":"REST"}],"neow_cost":"NONE","seed_source_timestamp":350555733906111,"circlet_count":0,"master_deck":["AscendersBane","Strike_R","Strike_R","Strike_R","Defend_R","Defend_R","Defend_R","Defend_R","Bash+1","Clash","Headbutt+1","Evolve","Berserk","Body Slam","Wild Strike+1","Second Wind","Berserk","Rage","Decay","Cleave+1"],"relics":["Burning Blood","Odd Mushroom","Charon\u0027s Ashes","Blue Candle","Molten Egg 2","Busted Crown"],"potions_floor_usage":[7,12,18,20,22],"damage_taken":[{"damage":4,"enemies":"2 Louse","floor":1,"turns":4},{"damage":1,"enemies":"Cultist","floor":3,"turns":3},{"damage":7,"enemies":"Jaw Worm","floor":4,"turns":2},{"damage":31,"enemies":"The Mushroom Lair","floor":7,"turns":6},{"damage":28,"enemies":"Gremlin Nob","floor":8,"turns":4},{"damage":19,"enemies":"Blue Slaver","floor":11,"turns":4},{"damage":46,"enemies":"Lagavulin","floor":12,"turns":4},{"damage":56,"enemies":"Slime Boss","floor":16,"turns":6},{"damage":43,"enemies":"Shell Parasite","floor":18,"turns":4},{"damage":9,"enemies":"3 Byrds","floor":20,"turns":5},{"damage":0,"enemies":"Shelled Parasite and Fungi","floor":22,"turns":1},{"damage":53,"enemies":"3 Cultists","floor":24,"turns":4}],"seed_played":"-8387407303744965301","potions_obtained":[{"floor":4,"key":"SpeedPotion"},{"floor":7,"key":"FairyPotion"},{"floor":8,"key":"SteroidPotion"},{"floor":12,"key":"Explosive Potion"},{"floor":18,"key":"Fire Potion"},{"floor":21,"key":"SmokeBomb"}],"is_trial":false,"path_per_floor":["M","?","M","M","$","R","?","E","T","R","M","E","R","$","R","B",null,"M","?","M","?","M","R","M"],"character_chosen":"IRONCLAD","items_purchased":["Second Wind"],"campfire_rested":4,"item_purchase_floors":[14],"current_hp_per_floor":[70,70,75,74,74,74,49,27,27,49,36,13,35,35,57,7,58,21,21,18,18,24,46,0],"gold":158,"neow_bonus":"UPGRADE_CARD","is_prod":false,"is_daily":false,"chose_seed":false,"campfire_upgraded":1,"win_rate":0,"timestamp":1551236585,"path_taken":["M","?","M","?","$","R","?","E","T","R","M","E","R","$","R","BOSS","M","?","M","?","?","R","M"],"build_version":"2019-01-23","purchased_purges":1,"victory":false,"max_hp_per_floor":[75,75,75,75,75,75,75,75,75,75,75,75,75,75,75,75,75,75,75,75,75,75,75,75],"card_choices":[{"not_picked":["Havoc","Sentinel","Dual Wield"],"picked":"SKIP","floor":1},{"not_picked":["Clothesline","Havoc"],"picked":"Clash","floor":3},{"not_picked":["Perfected Strike","Battle Trance"],"picked":"Headbutt","floor":4},{"not_picked":["Seeing Red","Warcry"],"picked":"Evolve","floor":7},{"not_picked":["Twin Strike","Flex"],"picked":"Berserk","floor":8},{"not_picked":["Rampage","Anger"],"picked":"Body Slam","floor":11},{"not_picked":["Body Slam","Thunderclap"],"picked":"Wild Strike","floor":12},{"not_picked":["Brutality","Limit Break"],"picked":"Berserk","floor":16},{"not_picked":[],"picked":"Rage","floor":18},{"not_picked":[],"picked":"Cleave+1","floor":20}],"player_experience":1268770,"relics_obtained":[{"floor":7,"key":"Odd Mushroom"},{"floor":8,"key":"Charon\u0027s Ashes"},{"floor":9,"key":"Blue Candle"},{"floor":12,"key":"Molten Egg 2"}],"event_choices":[{"cards_removed":["Strike_R"],"damage_healed":0,"gold_gain":0,"player_choice":"Offered Basic","damage_taken":0,"max_hp_gain":0,"max_hp_loss":0,"event_name":"Bonfire Elementals","floor":2,"gold_loss":0},{"damage_healed":0,"gold_gain":0,"player_choice":"Fought Mushrooms","damage_taken":0,"max_hp_gain":0,"max_hp_loss":0,"event_name":"Mushrooms","floor":7,"gold_loss":0},{"damage_healed":0,"gold_gain":0,"player_choice":"Smashed Altar","damage_taken":0,"max_hp_gain":0,"max_hp_loss":0,"event_name":"Forgotten Altar","floor":19,"gold_loss":0,"cards_obtained":["Decay"]},{"damage_healed":0,"gold_gain":0,"player_choice":"Bought 1 Potion","damage_taken":0,"max_hp_gain":0,"max_hp_loss":0,"event_name":"The Woman in Blue","floor":21,"gold_loss":0}],"is_beta":false,"boss_relics":[{"not_picked":["Velvet Choker","Black Star"],"picked":"Busted Crown"}],"items_purged_floors":[5],"is_endless":false,"potions_floor_spawned":[4,7,8,11,12,18,22],"killed_by":"3 Cultists","ascension_level":19}