{"path_per_floor":["M","M","?","?","M","E","R","?","T","M","R","M","R","M","R","B",null,"M","$","M","?","?","R","E","R","T","M","R","$","R","M","R","B",null,"M","$","M","?","?","R","E","$","T","M","R","M","?","?","R"],"character_chosen":"DEFECT","items_purchased":["Matryoshka","Happy Flower","Storm","Capacitor","Capacitor"],"gold_per_floor":[118,134,309,309,327,353,353,353,353,371,371,387,387,398,398,497,497,507,34,52,52,52,52,84,84,84,98,98,0,0,20,20,119,119,138,13,23,23,23,23,58,58,58,71,71,91,144,0,0,0],"floor_reached":50,"campfire_rested":6,"playtime":2518,"current_hp_per_floor":[70,68,68,68,61,14,36,36,36,25,25,25,47,54,54,21,75,50,50,30,30,30,30,16,38,38,28,50,50,50,52,52,26,75,38,38,37,28,18,40,33,33,33,37,59,59,58,58,58,0],"items_purged":["Decay","Pain"],"gold":0,"score":636,"play_id":"391c4d6b-5b9e-403b-8345-7d8441a4cde0","local_time":"20180511010547","is_prod":false,"is_daily":false,"chose_seed":false,"is_ascension_mode":true,"campfire_upgraded":5,"timestamp":1526022347,"path_taken":["M","M","?","?","?","E","R","?","T","M","R","M","R","M","R","BOSS","M","$","M","?","?","R","E","R","T","M","R","$","R","M","R","BOSS","M","$","M","?","?","R","E","$","T","M","R","M","?","?","R","BOSS"],"build_version":"2018-05-10","seed_source_timestamp":100000905543882,"purchased_purges":2,"victory":false,"master_deck":["Strike_B","Strike_B","Strike_B","Defend_B","Defend_B","Defend_B","Defend_B","Zap","Dualcast","Aggregate","Loop+1","BootSequence+1","Storm+1","Self Repair+1","Defragment+1","Capacitor","Echo Form","Capacitor","Storm+1","Storm+1","Defragment+1","Doom and Gloom","Capacitor","Capacitor","Amplify","Clumsy","Chill+1","Capacitor","Force Field+1","Madness","Madness","Master of Strategy+1","Magnetism","Dramatic Entrance","Barrage","Capacitor","Rainbow"],"max_hp_per_floor":[75,75,75,75,75,75,75,75,75,75,75,75,75,75,75,75,75,75,75,75,75,75,75,75,75,75,75,75,75,75,75,75,75,75,75,75,75,75,75,75,75,75,75,75,75,75,75,75,75,75],"relics":["Cracked Core","Bottled Tornado","Mummified Hand","Philosopher\u0027s Stone","Matryoshka","Happy Flower","Bronze Scales","Symbiotic Virus","Bottled Flame","Calling Bell","Juzu Bracelet","Calipers","Toolbox","War Paint","Question Card","Cables","Peace Pipe","Red Mask"],"card_choices":[{"not_picked":["Turbo","Barrage"],"picked":"Aggregate","floor":1},{"not_picked":["Sweeping Beam","Coolheaded"],"picked":"Loop","floor":2},{"not_picked":["Turbo","Hologram"],"picked":"BootSequence","floor":5},{"not_picked":["Hyperbeam","FTL"],"picked":"Storm","floor":6},{"not_picked":["Stack","Tempest"],"picked":"Self Repair","floor":10},{"not_picked":["Chill","Stack"],"picked":"Defragment","floor":12},{"not_picked":["Barrage","Turbo"],"picked":"Capacitor","floor":14},{"not_picked":["Thunder Strike","Seek"],"picked":"Echo Form","floor":16},{"not_picked":["Skim","Ball Lightning"],"picked":"Capacitor","floor":18},{"not_picked":["Force Field","Steam Power"],"picked":"Defragment","floor":24},{"not_picked":["Auto Shields","Machine Learning"],"picked":"Doom and Gloom","floor":27},{"not_picked":["Hologram","Go for the Eyes"],"picked":"Capacitor","floor":31},{"not_picked":["Fission","Reboot"],"picked":"Amplify","floor":33},{"not_picked":["Barrage","Sweeping Beam"],"picked":"Chill","floor":35},{"not_picked":["Capacitor","Reinforced Body"],"picked":"Force Field","floor":37},{"not_picked":["Swift Strike","Deep Breath"],"picked":"Master of Strategy","floor":39},{"not_picked":["Thinking Ahead","Good Instincts"],"picked":"Magnetism","floor":39},{"not_picked":["Panacea","Enlightenment"],"picked":"Dramatic Entrance","floor":39},{"not_picked":["FTL","Sweeping Beam","Skim"],"picked":"Barrage","floor":44},{"not_picked":["Redo","Leap","Go for the Eyes"],"picked":"Capacitor","floor":46},{"not_picked":["Coolheaded","Ball Lightning","Skim"],"picked":"Rainbow","floor":47}],"player_experience":91391,"potions_floor_usage":[6,10,12,31,33,50,50,50],"damage_taken":[{"damage":5,"enemies":"Small Slimes","floor":1,"turns":3},{"damage":2,"enemies":"Jaw Worm","floor":2,"turns":3},{"damage":7,"enemies":"2 Louse","floor":5,"turns":3},{"damage":47,"enemies":"Gremlin Nob","floor":6,"turns":5},{"damage":11,"enemies":"Blue Slaver","floor":10,"turns":4},{"damage":7,"enemies":"Lots of Slimes","floor":12,"turns":3},{"damage":0,"enemies":"Red Slaver","floor":14,"turns":2},{"damage":40,"enemies":"Slime Boss","floor":16,"turns":9},{"damage":32,"enemies":"Chosen","floor":18,"turns":5},{"damage":27,"enemies":"2 Thieves","floor":20,"turns":3},{"damage":14,"enemies":"Gremlin Leader","floor":24,"turns":3},{"damage":17,"enemies":"Centurion and Healer","floor":27,"turns":3},{"damage":5,"enemies":"Chosen and Byrds","floor":31,"turns":2},{"damage":36,"enemies":"Champ","floor":33,"turns":5},{"damage":47,"enemies":"3 Darklings","floor":35,"turns":3},{"damage":1,"enemies":"Orb Walker","floor":37,"turns":2},{"damage":17,"enemies":"2 Orb Walkers","floor":41,"turns":3},{"damage":6,"enemies":"4 Shapes","floor":44,"turns":3},{"damage":10,"enemies":"3 Darklings","floor":46,"turns":3},{"damage":11,"enemies":"Mysterious Sphere","floor":47,"turns":3},{"damage":73,"enemies":"Awakened One","floor":50,"turns":3}],"event_choices":[{"event_name":"Liars Game","player_choice":"agreed","floor":3,"damage_taken":0},{"event_name":"Living Wall","player_choice":"Forget","floor":4,"damage_taken":0},{"event_name":"Bonfire Elementals","player_choice":"BASIC","floor":8,"damage_taken":0},{"event_name":"Duplicator","player_choice":"One dupe","floor":21,"damage_taken":0},{"event_name":"Forgotten Altar","player_choice":"Smashed Altar","floor":22,"damage_taken":0},{"event_name":"Winding Halls","player_choice":"Embrace Madness","floor":38,"damage_taken":0},{"event_name":"SensoryStone","player_choice":"Memory 3","floor":39,"damage_taken":0},{"event_name":"Mysterious Sphere","player_choice":"Fight","floor":47,"damage_taken":0},{"event_name":"Tomb of Lord Red Mask","player_choice":"Paid","floor":48,"damage_taken":0}],"boss_relics":[{"not_picked":["Runic Dome","Velvet Choker"],"picked":"Philosopher\u0027s Stone"},{"not_picked":["Runic Pyramid","White Beast Statue"],"picked":"Calling Bell"}],"potions_floor_spawned":[2,5,6,18,24,31,41,44],"seed_played":"-4639432808969318505","killed_by":"Awakened One","ascension_level":4,"is_trial":false}