{"gold_per_floor":[115,133,34,34,34,47,147,147,147,167,117,117,128,146,146,250,250,267,467,482,482],"floor_reached":21,"playtime":1293,"items_purged":["Strike_B"],"score":257,"play_id":"c168d752-b025-439e-a4b4-960e919a242c","local_time":"20190201222137","is_ascension_mode":true,"campfire_choices":[{"data":"Zap","floor":8,"key":"SMITH"},{"floor":12,"key":"REST"},{"floor":15,"key":"REST"}],"neow_cost":"NONE","seed_source_timestamp":1222206346601327,"circlet_count":0,"master_deck":["AscendersBane","Strike_B","Defend_B","Defend_B","Defend_B","Defend_B","Zap+1","Dualcast","Barrage","Coolheaded","Rebound","Sweeping Beam","Storm","Reinforced Body","White Noise","Conserve Battery","Cold Snap","Thunder Strike","Redo+1"],"relics":["Cracked Core","Lantern","Dream Catcher","Busted Crown"],"potions_floor_usage":[16,16],"damage_taken":[{"damage":12,"enemies":"Jaw Worm","floor":1,"turns":3},{"damage":6,"enemies":"Cultist","floor":2,"turns":4},{"damage":0,"enemies":"2 Louse","floor":6,"turns":2},{"damage":11,"enemies":"Exordium Thugs","floor":10,"turns":4},{"damage":4,"enemies":"Red Slaver","floor":13,"turns":3},{"damage":9,"enemies":"Looter","floor":14,"turns":3},{"damage":38,"enemies":"The Guardian","floor":16,"turns":11},{"damage":30,"enemies":"Shell Parasite","floor":18,"turns":6},{"damage":13,"enemies":"3 Byrds","floor":20,"turns":5},{"damage":22,"enemies":"3 Cultists","floor":21,"turns":3}],"seed_played":"-516063395330872320","potions_obtained":[{"floor":6,"key":"AttackPotion"},{"floor":10,"key":"Explosive Potion"}],"is_trial":false,"path_per_floor":["M","M","$","?","$","M","?","R","T","M","?","R","M","M","R","B",null,"M","?","M","M"],"character_chosen":"DEFECT","items_purchased":["Rebound"],"campfire_rested":2,"item_purchase_floors":[3],"current_hp_per_floor":[56,50,50,50,50,50,50,50,50,39,39,61,57,48,70,32,64,34,34,21,0],"gold":482,"neow_bonus":"RANDOM_COMMON_RELIC","is_prod":false,"is_daily":false,"chose_seed":false,"campfire_upgraded":1,"win_rate":0,"timestamp":1549084897,"path_taken":["M","M","$","?","?","M","?","R","T","?","?","R","M","M","R","BOSS","M","?","M","M"],"build_version":"2019-01-23","purchased_purges":1,"victory":false,"max_hp_per_floor":[75,75,75,75,75,75,75,75,75,75,75,75,75,75,75,75,75,75,75,75,75],"card_choices":[{"not_picked":["Stack","Coolheaded"],"picked":"Barrage","floor":1},{"not_picked":["Leap","Beam Cell"],"picked":"Coolheaded","floor":2},{"not_picked":["Turbo","Go for the Eyes"],"picked":"Sweeping Beam","floor":6},{"not_picked":["Auto Shields","Beam Cell"],"picked":"Storm","floor":10},{"not_picked":["Beam Cell","Darkness"],"picked":"Reinforced Body","floor":12},{"not_picked":["FTL","Barrage"],"picked":"White Noise","floor":13},{"not_picked":["Hologram","Gash"],"picked":"Conserve Battery","floor":14},{"not_picked":["Rebound","Sunder"],"picked":"Cold Snap","floor":15},{"not_picked":["Biased Cognition","Rainbow"],"picked":"Thunder Strike","floor":16},{"not_picked":["Compile Driver+1"],"picked":"SKIP","floor":18},{"not_picked":[],"picked":"Redo+1","floor":20}],"player_experience":934827,"relics_obtained":[{"floor":9,"key":"Dream Catcher"}],"event_choices":[{"cards_removed":["Strike_B"],"damage_healed":0,"gold_gain":0,"player_choice":"Purged","damage_taken":0,"max_hp_gain":0,"max_hp_loss":0,"event_name":"Purifier","floor":4,"gold_loss":0},{"damage_healed":0,"gold_gain":100,"player_choice":"Pray","damage_taken":0,"max_hp_gain":0,"max_hp_loss":0,"event_name":"Golden Shrine","floor":7,"gold_loss":0},{"cards_removed":["Strike_B"],"damage_healed":0,"gold_gain":0,"player_choice":"Card Removal","damage_taken":0,"max_hp_gain":0,"max_hp_loss":0,"event_name":"The Cleric","floor":11,"gold_loss":50},{"damage_healed":0,"gold_gain":200,"player_choice":"Gold","damage_taken":0,"max_hp_gain":0,"max_hp_loss":0,"event_name":"Wheel of Change","floor":19,"gold_loss":0}],"is_beta":false,"boss_relics":[{"not_picked":["Calling Bell","Inserter"],"picked":"Busted Crown"}],"items_purged_floors":[3],"is_endless":false,"potions_floor_spawned":[6,10],"killed_by":"3 Cultists","ascension_level":10}