{"gold_per_floor":[213,100,120,132,143,171,171,201,201,235,410,410,177,147,147,244,244,169,169,123,123,123,142,142,142,142,142,155,155,172,192,192,192],"floor_reached":33,"playtime":3332,"items_purged":["Strike_B","Doubt"],"score":326,"play_id":"82965037-fb32-484a-99e7-7ca631c93f0b","local_time":"20190814191313","is_ascension_mode":true,"campfire_choices":[{"floor":7.0,"key":"REST"},{"floor":15.0,"key":"REST"},{"data":"Undo","floor":25,"key":"SMITH"},{"data":"Coolheaded","floor":27,"key":"SMITH"},{"floor":29,"key":"REST"},{"data":"Glacier","floor":32,"key":"SMITH"}],"neow_cost":"NONE","seed_source_timestamp":285154820332857,"circlet_count":0,"master_deck":["Defend_B","Defend_B","Defend_B","Defend_B","Zap","Dualcast","Reinforced Body","Coolheaded+1","White Noise","Coolheaded+1","Chill","Loop","Self Repair","Cold Snap","Chill","Machine Learning","Bite","Bite","Bite","Bite","Bite","Cold Snap","Undo+1","Sweeping Beam","Glacier+1"],"special_seed":0,"relics":["Cracked Core","Juzu Bracelet","Darkstone Periapt","Unceasing Top","Inserter","MutagenicStrength","Kunai"],"potions_floor_usage":[33],"damage_taken":[{"damage":7.0,"enemies":"Jaw Worm","floor":1.0,"turns":3.0},{"damage":1.0,"enemies":"2 Louse","floor":3.0,"turns":3.0},{"damage":0.0,"enemies":"Cultist","floor":4.0,"turns":4.0},{"damage":12.0,"enemies":"Exordium Thugs","floor":5.0,"turns":6.0},{"damage":23.0,"enemies":"3 Sentries","floor":6.0,"turns":6.0},{"damage":28.0,"enemies":"Gremlin Nob","floor":10.0,"turns":6.0},{"damage":0.0,"enemies":"Looter","floor":14.0,"turns":4.0},{"damage":49.0,"enemies":"Hexaghost","floor":16.0,"turns":20.0},{"damage":1.0,"enemies":"2 Thieves","floor":18.0,"turns":5.0},{"damage":32.0,"enemies":"Chosen","floor":23.0,"turns":9.0},{"damage":41,"enemies":"Snake Plant","floor":28,"turns":7},{"damage":26,"enemies":"Centurion and Healer","floor":30,"turns":15},{"damage":30,"enemies":"Chosen and Byrds","floor":31,"turns":9},{"damage":72,"enemies":"Collector","floor":33,"turns":6}],"seed_played":"-5466255680504510908","potions_obtained":[{"floor":1.0,"key":"Poison Potion"},{"floor":3.0,"key":"Energy Potion"},{"floor":23.0,"key":"Strength Potion"},{"floor":30,"key":"Poison Potion"}],"is_trial":false,"path_per_floor":["M","$","M","M","M","E","R","?","T","E","?","?","$","M","R","B",null,"M","?","$","$","?","M","?","R","T","R","M","R","M","M","R","B"],"character_chosen":"DEFECT","items_purchased":["Reinforced Body","Self Repair","Cold Snap","Cold Snap"],"campfire_rested":3,"item_purchase_floors":[2,13,13,20],"current_hp_per_floor":[68,68,67,67,55,32,54,54,54,26,32,32,32,39,63,21,81,80,56,56,56,56,45,45,45,45,45,27,43,56,43,43,0],"gold":192,"neow_bonus":"HUNDRED_GOLD","is_prod":false,"is_daily":false,"chose_seed":false,"campfire_upgraded":3,"win_rate":0,"timestamp":1565806393,"path_taken":["M","$","M","M","M","E","R","?","T","E","?","?","$","M","R","BOSS","M","?","?","$","?","M","?","R","T","R","M","R","M","M","R","BOSS"],"build_version":"2019-07-17","purchased_purges":2,"victory":false,"max_hp_per_floor":[75,75,75,75,75,75,75,75,75,75,81,81,81,81,81,81,81,81,56,56,56,56,56,56,56,56,56,56,56,56,56,56,56],"card_choices":[{"not_picked":["Redo","Steam","Melter"],"picked":"SKIP","floor":1.0},{"not_picked":["Streamline","Steam Power"],"picked":"Coolheaded","floor":3.0},{"not_picked":["Sweeping Beam","Go for the Eyes"],"picked":"White Noise","floor":4.0},{"not_picked":["Sweeping Beam","Consume"],"picked":"Coolheaded","floor":5.0},{"not_picked":["Reinforced Body","Steam Power"],"picked":"Chill","floor":6.0},{"not_picked":["Reboot","Go for the Eyes"],"picked":"Loop","floor":10.0},{"not_picked":["Rebound","Redo"],"picked":"Chill","floor":14.0},{"not_picked":["Meteor Strike","Buffer"],"picked":"Machine Learning","floor":16.0},{"not_picked":["Compile Driver+1","Streamline","Chaos"],"picked":"SKIP","floor":18.0},{"not_picked":["Doom and Gloom","Auto Shields+1"],"picked":"Sweeping Beam","floor":23.0},{"not_picked":["Scrape+1","Streamline","Compile Driver"],"picked":"SKIP","floor":28},{"not_picked":["Echo Form","FTL"],"picked":"Glacier","floor":30},{"not_picked":["Coolheaded","Rebound","Stack"],"picked":"SKIP","floor":31}],"player_experience":361032,"relics_obtained":[{"floor":6.0,"key":"Juzu Bracelet"},{"floor":9.0,"key":"Darkstone Periapt"},{"floor":10.0,"key":"Unceasing Top"},{"floor":26,"key":"Kunai"}],"event_choices":[{"damage_healed":0.0,"max_hp_gain":0.0,"max_hp_loss":0.0,"gold_gain":30.0,"event_name":"Dead Adventurer","player_choice":"Searched \u00271\u0027 times","floor":8.0,"gold_loss":0.0,"damage_taken":0.0},{"damage_healed":0.0,"max_hp_gain":0.0,"max_hp_loss":0.0,"gold_gain":175.0,"event_name":"Liars Game","player_choice":"AGREE","floor":11.0,"gold_loss":0.0,"damage_taken":0.0,"cards_obtained":["Doubt"]},{"damage_healed":0.0,"max_hp_gain":0.0,"max_hp_loss":0.0,"gold_gain":0.0,"event_name":"Accursed Blacksmith","player_choice":"Forge","floor":12.0,"gold_loss":0.0,"damage_taken":0.0,"cards_upgraded":["Coolheaded"]},{"damage_healed":0.0,"max_hp_gain":0.0,"max_hp_loss":25.0,"gold_gain":0.0,"event_name":"Vampires","player_choice":"Became a vampire","floor":19.0,"gold_loss":0.0,"damage_taken":0.0,"cards_obtained":["Bite","Bite","Bite","Bite","Bite"]},{"damage_healed":0.0,"max_hp_gain":0.0,"max_hp_loss":0.0,"gold_gain":0.0,"event_name":"The Library","player_choice":"Read","floor":22.0,"gold_loss":0.0,"damage_taken":0.0,"cards_obtained":["Undo"]},{"damage_healed":0,"gold_gain":0,"player_choice":"Inject Mutagens","damage_taken":0,"relics_obtained":["MutagenicStrength"],"max_hp_gain":0,"max_hp_loss":0,"event_name":"Drug Dealer","floor":24,"gold_loss":0}],"is_beta":false,"boss_relics":[{"not_picked":["Busted Crown","Ectoplasm"],"picked":"Inserter"}],"items_purged_floors":[2,13],"is_endless":false,"potions_floor_spawned":[1,3,23,30],"killed_by":"Collector","ascension_level":4}