{"gold_per_floor":[11,11,11,25,50,50,61,61,84,100,120,145,145,175,175,273,273,292,292,306,231,276,276,138,154,224,224,237,267,44,58,58,161,161,172,172,183,183,183,211,211,224,224,224,237,197,197,211,211,211],"floor_reached":51,"playtime":5824,"items_purged":["Strike_G","Strike_G","Strike_G"],"score":1410,"play_id":"80aef76d-e35e-40ad-bc71-b295a450c63c","local_time":"20180706145116","is_ascension_mode":true,"campfire_choices":[{"data":"Cloak And Dagger","floor":6.0,"key":"SMITH"},{"data":"Neutralize","floor":8.0,"key":"SMITH"},{"data":"Terror","floor":13.0,"key":"SMITH"},{"data":"Dash","floor":15.0,"key":"SMITH"},{"data":"Noxious Fumes","floor":23.0,"key":"SMITH"},{"data":"Well Laid Plans","floor":27.0,"key":"SMITH"},{"floor":32.0,"key":"REST"},{"data":"Footwork","floor":41.0,"key":"SMITH"},{"floor":44.0,"key":"REST"},{"data":"Footwork","floor":47.0,"key":"SMITH"},{"floor":49.0,"key":"REST"}],"neow_cost":"NO_GOLD","seed_source_timestamp":1508506628610784,"circlet_count":0,"master_deck":["Defend_G","Defend_G","Defend_G","Defend_G","Strike_G+1","Survivor","Neutralize+1","Die Die Die+1","Cloak And Dagger+1","Dagger Spray","Dash+1","Infinite Blades","Dagger Spray","Terror+1","Slice","Noxious Fumes+1","Cloak And Dagger","Well Laid Plans+1","Leg Sweep","Footwork+1","Footwork+1","Backflip","Malaise","Cloak And Dagger","Blade Dance+1","Infinite Blades","Dodge and Roll+1","Backflip+1","Caltrops","Cloak And Dagger+1"],"special_seed":0,"relics":["Ring of the Snake","Pen Nib","Whetstone","Singing Bowl","Dream Catcher","Sozu","Regal Pillow","Matryoshka","Orichalcum","Ice Cream","Mercury Hourglass","Potion Belt","Lantern"],"potions_floor_usage":[],"damage_taken":[{"damage":2.0,"enemies":"Jaw Worm","floor":1.0,"turns":4.0},{"damage":1.0,"enemies":"Small Slimes","floor":4.0,"turns":3.0},{"damage":0.0,"enemies":"Cultist","floor":7.0,"turns":3.0},{"damage":0.0,"enemies":"Red Slaver","floor":10.0,"turns":3.0},{"damage":0.0,"enemies":"Lots of Slimes","floor":11.0,"turns":1.0},{"damage":0.0,"enemies":"Lagavulin","floor":12.0,"turns":7.0},{"damage":0.0,"enemies":"Gremlin Nob","floor":14.0,"turns":2.0},{"damage":0.0,"enemies":"Slime Boss","floor":16.0,"turns":6.0},{"damage":1.0,"enemies":"Spheric Guardian","floor":18.0,"turns":3.0},{"damage":0.0,"enemies":"Shell Parasite","floor":20.0,"turns":4.0},{"damage":12.0,"enemies":"Snake Plant","floor":25.0,"turns":3.0},{"damage":2.0,"enemies":"Chosen and Byrds","floor":28.0,"turns":5.0},{"damage":10.0,"enemies":"Book of Stabbing","floor":29.0,"turns":6.0},{"damage":3.0,"enemies":"Snecko","floor":31.0,"turns":5.0},{"damage":53.0,"enemies":"Champ","floor":33.0,"turns":19.0},{"damage":26.0,"enemies":"3 Darklings","floor":35.0,"turns":6.0},{"damage":5.0,"floor":36.0,"turns":9.0},{"damage":18.0,"enemies":"3 Shapes","floor":37.0,"turns":6.0},{"damage":32.0,"enemies":"Nemesis","floor":40.0,"turns":7.0},{"damage":3.0,"enemies":"Maw","floor":42.0,"turns":8.0},{"damage":5.0,"enemies":"3 Darklings","floor":45.0,"turns":4.0},{"damage":4.0,"enemies":"Sphere and 2 Shapes","floor":48.0,"turns":6.0},{"damage":34,"enemies":"Donu and Deca","floor":50,"turns":14}],"seed_played":"2884591514491679058","potions_obtained":[{"floor":4.0,"key":"SkillPotion"},{"floor":7.0,"key":"SkillPotion"},{"floor":11.0,"key":"EssenceOfSteel"},{"floor":16.0,"key":"Regen Potion"}],"is_trial":false,"path_per_floor":["M","?","?","M","T","R","M","R","T","M","M","E","R","E","R","B",null,"M","?","M","$","T","R","$","M","T","R","M","E","$","M","R","B",null,"M","?","M","?","?","E","R","M","T","R","M","$","R","M","R","B"],"character_chosen":"THE_SILENT","items_purchased":["Well Laid Plans","Footwork","Backflip","Caltrops"],"campfire_rested":3,"item_purchase_floors":[24,30,30,46],"current_hp_per_floor":[61,61,61,60,60,60,60,60,60,60,60,60,60,60,60,62,70,69,69,69,69,69,69,69,57,57,57,70,62,62,59,74,23,63,39,34,18,18,70,40,40,37,37,72,69,69,69,67,76,42],"gold":211,"neow_bonus":"THREE_RARE_CARDS","is_prod":false,"is_daily":false,"chose_seed":false,"campfire_upgraded":8,"win_rate":0,"timestamp":1530885076,"path_taken":["M","?","?","M","?","R","M","R","T","?","M","E","R","E","R","BOSS","M","?","M","$","?","R","$","?","T","R","M","E","$","M","R","BOSS","M","?","M","?","?","E","R","M","T","R","?","$","R","M","R","BOSS"],"build_version":"2018-07-05","purchased_purges":3,"victory":true,"max_hp_per_floor":[70,70,70,70,70,70,70,70,70,70,70,70,70,70,70,72,72,72,72,72,72,72,72,72,72,72,72,72,74,74,74,74,76,76,78,78,80,80,70,72,72,72,72,72,74,74,74,76,76,76],"card_choices":[{"not_picked":["Burst","Unload"],"picked":"Die Die Die","floor":0.0},{"not_picked":["Poisoned Stab","Skewer"],"picked":"Cloak And Dagger","floor":1.0},{"not_picked":["Prepared","Deflect"],"picked":"Dagger Spray","floor":4.0},{"not_picked":["Choke","Setup"],"picked":"Dash","floor":7.0},{"not_picked":["Endless Agony","Dash"],"picked":"Infinite Blades","floor":10.0},{"not_picked":["Poisoned Stab","Prepared"],"picked":"Dagger Spray","floor":11.0},{"not_picked":["Dagger Spray","Bane"],"picked":"Terror","floor":12.0},{"not_picked":["Leg Sweep","Quick Slash"],"picked":"Slice","floor":14.0},{"not_picked":["Storm of Steel","Corpse Explosion","Burst"],"picked":"Singing Bowl","floor":16.0},{"not_picked":["Poisoned Stab+1","Terror+1"],"picked":"Noxious Fumes","floor":18.0},{"not_picked":["Outmaneuver+1","Quick Slash+1"],"picked":"Cloak And Dagger","floor":20.0},{"not_picked":["Deadly Poison","Outmaneuver"],"picked":"Leg Sweep","floor":25.0},{"not_picked":["Bouncing Flask","Slice"],"picked":"Footwork","floor":28.0},{"not_picked":["Dagger Throw","Flechettes","Quick Slash"],"picked":"Singing Bowl","floor":29.0},{"not_picked":["Expertise","Heel Hook"],"picked":"Malaise","floor":31.0},{"not_picked":["Quick Slash","Dagger Spray"],"picked":"Cloak And Dagger","floor":32.0},{"not_picked":["Venomology","Burst","Storm of Steel"],"picked":"Singing Bowl","floor":33.0},{"not_picked":["PiercingWail","Outmaneuver","Backflip"],"picked":"Singing Bowl","floor":35.0},{"not_picked":["Backflip","Bane"],"picked":"Blade Dance+1","floor":36.0},{"not_picked":["Deflect+1","Reflex","Flying Knee"],"picked":"Singing Bowl","floor":37.0},{"not_picked":["Dash","PiercingWail","Quick Slash+1"],"picked":"Singing Bowl","floor":40.0},{"not_picked":["Flechettes","Dagger Spray"],"picked":"Dodge and Roll+1","floor":42.0},{"not_picked":["Corpse Explosion","Acrobatics+1"],"picked":"Backflip+1","floor":44.0},{"not_picked":["All Out Attack","Sucker Punch","Reflex"],"picked":"Singing Bowl","floor":45.0},{"not_picked":["Dagger Throw","Cloak And Dagger","Underhanded Strike"],"picked":"Singing Bowl","floor":48.0},{"not_picked":["Quick Slash+1","Dagger Throw+1"],"picked":"Cloak And Dagger+1","floor":49.0}],"player_experience":381731,"relics_obtained":[{"floor":5.0,"key":"Pen Nib"},{"floor":9.0,"key":"Whetstone"},{"floor":12.0,"key":"Singing Bowl"},{"floor":14.0,"key":"Dream Catcher"},{"floor":22.0,"key":"Regal Pillow"},{"floor":26.0,"key":"Matryoshka"},{"floor":29.0,"key":"Orichalcum"},{"floor":36.0,"key":"Ice Cream"},{"floor":40.0,"key":"Mercury Hourglass"},{"floor":43.0,"key":"Potion Belt"},{"floor":43.0,"key":"Lantern"}],"event_choices":[{"event_name":"Scrap Ooze","player_choice":"unsuccessful","floor":2.0,"damage_taken":0.0},{"event_name":"Liars Game","player_choice":"disagreed","floor":3.0,"damage_taken":0.0},{"event_name":"Purifier","player_choice":"One Purge","floor":19.0,"damage_taken":0.0},{"event_name":"MindBloom","player_choice":"Fight","floor":36.0,"damage_taken":0.0},{"event_name":"Transmorgrifier","player_choice":"Transform","floor":38.0,"damage_taken":0.0},{"event_name":"The Moai Head","player_choice":"Heal","floor":39.0,"damage_taken":0.0}],"boss_relics":[{"not_picked":["Empty Cage","Ectoplasm"],"picked":"Sozu"},{"not_picked":["Black Star","Fusion Hammer","Coffee Dripper"]}],"items_purged_floors":[21,24,30],"is_endless":false,"potions_floor_spawned":[4,7,11,16,18,20,31,33,35,36,42],"ascension_level":9}