{"gold_per_floor":[112,128,128,148,148,148,161,179,204,204,231,247,264,281,281,380,380,380],"floor_reached":18,"playtime":1408,"items_purged":[],"score":166,"play_id":"36b4e43e-e9a9-437d-b1be-fa2adc961e95","local_time":"20190805181206","is_ascension_mode":false,"campfire_choices":[{"data":"Cold Snap","floor":6,"key":"SMITH"},{"floor":10,"key":"REST"},{"floor":15,"key":"REST"}],"neow_cost":"NONE","seed_source_timestamp":399200139829690,"circlet_count":0,"master_deck":["Strike_B","Strike_B+1","Strike_B","Strike_B+1","Defend_B","Defend_B","Defend_B","Defend_B","Zap","Dualcast","Redo","Reinforced Body","Cold Snap+1","Defragment","Gash","Capacitor","Loop","Sweeping Beam","Melter","Buffer"],"relics":["FrozenCore","Vajra","Anchor","Whetstone"],"potions_floor_usage":[16,16],"damage_taken":[{"damage":0,"enemies":"Cultist","floor":1,"turns":4},{"damage":1,"enemies":"2 Louse","floor":2,"turns":2},{"damage":3,"enemies":"Jaw Worm","floor":4,"turns":4},{"damage":0,"enemies":"3 Louse","floor":7,"turns":4},{"damage":0,"enemies":"2 Fungi Beasts","floor":8,"turns":3},{"damage":35,"enemies":"Gremlin Nob","floor":11,"turns":5},{"damage":0,"enemies":"Looter","floor":12,"turns":2},{"damage":10,"enemies":"Exordium Wildlife","floor":13,"turns":4},{"damage":7,"enemies":"Exordium Thugs","floor":14,"turns":3},{"damage":15,"enemies":"Slime Boss","floor":16,"turns":10},{"damage":0,"enemies":"Chosen","floor":18,"turns":2}],"seed_played":"6775045525343153086","potions_obtained":[{"floor":7,"key":"Explosive Potion"},{"floor":8,"key":"GamblersBrew"},{"floor":13,"key":"Regen Potion"}],"is_trial":false,"path_per_floor":["M","M","?","M","?","R","M","M","T","R","E","M","M","M","R","B",null,"M"],"character_chosen":"DEFECT","items_purchased":[],"campfire_rested":2,"item_purchase_floors":[],"current_hp_per_floor":[82,81,81,78,45,45,45,45,45,69,34,34,24,17,41,41,82,82],"gold":380,"neow_bonus":"TEN_PERCENT_HP_BONUS","is_prod":false,"is_daily":false,"chose_seed":false,"campfire_upgraded":1,"win_rate":0.0,"timestamp":1565021526,"path_taken":["M","M","?","?","?","R","M","M","T","R","E","M","M","M","R","BOSS","M"],"build_version":"2019-07-17","purchased_purges":0,"victory":false,"max_hp_per_floor":[82,82,82,82,82,82,82,82,82,82,82,82,82,82,82,82,82,82],"card_choices":[{"not_picked":["Steam","Streamline"],"picked":"Redo","floor":1},{"not_picked":["Leap","Ball Lightning"],"picked":"Reinforced Body","floor":2},{"not_picked":["Compile Driver","Gash"],"picked":"Cold Snap","floor":4},{"not_picked":["Redo","Barrage"],"picked":"Defragment","floor":7},{"not_picked":["Stack","Compile Driver"],"picked":"Gash","floor":8},{"not_picked":["Aggregate","Self Repair"],"picked":"Capacitor","floor":11},{"not_picked":["Hologram","Defragment"],"picked":"Loop","floor":12},{"not_picked":["Go for the Eyes","Leap"],"picked":"Sweeping Beam","floor":13},{"not_picked":["Fission","Compile Driver"],"picked":"Melter","floor":14},{"not_picked":["Seek","Amplify"],"picked":"Buffer","floor":16}],"player_experience":8096,"relics_obtained":[{"floor":9,"key":"Anchor"},{"floor":11,"key":"Whetstone"}],"event_choices":[{"damage_healed":0,"gold_gain":0,"player_choice":"Bought 0 Potions","damage_taken":0,"max_hp_gain":0,"max_hp_loss":0,"event_name":"The Woman in Blue","floor":3,"gold_loss":0},{"damage_healed":0,"gold_gain":0,"player_choice":"Success","damage_taken":33,"relics_obtained":["Vajra"],"max_hp_gain":0,"max_hp_loss":0,"event_name":"Scrap Ooze","floor":5,"gold_loss":0}],"is_beta":false,"boss_relics":[{"not_picked":["Black Star","Velvet Choker"],"picked":"FrozenCore"}],"items_purged_floors":[],"is_endless":false,"potions_floor_spawned":[7,8,13],"killed_by":"Chosen","ascension_level":0}