{"gold_per_floor":[113,4,16,16,34,34,69,69,69,69,82,101,114,0,0,124,124,149,149,149,164,183,183,183],"floor_reached":24,"playtime":1832,"items_purged":["Strike_G"],"score":257,"play_id":"29f7c0f0-e076-427f-9282-0aab0bc5f101","local_time":"20181212020438","is_ascension_mode":true,"campfire_choices":[{"data":"Footwork","floor":6,"key":"SMITH"},{"floor":8,"key":"REST"},{"data":"Footwork","floor":15,"key":"SMITH"},{"floor":23,"key":"REST"}],"neow_cost":"NONE","seed_source_timestamp":183119812844909,"circlet_count":0,"master_deck":["Defend_G","Defend_G","Defend_G","Defend_G","Defend_G","Strike_G","Strike_G","Survivor","Neutralize+1","Cloak And Dagger","Footwork+1","Escape Plan","Backflip","Noxious Fumes+1","Dodge and Roll","Cloak And Dagger","Caltrops","Footwork+1","Die Die Die","Caltrops","Backflip","Dodge and Roll"],"relics":["Ring of the Snake","Golden Idol","Singing Bowl","Bottled Lightning","Empty Cage"],"potions_floor_usage":[7,22,24,24],"damage_taken":[{"damage":0,"enemies":"Cultist","floor":1,"turns":3},{"damage":0,"enemies":"Jaw Worm","floor":3,"turns":6},{"damage":6,"enemies":"Small Slimes","floor":5,"turns":4},{"damage":4,"enemies":"Lagavulin","floor":7,"turns":11},{"damage":5,"enemies":"3 Louse","floor":11,"turns":5},{"damage":0,"enemies":"Exordium Wildlife","floor":12,"turns":7},{"damage":0,"enemies":"Large Slime","floor":13,"turns":7},{"damage":5,"enemies":"Slime Boss","floor":16,"turns":14},{"damage":4,"enemies":"3 Byrds","floor":18,"turns":4},{"damage":1,"enemies":"Shell Parasite","floor":21,"turns":7},{"damage":41,"enemies":"3 Cultists","floor":22,"turns":8},{"damage":51,"enemies":"Slavers","floor":24,"turns":6}],"seed_played":"-1656189688474420987","potions_obtained":[{"floor":3,"key":"SpeedPotion"},{"floor":5,"key":"Weak Potion"},{"floor":13,"key":"GamblersBrew"},{"floor":18,"key":"Swift Potion"},{"floor":22,"key":"AttackPotion"}],"is_trial":false,"path_per_floor":["M","$","M","?","M","R","E","R","T","?","M","M","M","$","R","B",null,"M","$","?","M","M","R","E"],"character_chosen":"THE_SILENT","items_purchased":["Footwork","Escape Plan","Footwork"],"campfire_rested":2,"item_purchase_floors":[2,2,14],"current_hp_per_floor":[63,63,63,46,40,40,36,57,57,57,52,54,54,54,54,49,66,62,62,62,61,20,41,0],"gold":183,"neow_bonus":"UPGRADE_CARD","is_prod":false,"is_daily":false,"chose_seed":false,"campfire_upgraded":2,"win_rate":0,"timestamp":1544580278,"path_taken":["M","$","M","?","M","R","E","R","T","?","M","?","M","$","R","BOSS","M","$","?","M","M","R","E"],"build_version":"2018-12-06","purchased_purges":1,"victory":false,"max_hp_per_floor":[70,70,70,70,70,70,70,70,70,70,70,72,72,72,72,72,72,72,72,72,72,72,72,72],"card_choices":[{"not_picked":["Prepared","Sucker Punch"],"picked":"Cloak And Dagger","floor":1},{"not_picked":["Die Die Die","Underhanded Strike"],"picked":"Backflip","floor":3},{"not_picked":["Concentrate","Sucker Punch"],"picked":"Noxious Fumes","floor":5},{"not_picked":["Sucker Punch","Distraction"],"picked":"Dodge and Roll","floor":7},{"not_picked":["Backstab","Endless Agony"],"picked":"Cloak And Dagger","floor":11},{"not_picked":["Distraction","Calculated Gamble","Skewer"],"picked":"Singing Bowl","floor":12},{"not_picked":["Accuracy","Deflect"],"picked":"Caltrops","floor":13},{"not_picked":["A Thousand Cuts","Glass Knife"],"picked":"Die Die Die","floor":16},{"not_picked":["Underhanded Strike+1","Deadly Poison+1"],"picked":"Caltrops","floor":18},{"not_picked":["Dash","Eviscerate"],"picked":"Backflip","floor":21},{"not_picked":["Skewer+1","Blade Dance"],"picked":"Dodge and Roll","floor":22}],"player_experience":294681,"relics_obtained":[{"floor":7,"key":"Singing Bowl"},{"floor":9,"key":"Bottled Lightning"}],"event_choices":[{"damage_healed":0,"gold_gain":0,"player_choice":"Take Damage","damage_taken":17,"relics_obtained":["Golden Idol"],"max_hp_gain":0,"max_hp_loss":0,"event_name":"Golden Idol","floor":4,"gold_loss":0},{"damage_healed":0,"gold_gain":0,"player_choice":"Upgraded","damage_taken":0,"max_hp_gain":0,"max_hp_loss":0,"event_name":"Upgrade Shrine","floor":10,"gold_loss":0,"cards_upgraded":["Noxious Fumes"]},{"damage_healed":0,"gold_gain":0,"player_choice":"Ignored","damage_taken":0,"max_hp_gain":0,"max_hp_loss":0,"event_name":"The Mausoleum","floor":20,"gold_loss":0}],"is_beta":false,"boss_relics":[{"not_picked":["Lizard Tail","Busted Crown"],"picked":"Empty Cage"}],"items_purged_floors":[14],"is_endless":false,"potions_floor_spawned":[3,5,13,18,22],"killed_by":"Slavers","ascension_level":6}