{"gold_per_floor":[115,47,47,47,60,94,94,105,105,117,117,117,117,6,6,107,107,123,135,145,159,169,169,244,255,255,255,273,273,80,91,91,194,194,211,230,63,75,175,175,191,191,265,265,265,15,32,42,42,42],"floor_reached":50,"playtime":4499,"items_purged":["Strike_G","Strike_G","Strike_G"],"score":538,"play_id":"3d7a9b2d-11ea-4a3f-aa60-506a99674b3a","local_time":"20181130014444","is_ascension_mode":true,"campfire_choices":[{"floor":7.0,"key":"REST"},{"data":"Noxious Fumes","floor":11.0,"key":"SMITH"},{"floor":15.0,"key":"REST"},{"floor":23.0,"key":"REST"},{"floor":27.0,"key":"REST"},{"data":"Infinite Blades","floor":29.0,"key":"SMITH"},{"data":"Caltrops","floor":32.0,"key":"SMITH"},{"data":"Malaise","floor":40,"key":"SMITH"},{"data":"Well Laid Plans","floor":42,"key":"SMITH"},{"data":"Catalyst","floor":45,"key":"SMITH"},{"data":"Envenom","floor":49,"key":"SMITH"}],"neow_cost":"PERCENT_DAMAGE","seed_source_timestamp":0,"circlet_count":0,"master_deck":["Defend_G","Defend_G","Defend_G","Defend_G","Defend_G","Strike_G","Survivor","Neutralize","Cloak And Dagger","A Thousand Cuts+1","Noxious Fumes+1","Slice","Catalyst+1","PiercingWail","Caltrops+1","Glass Knife","Cloak And Dagger","Backstab+1","Poisoned Stab","Deadly Poison","Poisoned Stab","Backflip","Infinite Blades+1","Infinite Blades+1","Die Die Die","Bane+1","Malaise+1","Well Laid Plans+1","Backflip","Envenom+1","Deadly Poison","Deadly Poison+1","Backflip+1"],"special_seed":0,"relics":["Ring of the Snake","Pocketwatch","Matryoshka","Bag of Marbles","Shuriken","Eternal Feather","Singing Bowl","Dodecahedron","TwistedFunnel","Sozu","Mango","Letter Opener"],"potions_floor_usage":[38,50],"damage_taken":[{"damage":0.0,"enemies":"2 Louse","floor":1.0,"turns":3.0},{"damage":0.0,"enemies":"Jaw Worm","floor":5.0,"turns":4.0},{"damage":28.0,"enemies":"Gremlin Nob","floor":6.0,"turns":5.0},{"damage":0.0,"enemies":"Small Slimes","floor":8.0,"turns":3.0},{"damage":0.0,"enemies":"Blue Slaver","floor":10.0,"turns":4.0},{"damage":17.0,"enemies":"Slime Boss","floor":16.0,"turns":7.0},{"damage":19.0,"enemies":"2 Thieves","floor":18.0,"turns":5.0},{"damage":18.0,"enemies":"3 Byrds","floor":19.0,"turns":2.0},{"damage":4.0,"enemies":"3 Cultists","floor":20.0,"turns":5.0},{"damage":11.0,"enemies":"Chosen and Byrds","floor":21.0,"turns":7.0},{"damage":7.0,"enemies":"Snecko","floor":22.0,"turns":4.0},{"damage":12.0,"enemies":"Snake Plant","floor":25.0,"turns":3.0},{"damage":19.0,"enemies":"Chosen and Byrds","floor":28.0,"turns":5.0},{"damage":3.0,"enemies":"Centurion and Healer","floor":31.0,"turns":6.0},{"damage":65.0,"enemies":"Champ","floor":33.0,"turns":10.0},{"damage":0,"enemies":"3 Shapes","floor":35,"turns":5},{"damage":3,"enemies":"Orb Walker","floor":36,"turns":2},{"damage":0,"enemies":"Transient","floor":38,"turns":5},{"damage":4,"enemies":"Mind Bloom Boss Battle","floor":39,"turns":5},{"damage":8,"enemies":"Jaw Worm Horde","floor":41,"turns":4},{"damage":3,"enemies":"Sphere and 2 Shapes","floor":47,"turns":7},{"damage":29,"enemies":"Writhing Mass","floor":48,"turns":6},{"damage":82,"enemies":"Awakened One","floor":50,"turns":7}],"seed_played":"-6604449298533900275","potions_obtained":[{"floor":5.0,"key":"Ancient Potion"},{"floor":16.0,"key":"SkillPotion"},{"floor":18.0,"key":"Fruit Juice"},{"floor":21.0,"key":"Swift Potion"},{"floor":28.0,"key":"FearPotion"},{"floor":31.0,"key":"GamblersBrew"},{"floor":33.0,"key":"AttackPotion"}],"is_trial":false,"path_per_floor":["M","$","?","$","M","E","R","M","T","M","R","?","?","$","R","B",null,"M","M","M","M","M","R","?","M","T","R","M","R","$","M","R","B",null,"M","M","$","M","?","R","M","R","T","?","R","$","M","M","R","B"],"character_chosen":"THE_SILENT","items_purchased":["A Thousand Cuts","Caltrops","TwistedFunnel","Well Laid Plans","Envenom","Deadly Poison"],"campfire_rested":4,"item_purchase_floors":[2,14,30,37,46,46],"current_hp_per_floor":[49,49,49,49,49,21,42,42,42,42,42,42,35,35,56,39,70,51,33,29,18,11,44,37,25,25,58,39,54,54,56,71,6,75,75,72,72,74,84,91,85,93,93,93,93,93,90,61,79,0],"gold":42,"neow_bonus":"ONE_RARE_RELIC","is_prod":false,"is_daily":false,"chose_seed":false,"campfire_upgraded":7,"win_rate":0,"timestamp":1543542284,"path_taken":["M","$","?","$","M","E","R","M","T","M","R","?","?","$","R","BOSS","M","M","M","M","M","R","?","M","T","R","M","R","$","?","R","BOSS","M","M","$","M","?","R","M","R","T","?","R","$","M","M","R","BOSS"],"build_version":"2018-11-15","purchased_purges":3,"victory":false,"max_hp_per_floor":[70,70,70,70,70,70,70,70,70,70,70,70,70,70,70,70,70,70,70,70,70,70,70,70,70,70,70,70,70,70,75,75,75,75,75,75,75,77,91,91,93,93,93,93,93,93,93,93,93,93],"card_choices":[{"not_picked":["Prepared","Deadly Poison"],"picked":"Cloak And Dagger","floor":1.0},{"not_picked":["Backflip","Prepared"],"picked":"Noxious Fumes","floor":5.0},{"not_picked":["Acrobatics","Distraction"],"picked":"Slice","floor":6.0},{"not_picked":["Flying Knee","Dagger Spray"],"picked":"Catalyst","floor":8.0},{"not_picked":["Grand Finale","Masterful Stab"],"picked":"PiercingWail","floor":10.0},{"not_picked":["Storm of Steel","Night Terror"],"picked":"Glass Knife","floor":16.0},{"not_picked":["Poisoned Stab","Dagger Throw+1"],"picked":"Cloak And Dagger","floor":18.0},{"not_picked":["Endless Agony","Blur"],"picked":"Backstab+1","floor":19.0},{"not_picked":["Outmaneuver+1","Deadly Poison"],"picked":"Poisoned Stab","floor":20.0},{"not_picked":["Outmaneuver","PiercingWail"],"picked":"Deadly Poison","floor":21.0},{"not_picked":["Deadly Poison","Quick Slash"],"picked":"Poisoned Stab","floor":22.0},{"not_picked":["Quick Slash","Slice"],"picked":"Backflip","floor":25.0},{"not_picked":["PiercingWail","Catalyst"],"picked":"Infinite Blades","floor":28.0},{"not_picked":["Quick Slash","Setup+1"],"picked":"Infinite Blades+1","floor":31.0},{"not_picked":["Bullet Time","Wraith Form v2"],"picked":"Die Die Die","floor":33.0},{"not_picked":["Prepared+1","Underhanded Strike"],"picked":"Bane+1","floor":35},{"not_picked":["Bane","Setup+1"],"picked":"Malaise","floor":36},{"not_picked":["Blur","Prepared+1","Setup"],"picked":"Singing Bowl","floor":38},{"not_picked":["Cloak And Dagger+1","Expertise"],"picked":"Backflip","floor":39},{"not_picked":["Poisoned Stab","Finisher+1","Tactician+1"],"picked":"Singing Bowl","floor":41},{"not_picked":["Flechettes+1","Blur+1"],"picked":"Deadly Poison+1","floor":47},{"not_picked":["Dagger Throw+1","Flying Knee"],"picked":"Backflip+1","floor":48}],"player_experience":221078,"relics_obtained":[{"floor":6.0,"key":"Matryoshka"},{"floor":9.0,"key":"Bag of Marbles"},{"floor":9.0,"key":"Shuriken"},{"floor":26.0,"key":"Singing Bowl"},{"floor":26.0,"key":"Dodecahedron"},{"floor":39,"key":"Mango"},{"floor":43,"key":"Letter Opener"}],"event_choices":[{"damage_healed":0.0,"max_hp_gain":0.0,"max_hp_loss":0.0,"gold_gain":0.0,"event_name":"Living Wall","player_choice":"Grow","floor":3.0,"gold_loss":0.0,"damage_taken":0.0,"cards_upgraded":["A Thousand Cuts"]},{"damage_healed":0.0,"max_hp_gain":0.0,"max_hp_loss":0.0,"gold_gain":0.0,"event_name":"Liars Game","player_choice":"Ignored","floor":12.0,"gold_loss":0.0,"damage_taken":0.0},{"cards_removed":["Strike_G"],"damage_healed":0.0,"max_hp_gain":0.0,"max_hp_loss":0.0,"gold_gain":0.0,"event_name":"Golden Wing","player_choice":"Card Removal","floor":13.0,"gold_loss":0.0,"damage_taken":7.0},{"damage_healed":0.0,"max_hp_gain":0.0,"max_hp_loss":0.0,"gold_gain":75.0,"event_name":"FaceTrader","player_choice":"Touch","floor":24.0,"gold_loss":0.0,"damage_taken":7.0},{"damage_healed":0,"gold_gain":0,"player_choice":"Fight","damage_taken":0,"max_hp_gain":0,"max_hp_loss":0,"event_name":"MindBloom","floor":39,"gold_loss":0},{"damage_healed":0,"gold_gain":0,"player_choice":"Ignored","damage_taken":0,"max_hp_gain":0,"max_hp_loss":0,"event_name":"Tomb of Lord Red Mask","floor":44,"gold_loss":0}],"is_beta":false,"boss_relics":[{"not_picked":["Busted Crown","Runic Pyramid"],"picked":"Eternal Feather"},{"not_picked":["Runic Dome","Empty Cage"],"picked":"Sozu"}],"items_purged_floors":[14,37,46],"is_endless":false,"potions_floor_spawned":[5,16,18,21,28,31,33,35,39,47],"killed_by":"Awakened One","ascension_level":3}