{"gold_per_floor":[110,110,185,202,218,243,243,254,305,305,305,324,345,247,247,247],"floor_reached":16,"playtime":731,"items_purged":["Regret"],"score":112,"play_id":"7ba15972-b1ed-406b-af50-569e7e7304a9","local_time":"20190811214042","is_ascension_mode":true,"campfire_choices":[{"floor":7,"key":"REST"},{"floor":15,"key":"REST"}],"neow_cost":"NONE","seed_source_timestamp":571737591572395,"circlet_count":0,"master_deck":["Strike_R","Strike_R","Strike_R","Strike_R+1","Strike_R","Defend_R","Defend_R+1","Defend_R","Defend_R","Bash","Blind","Heavy Blade","Cleave","True Grit","Dark Embrace","Infernal Blade","Injury","Rampage","Carnage","Shrug It Off"],"relics":["Burning Blood","Dodecahedron","Bronze Scales","Golden Idol","PreservedInsect"],"potions_floor_usage":[16,16,16],"damage_taken":[{"damage":4,"enemies":"2 Louse","floor":1,"turns":4},{"damage":4,"enemies":"Jaw Worm","floor":4,"turns":4},{"damage":2,"enemies":"Small Slimes","floor":5,"turns":2},{"damage":42,"enemies":"Gremlin Nob","floor":6,"turns":6},{"damage":2,"enemies":"Blue Slaver","floor":8,"turns":3},{"damage":29,"enemies":"Exordium Wildlife","floor":12,"turns":6},{"damage":6,"enemies":"3 Louse","floor":13,"turns":3},{"damage":58,"enemies":"Slime Boss","floor":16,"turns":10}],"seed_played":"-718590827958389723","potions_obtained":[{"floor":1,"key":"Poison Potion"},{"floor":6,"key":"EssenceOfSteel"},{"floor":13,"key":"FearPotion"}],"is_trial":false,"path_per_floor":["M","?","?","M","M","E","R","M","T","?","?","M","M","$","R","B"],"character_chosen":"IRONCLAD","items_purchased":["Shrug It Off"],"campfire_rested":2,"item_purchase_floors":[14],"current_hp_per_floor":[80,64,53,55,59,23,47,51,51,51,51,28,28,28,52,0],"gold":247,"neow_bonus":"RANDOM_COLORLESS","is_prod":false,"is_daily":false,"chose_seed":false,"campfire_upgraded":0,"win_rate":0,"timestamp":1565552442,"path_taken":["M","?","?","M","M","E","R","?","T","?","?","M","M","$","R","BOSS"],"build_version":"2019-07-17","purchased_purges":1,"victory":false,"max_hp_per_floor":[80,80,80,80,80,80,80,80,80,80,80,80,80,80,80,80],"card_choices":[{"not_picked":["Combust","Iron Wave"],"picked":"Heavy Blade","floor":1},{"not_picked":["Inflame","Twin Strike"],"picked":"Cleave","floor":4},{"not_picked":["Thunderclap","Reckless Charge"],"picked":"True Grit","floor":5},{"not_picked":["Havoc","Reckless Charge"],"picked":"Dark Embrace","floor":6},{"not_picked":["Power Through","Cleave"],"picked":"Infernal Blade","floor":8},{"not_picked":["Armaments","Dropkick"],"picked":"Rampage","floor":12},{"not_picked":["Thunderclap","Dual Wield"],"picked":"Carnage","floor":13}],"player_experience":86077,"relics_obtained":[{"floor":6,"key":"Dodecahedron"},{"floor":9,"key":"Bronze Scales"}],"event_choices":[{"damage_healed":0,"gold_gain":0,"player_choice":"Entered Light","damage_taken":16,"max_hp_gain":0,"max_hp_loss":0,"event_name":"Shining Light","floor":2,"gold_loss":0,"cards_upgraded":["Strike_R","Defend_R"]},{"damage_healed":0,"gold_gain":75,"player_choice":"Gather Gold","damage_taken":11,"max_hp_gain":0,"max_hp_loss":0,"event_name":"World of Goop","floor":3,"gold_loss":0},{"damage_healed":0,"gold_gain":0,"player_choice":"Take Wound","damage_taken":0,"relics_obtained":["Golden Idol"],"max_hp_gain":0,"max_hp_loss":0,"event_name":"Golden Idol","floor":10,"gold_loss":0,"cards_obtained":["Injury"]},{"damage_healed":0,"gold_gain":0,"player_choice":"Box","damage_taken":0,"relics_obtained":["PreservedInsect"],"max_hp_gain":0,"max_hp_loss":0,"event_name":"Big Fish","floor":11,"gold_loss":0,"cards_obtained":["Regret"]}],"is_beta":false,"boss_relics":[],"items_purged_floors":[14],"is_endless":false,"potions_floor_spawned":[1,6,13],"killed_by":"Slime Boss","ascension_level":2}