{"gold_per_floor":[116,24,42,54,13,43,43,61,61,61,91,91,109,122,122,122],"floor_reached":16,"playtime":694,"items_purged":[],"score":128,"play_id":"3934d2f1-a6c2-4873-b393-627ee78249d8","local_time":"20190718100555","is_ascension_mode":true,"campfire_choices":[{"data":"Armaments","floor":7,"key":"SMITH"},{"data":"Berserk","floor":10,"key":"SMITH"},{"floor":15,"key":"DIG"}],"neow_cost":"NONE","seed_source_timestamp":135761507642000,"circlet_count":0,"master_deck":["Strike_R","Strike_R","Strike_R","Strike_R","Defend_R","Defend_R","Defend_R","Defend_R","Bash","Headbutt","Feel No Pain","Shrug It Off","Armaments+1","Clash","Inflame","Berserk+1","Flame Barrier","Twin Strike","Clothesline"],"relics":["Burning Blood","Blood Vial","Du-Vu Doll","Gambling Chip","Shovel","Toxic Egg 2"],"potions_floor_usage":[13,16,16],"damage_taken":[{"damage":8,"enemies":"2 Louse","floor":1,"turns":3},{"damage":5,"enemies":"Cultist","floor":3,"turns":4},{"damage":2,"enemies":"Small Slimes","floor":4,"turns":3},{"damage":32,"enemies":"Lagavulin","floor":6,"turns":5},{"damage":0,"enemies":"3 Louse","floor":8,"turns":3},{"damage":0,"enemies":"Exordium Thugs","floor":13,"turns":4},{"damage":2,"enemies":"Large Slime","floor":14,"turns":5},{"damage":79,"enemies":"Hexaghost","floor":16,"turns":11}],"seed_played":"-185561989455516065","potions_obtained":[{"floor":1,"key":"Fire Potion"},{"floor":6,"key":"Fire Potion"},{"floor":13,"key":"GamblersBrew"}],"is_trial":false,"path_per_floor":["M","$","M","M","$","E","R","M","T","R","?","?","M","M","R","B"],"character_chosen":"IRONCLAD","items_purchased":["Feel No Pain","Shrug It Off","Inflame"],"campfire_rested":0,"item_purchase_floors":[2,2,5],"current_hp_per_floor":[78,78,80,80,80,54,54,62,62,62,62,62,70,76,76,0],"gold":122,"neow_bonus":"RANDOM_COMMON_RELIC","is_prod":false,"is_daily":false,"chose_seed":false,"campfire_upgraded":2,"win_rate":0,"timestamp":1563458755,"path_taken":["M","$","M","M","$","E","R","M","T","R","?","?","M","M","R","BOSS"],"build_version":"2019-07-17","purchased_purges":0,"victory":false,"max_hp_per_floor":[80,80,80,80,80,80,80,80,80,80,80,80,80,80,80,80],"card_choices":[{"not_picked":["Twin Strike","Sever Soul"],"picked":"Headbutt","floor":1},{"not_picked":["Flame Barrier","Whirlwind"],"picked":"Armaments","floor":3},{"not_picked":["Headbutt","Cleave"],"picked":"Clash","floor":4},{"not_picked":["Inflame","Uppercut"],"picked":"Berserk","floor":6},{"not_picked":["Perfected Strike","Burning Pact"],"picked":"Flame Barrier","floor":8},{"not_picked":["Sentinel","Iron Wave"],"picked":"Twin Strike","floor":13},{"not_picked":["Heavy Blade","Rage"],"picked":"Clothesline","floor":14}],"player_experience":392479,"relics_obtained":[{"floor":6,"key":"Du-Vu Doll"},{"floor":9,"key":"Gambling Chip"},{"floor":15,"key":"Toxic Egg 2"}],"event_choices":[{"damage_healed":0,"gold_gain":30,"player_choice":"Searched \u00273\u0027 times","damage_taken":0,"relics_obtained":["Shovel"],"max_hp_gain":0,"max_hp_loss":0,"event_name":"Dead Adventurer","floor":11,"gold_loss":0},{"cards_removed":["Strike_R"],"damage_healed":0,"gold_gain":0,"player_choice":"Purged","damage_taken":0,"max_hp_gain":0,"max_hp_loss":0,"event_name":"Purifier","floor":12,"gold_loss":0}],"is_beta":false,"boss_relics":[],"items_purged_floors":[],"is_endless":false,"potions_floor_spawned":[1,6,13],"killed_by":"Hexaghost","ascension_level":5}