{"gold_per_floor":[114,264,42,42,42,67,90,116,139,139],"floor_reached":10,"playtime":251,"items_purged":["Doubt"],"score":184,"play_id":"2387a11c-86ea-4cfc-ba81-bbbbc48e899b","local_time":"20190810105209","is_ascension_mode":true,"campfire_choices":[],"neow_cost":"NONE","seed_source_timestamp":471923073957900,"circlet_count":0,"master_deck":["AscendersBane","Strike_G","Strike_G","Strike_G","Strike_G","Strike_G","Defend_G","Defend_G","Defend_G","Defend_G","Defend_G","Survivor","Neutralize","Backflip","Noxious Fumes","Quick Slash","After Image","Cloak And Dagger","A Thousand Cuts"],"relics":["Ring of the Snake","NeowsBlessing","Lantern","Odd Mushroom","Smiling Mask","Oddly Smooth Stone"],"potions_floor_usage":[8,8,10],"damage_taken":[{"damage":0,"enemies":"Small Slimes","floor":1,"turns":1},{"damage":0,"enemies":"Gremlin Nob","floor":6,"turns":1},{"damage":0,"enemies":"The Mushroom Lair","floor":7,"turns":2},{"damage":29,"enemies":"Lagavulin","floor":8,"turns":9},{"damage":36,"enemies":"Gremlin Nob","floor":10,"turns":4}],"seed_played":"-3350672183211347091","potions_obtained":[{"floor":6,"key":"Block Potion"},{"floor":7,"key":"Fire Potion"},{"floor":8,"key":"SteroidPotion"}],"is_trial":false,"path_per_floor":["M","?","$","?","$","E","?","E","T","E"],"character_chosen":"THE_SILENT","items_purchased":["Noxious Fumes","Quick Slash"],"campfire_rested":0,"item_purchase_floors":[3,3],"current_hp_per_floor":[59,59,59,59,59,59,59,30,30,0],"gold":139,"neow_bonus":"THREE_ENEMY_KILL","is_prod":false,"is_daily":false,"chose_seed":false,"campfire_upgraded":0,"win_rate":0,"timestamp":1565448729,"path_taken":["M","?","$","?","$","E","?","E","T","E"],"build_version":"2019-07-17","purchased_purges":1,"victory":false,"max_hp_per_floor":[66,66,66,66,66,66,66,66,66,66],"card_choices":[{"not_picked":["Acrobatics","Bouncing Flask"],"picked":"Backflip","floor":1},{"not_picked":["Deflect","Tactician"],"picked":"After Image","floor":6},{"not_picked":["Dagger Throw","Prepared"],"picked":"Cloak And Dagger","floor":7},{"not_picked":["Dagger Spray","Backflip"],"picked":"A Thousand Cuts","floor":8}],"player_experience":681706,"relics_obtained":[{"floor":6,"key":"Lantern"},{"floor":7,"key":"Odd Mushroom"},{"floor":8,"key":"Smiling Mask"},{"floor":9,"key":"Oddly Smooth Stone"}],"event_choices":[{"damage_healed":0,"gold_gain":150,"player_choice":"AGREE","damage_taken":0,"max_hp_gain":0,"max_hp_loss":0,"event_name":"Liars Game","floor":2,"gold_loss":0,"cards_obtained":["Doubt"]},{"damage_healed":0,"gold_gain":0,"player_choice":"Leave","damage_taken":0,"max_hp_gain":0,"max_hp_loss":0,"event_name":"The Cleric","floor":4,"gold_loss":0},{"damage_healed":0,"gold_gain":0,"player_choice":"Fought Mushrooms","damage_taken":0,"max_hp_gain":0,"max_hp_loss":0,"event_name":"Mushrooms","floor":7,"gold_loss":0}],"is_beta":false,"boss_relics":[],"items_purged_floors":[3],"is_endless":false,"potions_floor_spawned":[6,7,8],"killed_by":"Gremlin Nob","ascension_level":18}