{"gold_per_floor":[115,115,132,159,177,177,211,226,226,244,10,28,60,78,78,183,233,248,248,108,127,127,127,145,145,171,46,62,62],"floor_reached":29,"playtime":2188,"items_purged":["Strike_R","Strike_R","Strike_R"],"score":273,"play_id":"0c4e6098-e669-4454-956c-0062212cedde","local_time":"20190726132622","is_ascension_mode":true,"campfire_choices":[{"data":"Inflame","floor":6,"key":"SMITH"},{"floor":15,"key":"REST"},{"data":"Armaments","floor":23,"key":"SMITH"},{"floor":25,"key":"REST"}],"neow_cost":"NONE","seed_source_timestamp":439477972353290,"circlet_count":0,"master_deck":["Strike_R","Defend_R","Defend_R","Defend_R","Defend_R+1","Bash","Whirlwind","Twin Strike","Clothesline","Inflame+1","Rage","Anger","Demon Form","Battle Trance","Armaments+1","Limit Break","Uppercut","Flex+1","Flame Barrier","Heavy Blade+1"],"relics":["Burning Blood","Lantern","Omamori","Nunchaku","Torii","Ancient Tea Set","Tiny House","Sundial","Juzu Bracelet"],"potions_floor_usage":[7,10,12,21,24,28,28],"damage_taken":[{"damage":16,"enemies":"2 Louse","floor":1,"turns":2},{"damage":2,"enemies":"Jaw Worm","floor":3,"turns":3},{"damage":0,"enemies":"Cultist","floor":5,"turns":3},{"damage":20,"enemies":"3 Sentries","floor":7,"turns":3},{"damage":9,"enemies":"2 Fungi Beasts","floor":8,"turns":3},{"damage":6,"enemies":"3 Louse","floor":10,"turns":3},{"damage":20,"enemies":"Exordium Wildlife","floor":12,"turns":4},{"damage":35,"enemies":"Lagavulin","floor":13,"turns":4},{"damage":2,"enemies":"Lots of Slimes","floor":14,"turns":2},{"damage":15,"enemies":"The Guardian","floor":16,"turns":8},{"damage":22,"enemies":"Spheric Guardian","floor":18,"turns":5},{"damage":23,"enemies":"2 Thieves","floor":21,"turns":4},{"damage":32,"enemies":"Shelled Parasite and Fungi","floor":24,"turns":4},{"damage":30,"enemies":"Chosen and Byrds","floor":28,"turns":5},{"damage":21,"enemies":"Snecko","floor":29,"turns":3}],"seed_played":"-3540455503907342393","potions_obtained":[{"floor":5,"key":"SkillPotion"},{"floor":7,"key":"Ancient Potion"},{"floor":8,"key":"Fire Potion"},{"floor":16,"key":"Energy Potion"},{"floor":17,"key":"Dexterity Potion"},{"floor":21,"key":"AttackPotion"},{"floor":24,"key":"PowerPotion"},{"floor":28,"key":"SmokeBomb"}],"is_trial":false,"path_per_floor":["M","?","M","T","M","R","E","M","T","M","$","M","E","M","R","B",null,"M","?","$","M","?","R","M","R","T","$","M","M"],"character_chosen":"IRONCLAD","items_purchased":["Demon Form","Flame Barrier"],"campfire_rested":2,"item_purchase_floors":[11,20],"current_hp_per_floor":[70,67,71,71,77,77,63,60,60,60,60,46,17,21,45,36,85,69,60,60,43,43,43,17,42,42,42,18,0],"gold":62,"neow_bonus":"TRANSFORM_CARD","is_prod":false,"is_daily":false,"chose_seed":false,"campfire_upgraded":2,"win_rate":0,"timestamp":1564165582,"path_taken":["M","?","M","?","M","R","E","M","T","M","$","?","E","M","R","BOSS","M","?","$","M","?","R","M","R","T","$","M","M"],"build_version":"2019-07-17","purchased_purges":3,"victory":false,"max_hp_per_floor":[80,80,80,80,80,80,80,80,80,80,80,80,80,80,80,80,85,85,85,85,85,85,85,85,85,85,85,85,85],"card_choices":[{"not_picked":["Clash","Battle Trance"],"picked":"Twin Strike","floor":1},{"not_picked":["Armaments","Blood for Blood"],"picked":"Clothesline","floor":3},{"not_picked":["Sword Boomerang","Clothesline"],"picked":"Inflame","floor":5},{"not_picked":["Second Wind","Bludgeon","Wild Strike"],"picked":"SKIP","floor":7},{"not_picked":["Iron Wave","Wild Strike"],"picked":"Rage","floor":8},{"not_picked":["Carnage","Feel No Pain"],"picked":"Anger","floor":10},{"not_picked":["Flex","Sever Soul"],"picked":"Battle Trance","floor":12},{"not_picked":["Hemokinesis","Barricade","Anger"],"picked":"SKIP","floor":13},{"not_picked":["Bloodletting","Iron Wave"],"picked":"Armaments","floor":14},{"not_picked":["Demon Form","Impervious"],"picked":"Limit Break","floor":16},{"not_picked":["Perfected Strike","Pommel Strike"],"picked":"Uppercut","floor":17},{"not_picked":["Uppercut","Pommel Strike"],"picked":"Flex+1","floor":18},{"not_picked":["Sentinel+1","Flex","Clothesline"],"picked":"SKIP","floor":21},{"not_picked":["Entrench","Clothesline","Wild Strike"],"picked":"SKIP","floor":24},{"not_picked":["Offering","Pommel Strike"],"picked":"Heavy Blade+1","floor":28}],"player_experience":259760,"relics_obtained":[{"floor":4,"key":"Omamori"},{"floor":7,"key":"Nunchaku"},{"floor":9,"key":"Torii"},{"floor":13,"key":"Ancient Tea Set"},{"floor":26,"key":"Juzu Bracelet"}],"event_choices":[{"damage_healed":0,"gold_gain":0,"player_choice":"Success","damage_taken":3,"relics_obtained":["Lantern"],"max_hp_gain":0,"max_hp_loss":0,"event_name":"Scrap Ooze","floor":2,"gold_loss":0},{"damage_healed":0,"gold_gain":0,"player_choice":"Stopped","damage_taken":9,"max_hp_gain":0,"max_hp_loss":0,"event_name":"Cursed Tome","floor":19,"gold_loss":0},{"damage_healed":0,"gold_gain":0,"player_choice":"Opened","damage_taken":0,"relics_obtained":["Sundial"],"max_hp_gain":0,"max_hp_loss":0,"event_name":"The Mausoleum","floor":22,"gold_loss":0}],"is_beta":false,"boss_relics":[{"not_picked":["Philosopher\u0027s Stone","Pandora\u0027s Box"],"picked":"Tiny House"}],"items_purged_floors":[11,20,27],"is_endless":false,"potions_floor_spawned":[5,7,8,16,21,24,28],"killed_by":"Snecko","ascension_level":3}