{"gold_per_floor":[111,36,36,1,14,42,42,76,76,76,88,99,99,113,113,113],"floor_reached":16,"playtime":763,"items_purged":[],"score":162,"play_id":"ad5039e5-4ace-477f-ace7-9dc19c7addfd","local_time":"20190814121157","is_ascension_mode":true,"campfire_choices":[{"data":"Redo","floor":7,"key":"SMITH"},{"data":"White Noise","floor":10,"key":"SMITH"},{"floor":13,"key":"REST"},{"data":"Zap","floor":15,"key":"SMITH"}],"neow_cost":"NONE","seed_source_timestamp":262470344150661,"circlet_count":0,"master_deck":["Strike_B","Strike_B","Strike_B","Defend_B","Defend_B","Defend_B","Defend_B","Zap+1","Dualcast","Coolheaded","White Noise+1","Self Repair","Genetic Algorithm","Redo+1","Coolheaded","Heatsinks","Genetic Algorithm","Defragment"],"relics":["Cracked Core","NeowsBlessing","Blood Vial","Bag of Preparation","Blue Candle"],"potions_floor_usage":[8,12,14,16],"damage_taken":[{"damage":0,"enemies":"Small Slimes","floor":1,"turns":1},{"damage":0,"enemies":"Cultist","floor":5,"turns":1},{"damage":0,"enemies":"3 Sentries","floor":6,"turns":2},{"damage":25,"enemies":"Lagavulin","floor":8,"turns":8},{"damage":0,"enemies":"2 Louse","floor":11,"turns":4},{"damage":35,"enemies":"Exordium Thugs","floor":12,"turns":5},{"damage":8,"enemies":"3 Louse","floor":14,"turns":4},{"damage":75,"enemies":"Hexaghost","floor":16,"turns":16}],"seed_played":"-1767632721848112362","potions_obtained":[{"floor":5,"key":"Strength Potion"},{"floor":8,"key":"LiquidBronze"},{"floor":12,"key":"EssenceOfSteel"},{"floor":14,"key":"Swift Potion"}],"is_trial":false,"path_per_floor":["M","$","?","$","M","E","R","E","T","R","M","M","R","M","R","B"],"character_chosen":"DEFECT","items_purchased":["White Noise","Self Repair"],"campfire_rested":1,"item_purchase_floors":[2,4],"current_hp_per_floor":[75,75,75,75,75,75,75,64,64,64,73,47,69,70,70,0],"gold":113,"neow_bonus":"THREE_ENEMY_KILL","is_prod":false,"is_daily":false,"chose_seed":false,"campfire_upgraded":3,"win_rate":0,"timestamp":1565781117,"path_taken":["M","$","?","?","M","E","R","E","T","R","M","M","R","M","R","BOSS"],"build_version":"2019-07-17","purchased_purges":0,"victory":false,"max_hp_per_floor":[75,75,75,75,75,75,75,75,75,75,75,75,75,75,75,75],"card_choices":[{"not_picked":["Gash","Hologram"],"picked":"Coolheaded","floor":1},{"not_picked":["Go for the Eyes","Rip and Tear"],"picked":"Genetic Algorithm","floor":5},{"not_picked":["Steam Power","Steam"],"picked":"Redo","floor":6},{"not_picked":["Redo","Rebound"],"picked":"Coolheaded","floor":8},{"not_picked":["Stack","Turbo"],"picked":"Heatsinks","floor":11},{"not_picked":["Ball Lightning","Loop"],"picked":"Genetic Algorithm","floor":12},{"not_picked":["Glacier","Consume"],"picked":"Defragment","floor":14}],"player_experience":338783,"relics_obtained":[{"floor":6,"key":"Blood Vial"},{"floor":8,"key":"Bag of Preparation"},{"floor":9,"key":"Blue Candle"}],"event_choices":[{"cards_removed":["Strike_B"],"damage_healed":0,"gold_gain":0,"player_choice":"Purged","damage_taken":0,"max_hp_gain":0,"max_hp_loss":0,"event_name":"Purifier","floor":3,"gold_loss":0}],"is_beta":false,"boss_relics":[],"items_purged_floors":[],"is_endless":false,"potions_floor_spawned":[5,8,12,14],"killed_by":"Hexaghost","ascension_level":4}