{"gold_per_floor":[116,128,303,313,324,324,66,91,91,91,104,104,123,136,136,235,235,252,270,195,195],"floor_reached":21,"playtime":1847,"items_purged":["Doubt"],"score":229,"play_id":"797e2900-a507-46f2-aa14-166339fb81e3","local_time":"20190805094431","is_ascension_mode":true,"campfire_choices":[{"data":"Wild Strike","floor":6,"key":"SMITH"},{"data":"Whirlwind","floor":10,"key":"SMITH"},{"data":"Shrug It Off","floor":12,"key":"SMITH"},{"data":"Clothesline","floor":15,"key":"SMITH"}],"neow_cost":"NONE","seed_source_timestamp":179945772508363,"circlet_count":0,"master_deck":["Strike_R","Strike_R","Strike_R","Strike_R","Defend_R","Defend_R","Defend_R","Defend_R","Bash","Wild Strike+1","Headbutt","Anger","Clothesline+1","Whirlwind+1","Shrug It Off+1","Ghostly Armor","Corruption","Burning Pact","Reaper","Disarm","Uppercut+1"],"relics":["Burning Blood","Art of War","Question Card","Sundial","Black Star"],"potions_floor_usage":[8,8,18,21],"damage_taken":[{"damage":0,"enemies":"Small Slimes","floor":1,"turns":3},{"damage":6,"enemies":"2 Louse","floor":2,"turns":4},{"damage":7,"enemies":"Jaw Worm","floor":4,"turns":4},{"damage":19,"enemies":"Exordium Wildlife","floor":5,"turns":4},{"damage":12,"enemies":"Gremlin Nob","floor":8,"turns":3},{"damage":0,"enemies":"Large Slime","floor":11,"turns":4},{"damage":1,"enemies":"2 Fungi Beasts","floor":13,"turns":3},{"damage":2,"enemies":"3 Louse","floor":14,"turns":2},{"damage":73,"enemies":"Hexaghost","floor":16,"turns":15},{"damage":31,"enemies":"Shell Parasite","floor":18,"turns":7},{"damage":40,"enemies":"Spheric Guardian","floor":19,"turns":6},{"damage":11,"enemies":"Centurion and Healer","floor":21,"turns":1}],"seed_played":"-2802559326749996766","potions_obtained":[{"floor":2,"key":"Poison Potion"},{"floor":5,"key":"SteroidPotion"},{"floor":13,"key":"SteroidPotion"},{"floor":19,"key":"Weak Potion"}],"is_trial":false,"path_per_floor":["M","M","?","M","M","R","$","E","T","R","M","R","M","M","R","B",null,"M","M","?","M"],"character_chosen":"IRONCLAD","items_purchased":["Clothesline","Whirlwind","Shrug It Off"],"campfire_rested":0,"item_purchase_floors":[7,7,7],"current_hp_per_floor":[80,80,80,79,66,66,66,60,60,60,66,66,71,75,75,8,62,41,11,11,0],"gold":195,"neow_bonus":"RANDOM_COMMON_RELIC","is_prod":false,"is_daily":false,"chose_seed":false,"campfire_upgraded":4,"win_rate":0,"timestamp":1565016271,"path_taken":["M","M","?","M","M","R","$","E","T","R","M","R","M","M","R","BOSS","M","M","?","M"],"build_version":"2019-07-17","purchased_purges":1,"victory":false,"max_hp_per_floor":[80,80,80,80,80,80,80,80,80,80,80,80,80,80,80,80,80,80,80,80,80],"card_choices":[{"not_picked":["Rampage","Dual Wield"],"picked":"Wild Strike","floor":1},{"not_picked":["Cleave","Wild Strike","Searing Blow"],"picked":"SKIP","floor":2},{"not_picked":["Sword Boomerang","Thunderclap"],"picked":"Headbutt","floor":4},{"not_picked":["Havoc","Dual Wield"],"picked":"Anger","floor":5},{"not_picked":["Body Slam","Searing Blow"],"picked":"Ghostly Armor","floor":8},{"not_picked":["Shrug It Off","Body Slam","Iron Wave","Limit Break"],"picked":"SKIP","floor":11},{"not_picked":["Entrench","Sword Boomerang","Flex"],"picked":"Corruption","floor":13},{"not_picked":["Body Slam","Searing Blow","Twin Strike"],"picked":"Burning Pact","floor":14},{"not_picked":["Bludgeon","Brutality","Berserk"],"picked":"Reaper","floor":16},{"not_picked":["Thunderclap","Fire Breathing","Iron Wave"],"picked":"Disarm","floor":18},{"not_picked":["Sword Boomerang","Wild Strike+1","Clash"],"picked":"Uppercut+1","floor":19}],"player_experience":363731,"relics_obtained":[{"floor":8,"key":"Question Card"},{"floor":9,"key":"Sundial"}],"event_choices":[{"damage_healed":0,"gold_gain":175,"player_choice":"AGREE","damage_taken":0,"max_hp_gain":0,"max_hp_loss":0,"event_name":"Liars Game","floor":3,"gold_loss":0,"cards_obtained":["Doubt"]},{"cards_removed":["Strike_R"],"damage_healed":0,"gold_gain":0,"player_choice":"Gave Gold","damage_taken":0,"max_hp_gain":0,"max_hp_loss":0,"event_name":"Beggar","floor":20,"gold_loss":75}],"is_beta":false,"boss_relics":[{"not_picked":["Cursed Key","Eternal Feather"],"picked":"Black Star"}],"items_purged_floors":[7],"is_endless":false,"potions_floor_spawned":[2,5,13,19],"killed_by":"Centurion and Healer","ascension_level":5}