{"gold_per_floor":[112,62,62,62,62,62,91,12,65,76,94,19,19,34,34,136,136,146,46,64,80,80,80,100,100,126,142,153,171,187,187,187,187],"floor_reached":33,"playtime":4721,"items_purged":["Strike_R","Strike_R"],"score":299,"play_id":"7d11835a-60d8-4c5c-9533-a95472297139","local_time":"20180625192513","is_ascension_mode":false,"campfire_choices":[{"data":"Pommel Strike","floor":6,"key":"SMITH"},{"data":"Whirlwind","floor":13,"key":"SMITH"},{"data":"Evolve","floor":15,"key":"SMITH"},{"floor":23,"key":"REST"},{"data":"Barricade","floor":25,"key":"SMITH"},{"floor":32,"key":"REST"}],"neow_cost":"NONE","seed_source_timestamp":576043148704087,"circlet_count":0,"master_deck":["Strike_R","Defend_R","Defend_R","Defend_R","Defend_R","Bash","Pommel Strike+1","Whirlwind+1","Inflame","Evolve+1","Barricade+1","Heavy Blade+1","Ghostly Armor","Power Through+1","True Grit+1"],"relics":["Burning Blood","Mercury Hourglass","Omamori","Tiny Chest","Lizard Tail","Singing Bowl"],"potions_floor_usage":[20,21,33,33,33],"damage_taken":[{"damage":2,"enemies":"2 Louse","floor":1,"turns":3},{"damage":7,"enemies":"3 Sentries","floor":7,"turns":8},{"damage":1,"enemies":"Jaw Worm","floor":10,"turns":3},{"damage":3,"enemies":"Small Slimes","floor":11,"turns":3},{"damage":10,"enemies":"Red Slaver","floor":14,"turns":4},{"damage":0,"enemies":"Slime Boss","floor":16,"turns":5},{"damage":37,"enemies":"2 Thieves","floor":18,"turns":4},{"damage":52,"enemies":"Shell Parasite","floor":20,"turns":9},{"damage":35,"enemies":"Snecko","floor":21,"turns":6},{"damage":7,"enemies":"Snake Plant","floor":24,"turns":6},{"damage":21,"enemies":"3 Cultists","floor":27,"turns":5},{"damage":8,"enemies":"Snecko","floor":28,"turns":5},{"damage":31,"enemies":"Centurion and Healer","floor":29,"turns":10},{"damage":3,"enemies":"Snake Plant","floor":30,"turns":6},{"damage":68,"enemies":"Champ","floor":33,"turns":17}],"seed_played":"-7371154695232930231","potions_obtained":[{"floor":16,"key":"BloodPotion"},{"floor":20,"key":"Strength Potion"},{"floor":21,"key":"Weak Potion"},{"floor":28,"key":"Dexterity Potion"}],"is_trial":false,"path_per_floor":["M","?","T","?","?","R","E","$","T","M","M","$","R","M","R","B",null,"M","$","M","M","$","R","M","R","T","M","M","M","M","?","R"],"character_chosen":"IRONCLAD","items_purchased":["Inflame"],"campfire_rested":2,"item_purchase_floors":[8],"current_hp_per_floor":[80,80,80,73,73,73,72,72,72,77,80,80,80,76,76,80,80,49,49,11,46,46,70,69,69,69,56,56,33,36,36,61,0],"gold":187,"neow_bonus":"THREE_SMALL_POTIONS","is_prod":false,"is_daily":false,"chose_seed":false,"campfire_upgraded":4,"win_rate":0.0,"timestamp":1529951113,"path_taken":["M","?","?","?","?","R","E","$","T","M","M","$","R","M","R","BOSS","M","$","M","M","$","R","M","R","T","M","M","M","M","?","R","BOSS"],"build_version":"2018-06-21v2","purchased_purges":2,"victory":false,"max_hp_per_floor":[80,80,80,80,80,80,80,80,80,80,80,80,80,80,80,80,80,80,80,80,80,80,80,80,80,80,82,84,86,86,86,86,86],"card_choices":[{"not_picked":["Armaments","Carnage"],"picked":"Pommel Strike","floor":1},{"not_picked":["Anger","Shockwave"],"picked":"Whirlwind","floor":7},{"not_picked":["Pommel Strike","Wild Strike","Corruption"],"picked":"SKIP","floor":10},{"not_picked":["Body Slam","Warcry","Rampage"],"picked":"SKIP","floor":11},{"not_picked":["Rampage","Barricade"],"picked":"Evolve","floor":14},{"not_picked":["Demon Form","Bludgeon"],"picked":"Barricade","floor":16},{"not_picked":["Wild Strike+1","Clothesline"],"picked":"Heavy Blade+1","floor":18},{"not_picked":["Iron Wave+1","Blood for Blood"],"picked":"Ghostly Armor","floor":20},{"not_picked":["Armaments","Perfected Strike"],"picked":"Power Through+1","floor":21},{"not_picked":["Searing Blow+1","Headbutt","Feed"],"picked":"SKIP","floor":24},{"not_picked":["Clothesline","Cleave+1","Thunderclap"],"picked":"Singing Bowl","floor":27},{"not_picked":["Clothesline","Metallicize+1","Feel No Pain"],"picked":"Singing Bowl","floor":28},{"not_picked":["Clash+1","Wild Strike+1","Uppercut"],"picked":"Singing Bowl","floor":29},{"not_picked":["Warcry","Flame Barrier"],"picked":"True Grit+1","floor":30}],"player_experience":143347,"relics_obtained":[{"floor":3,"key":"Mercury Hourglass"},{"floor":7,"key":"Omamori"},{"floor":9,"key":"Tiny Chest"},{"floor":26,"key":"Singing Bowl"}],"event_choices":[{"event_name":"The Cleric","player_choice":"Card Removal","floor":2,"damage_taken":0},{"event_name":"Golden Wing","player_choice":"Card Removal","floor":4,"damage_taken":0},{"event_name":"Liars Game","player_choice":"disagreed","floor":5,"damage_taken":0},{"event_name":"Drug Dealer","player_choice":"Ignored","floor":31,"damage_taken":0}],"boss_relics":[{"not_picked":["Busted Crown","Runic Pyramid"],"picked":"Lizard Tail"}],"items_purged_floors":[12,19],"is_endless":false,"potions_floor_spawned":[7,16,20,21,28,30],"killed_by":"Champ","ascension_level":0}