{"gold_per_floor":[110,110,124,49,65,65,100,100,145,159,182,182,205,221,221,350,350,350,350,120,120,120,120,120,120,120,120,120],"floor_reached":28,"playtime":1699,"items_purged":["Strike_R","Strike_R"],"score":352,"play_id":"d39fe523-ee58-47e3-943d-766154c4ea68","local_time":"20190721161218","is_ascension_mode":true,"campfire_choices":[{"data":"Clothesline","floor":6,"key":"SMITH"},{"data":"Battle Trance","floor":8,"key":"SMITH"},{"data":"True Grit","floor":12,"key":"SMITH"},{"floor":15,"key":"REST"},{"data":"Corruption","floor":25,"key":"SMITH"}],"neow_cost":"NONE","seed_source_timestamp":4610867769000,"circlet_count":0,"master_deck":["Strike_R","Strike_R","Strike_R","Defend_R","Defend_R","Defend_R","Defend_R","Bash+1","Clothesline+1","Feel No Pain","Battle Trance+1","Feed+1","True Grit+1","Headbutt","Demon Form","Armaments+1","RitualDagger","Corruption+1","Shrug It Off","Flex","Reaper"],"relics":["Burning Blood","Golden Idol","Whetstone","Pen Nib","Ectoplasm","Meat on the Bone","Blood Vial"],"potions_floor_usage":[7,13,16,16,23,28],"damage_taken":[{"damage":2,"enemies":"2 Louse","floor":1,"turns":4},{"damage":3,"enemies":"Jaw Worm","floor":3,"turns":5},{"damage":15,"enemies":"Cultist","floor":5,"turns":5},{"damage":43,"enemies":"Gremlin Nob","floor":7,"turns":5},{"damage":9,"enemies":"Blue Slaver","floor":10,"turns":5},{"damage":2,"enemies":"2 Fungi Beasts","floor":11,"turns":4},{"damage":16,"enemies":"Gremlin Gang","floor":13,"turns":5},{"damage":3,"enemies":"Looter","floor":14,"turns":3},{"damage":31,"enemies":"Hexaghost","floor":16,"turns":13},{"damage":17,"enemies":"Spheric Guardian","floor":18,"turns":5},{"damage":4,"enemies":"Shell Parasite","floor":21,"turns":5},{"damage":22,"enemies":"Centurion and Healer","floor":23,"turns":7},{"damage":22,"enemies":"Book of Stabbing","floor":24,"turns":7},{"damage":19,"enemies":"Chosen and Byrds","floor":27,"turns":8},{"damage":68,"enemies":"Gremlin Leader","floor":28,"turns":5}],"seed_played":"7943565602974112170","potions_obtained":[{"floor":5,"key":"SteroidPotion"},{"floor":7,"key":"Poison Potion"},{"floor":10,"key":"FearPotion"},{"floor":11,"key":"Block Potion"},{"floor":14,"key":"Block Potion"},{"floor":21,"key":"SkillPotion"},{"floor":24,"key":"Explosive Potion"}],"is_trial":false,"path_per_floor":["M","?","M","$","M","R","E","R","T","M","M","R","M","M","R","B",null,"M","?","$","M","?","M","E","R","T","M","E"],"character_chosen":"IRONCLAD","items_purchased":["Corruption","Dexterity Potion"],"campfire_rested":1,"item_purchase_floors":[20,20],"current_hp_per_floor":[84,81,81,81,72,72,35,35,35,32,36,36,30,33,58,37,76,69,63,63,65,65,53,41,41,41,50,0],"gold":120,"neow_bonus":"TEN_PERCENT_HP_BONUS","is_prod":false,"is_daily":false,"chose_seed":false,"campfire_upgraded":4,"win_rate":0,"timestamp":1563739938,"path_taken":["M","?","M","$","M","R","E","R","T","M","M","R","M","M","R","BOSS","M","?","$","M","?","M","E","R","T","?","E"],"build_version":"2019-07-17","purchased_purges":2,"victory":false,"max_hp_per_floor":[88,81,81,81,81,81,81,81,81,81,81,81,85,85,85,89,89,93,93,93,93,93,97,101,101,101,105,105],"card_choices":[{"not_picked":["Headbutt","Thunderclap"],"picked":"Clothesline","floor":1},{"not_picked":["Flex","True Grit"],"picked":"Feel No Pain","floor":3},{"not_picked":["Heavy Blade","Dropkick"],"picked":"Battle Trance","floor":5},{"not_picked":["Dropkick","Thunderclap"],"picked":"Feed","floor":7},{"not_picked":["Cleave","Headbutt","Pummel"],"picked":"SKIP","floor":10},{"not_picked":["Seeing Red","Wild Strike"],"picked":"True Grit","floor":11},{"not_picked":["Clash","Thunderclap"],"picked":"Headbutt","floor":13},{"not_picked":["Anger","Pommel Strike","Thunderclap"],"picked":"SKIP","floor":14},{"not_picked":["Feed","Immolate"],"picked":"Demon Form","floor":16},{"not_picked":["Infernal Blade","Blood for Blood"],"picked":"Armaments+1","floor":18},{"not_picked":["Twin Strike+1","Thunderclap"],"picked":"Shrug It Off","floor":21},{"not_picked":["Sword Boomerang","Body Slam"],"picked":"Flex","floor":23},{"not_picked":["Demon Form","Twin Strike"],"picked":"Reaper","floor":24},{"not_picked":["Flex+1","Armaments","Intimidate"],"picked":"SKIP","floor":27}],"player_experience":470329,"relics_obtained":[{"floor":7,"key":"Whetstone"},{"floor":9,"key":"Pen Nib"},{"floor":24,"key":"Meat on the Bone"},{"floor":26,"key":"Blood Vial"}],"event_choices":[{"damage_healed":0,"gold_gain":0,"player_choice":"Lose Max HP","damage_taken":0,"relics_obtained":["Golden Idol"],"max_hp_gain":0,"max_hp_loss":7,"event_name":"Golden Idol","floor":2,"gold_loss":0},{"damage_healed":0,"gold_gain":0,"player_choice":"Joined the Cult","damage_taken":6,"max_hp_gain":0,"max_hp_loss":0,"event_name":"Nest","floor":19,"gold_loss":0,"cards_obtained":["RitualDagger"]},{"damage_healed":0,"gold_gain":100,"player_choice":"Pray","damage_taken":0,"max_hp_gain":0,"max_hp_loss":0,"event_name":"Golden Shrine","floor":22,"gold_loss":0}],"is_beta":false,"boss_relics":[{"not_picked":["Calling Bell","Pandora\u0027s Box"],"picked":"Ectoplasm"}],"items_purged_floors":[4,20],"is_endless":false,"potions_floor_spawned":[5,7,10,11,14,21,24],"killed_by":"Gremlin Leader","ascension_level":7}