{"gold_per_floor":[113,129,129,145,95,130,147,175,247,258,269,26,56,89,89,193,193,204,119,19,38,137,169,169,196,226,226,257,274,2,13,13,108,108,125,125,47,67,85,85,85],"floor_reached":41,"playtime":2171,"items_purged":["Strike_R","Regret"],"score":732,"play_id":"e74b2e1d-a986-4b13-8fbb-27688c8e9e9b","local_time":"20190803000754","is_ascension_mode":true,"campfire_choices":[{"floor":15,"key":"REST"},{"data":"Limit Break","floor":24,"key":"SMITH"},{"floor":32,"key":"REST"},{"data":"True Grit","floor":40,"key":"SMITH"}],"neow_cost":"NONE","seed_source_timestamp":1069519402914500,"circlet_count":0,"master_deck":["AscendersBane","Strike_R","Strike_R","Defend_R","Defend_R","Defend_R","Defend_R","Bash","Disarm","Shockwave","Ghostly Armor","Armaments+1","Twin Strike","Bloodletting","Cleave","True Grit+1","Limit Break+1","Swift Strike","Iron Wave","Demon Form","Doubt","Shame","Heavy Blade","Evolve+1","Immolate","Anger+1","Reaper+1","Ghostly Armor+1","Flex+1","Metallicize+1","Berserk+1","Armaments+1","Impervious+1","Power Through+1","Flame Barrier+1"],"relics":["Burning Blood","Shuriken","Du-Vu Doll","Bronze Scales","Mummified Hand","Lantern","Calling Bell","PreservedInsect","Meat on the Bone","Incense Burner","Frozen Egg 2","Omamori","Molten Egg 2","Tiny Chest","Toxic Egg 2","Boot","Kunai","Velvet Choker"],"potions_floor_usage":[6,14,16,23,25,25,31,33,41],"damage_taken":[{"damage":4,"enemies":"2 Louse","floor":1,"turns":7},{"damage":8,"enemies":"Small Slimes","floor":2,"turns":5},{"damage":6,"enemies":"Jaw Worm","floor":4,"turns":8},{"damage":36,"enemies":"3 Sentries","floor":6,"turns":15},{"damage":3,"enemies":"Blue Slaver","floor":7,"turns":5},{"damage":16,"enemies":"Lagavulin","floor":8,"turns":8},{"damage":14,"enemies":"Large Slime","floor":10,"turns":5},{"damage":5,"enemies":"Red Slaver","floor":11,"turns":5},{"damage":18,"enemies":"3 Sentries","floor":14,"turns":8},{"damage":3,"enemies":"Hexaghost","floor":16,"turns":9},{"damage":2,"enemies":"3 Byrds","floor":18,"turns":3},{"damage":3,"enemies":"Chosen","floor":21,"turns":3},{"damage":18,"enemies":"Gremlin Leader","floor":23,"turns":8},{"damage":41,"enemies":"Slavers","floor":25,"turns":4},{"damage":29,"enemies":"Gremlin Leader","floor":28,"turns":6},{"damage":41,"enemies":"Snake Plant","floor":29,"turns":4},{"damage":10,"enemies":"Centurion and Healer","floor":31,"turns":7},{"damage":75,"enemies":"Champ","floor":33,"turns":11},{"damage":0,"enemies":"Orb Walker","floor":35,"turns":3},{"damage":31,"enemies":"3 Darklings","floor":38,"turns":8},{"damage":22,"enemies":"Jaw Worm Horde","floor":39,"turns":5},{"damage":66,"enemies":"Reptomancer","floor":41,"turns":3}],"seed_played":"-2087782803747090665","potions_obtained":[{"floor":1,"key":"PowerPotion"},{"floor":2,"key":"Poison Potion"},{"floor":4,"key":"Energy Potion"},{"floor":11,"key":"LiquidBronze"},{"floor":16,"key":"BloodPotion"},{"floor":21,"key":"AttackPotion"},{"floor":29,"key":"Swift Potion"},{"floor":31,"key":"AttackPotion"},{"floor":33,"key":"Fire Potion"}],"is_trial":false,"path_per_floor":["M","M","?","M","?","E","M","E","T","M","M","$","?","E","R","B",null,"M","?","$","M","?","E","R","E","T","?","E","M","$","M","R","B",null,"M","?","$","M","M","R","E"],"character_chosen":"IRONCLAD","items_purchased":["Limit Break","Swift Strike","Kunai","Flex+1","Impervious+1"],"campfire_rested":2,"item_purchase_floors":[12,12,30,30,37],"current_hp_per_floor":[74,72,69,69,69,39,42,32,32,24,25,25,25,13,37,40,70,74,74,74,77,77,65,65,50,50,50,39,29,29,51,75,51,73,79,79,79,80,64,64,0],"gold":85,"neow_bonus":"TRANSFORM_CARD","is_prod":false,"is_daily":false,"chose_seed":false,"campfire_upgraded":2,"win_rate":0,"timestamp":1564805274,"path_taken":["M","M","?","M","?","E","M","E","T","M","M","$","?","E","R","BOSS","M","?","$","M","?","E","R","E","T","?","E","M","$","M","R","BOSS","M","?","$","?","M","R","E"],"build_version":"2019-07-17","purchased_purges":2,"victory":false,"max_hp_per_floor":[80,80,80,80,80,80,80,80,80,80,80,80,80,80,80,80,80,80,80,80,80,80,80,80,80,80,80,80,80,80,80,80,80,80,80,80,80,80,80,80,80],"card_choices":[{"not_picked":["Body Slam","Clothesline"],"picked":"Shockwave","floor":1},{"not_picked":["Body Slam","Headbutt"],"picked":"Ghostly Armor","floor":2},{"not_picked":["Heavy Blade","Thunderclap"],"picked":"Armaments","floor":4},{"not_picked":["Headbutt","Clothesline"],"picked":"Twin Strike","floor":6},{"not_picked":["Pummel","Armaments"],"picked":"Bloodletting","floor":7},{"not_picked":["Exhume","Perfected Strike","Havoc"],"picked":"SKIP","floor":8},{"not_picked":["Iron Wave","Pommel Strike"],"picked":"Cleave","floor":10},{"not_picked":["Entrench","Ghostly Armor"],"picked":"True Grit","floor":11},{"not_picked":["Headbutt","Combust"],"picked":"Iron Wave","floor":14},{"not_picked":["Impervious","Dark Embrace"],"picked":"Demon Form","floor":16},{"not_picked":["Fire Breathing","Cleave"],"picked":"Heavy Blade","floor":18},{"not_picked":["Wild Strike","Entrench"],"picked":"Evolve+1","floor":21},{"not_picked":["Combust+1","Sentinel"],"picked":"Immolate","floor":23},{"not_picked":["Pummel","Pommel Strike"],"picked":"Anger+1","floor":25},{"not_picked":["Rupture+1","Twin Strike+1"],"picked":"Reaper+1","floor":28},{"not_picked":["Sword Boomerang+1","Sentinel+1"],"picked":"Ghostly Armor+1","floor":29},{"not_picked":["Armaments+1","Carnage+1"],"picked":"Metallicize+1","floor":31},{"not_picked":["Offering+1","Fiend Fire+1"],"picked":"Berserk+1","floor":33},{"not_picked":["Anger+1","Iron Wave+1"],"picked":"Armaments+1","floor":35},{"not_picked":["Anger+1","Seeing Red+1"],"picked":"Power Through+1","floor":38},{"not_picked":["Perfected Strike+1","Iron Wave+1"],"picked":"Flame Barrier+1","floor":39}],"player_experience":638244,"relics_obtained":[{"floor":6,"key":"Du-Vu Doll"},{"floor":8,"key":"Bronze Scales"},{"floor":9,"key":"Mummified Hand"},{"floor":14,"key":"Lantern"},{"floor":17,"key":"PreservedInsect"},{"floor":17,"key":"Meat on the Bone"},{"floor":17,"key":"Incense Burner"},{"floor":23,"key":"Omamori"},{"floor":25,"key":"Molten Egg 2"},{"floor":26,"key":"Tiny Chest"},{"floor":28,"key":"Boot"}],"event_choices":[{"damage_healed":0,"gold_gain":0,"player_choice":"Success","damage_taken":3,"relics_obtained":["Shuriken"],"max_hp_gain":0,"max_hp_loss":0,"event_name":"Scrap Ooze","floor":3,"gold_loss":0},{"cards_removed":["Strike_R"],"damage_healed":0,"gold_gain":0,"player_choice":"Card Removal","damage_taken":0,"max_hp_gain":0,"max_hp_loss":0,"event_name":"The Cleric","floor":5,"gold_loss":50},{"damage_healed":0,"gold_gain":30,"player_choice":"Searched \u00271\u0027 times","damage_taken":0,"max_hp_gain":0,"max_hp_loss":0,"event_name":"Dead Adventurer","floor":13,"gold_loss":0},{"damage_healed":0,"gold_gain":0,"player_choice":"Obtained Relic","damage_taken":0,"relics_obtained":["Frozen Egg 2"],"max_hp_gain":0,"max_hp_loss":0,"event_name":"Addict","floor":19,"gold_loss":85},{"damage_healed":0,"gold_gain":99,"player_choice":"Stole From Cult","damage_taken":0,"max_hp_gain":0,"max_hp_loss":0,"event_name":"Nest","floor":22,"gold_loss":0},{"damage_healed":0,"gold_gain":0,"player_choice":"Opened","damage_taken":0,"relics_obtained":["Toxic Egg 2"],"max_hp_gain":0,"max_hp_loss":0,"event_name":"The Mausoleum","floor":27,"gold_loss":0,"cards_obtained":["Writhe"]},{"damage_healed":0,"gold_gain":0,"player_choice":"Forge","damage_taken":0,"max_hp_gain":0,"max_hp_loss":0,"event_name":"Accursed Blacksmith","floor":36,"gold_loss":0,"cards_upgraded":["Armaments"]}],"is_beta":false,"boss_relics":[{"not_picked":["Runic Dome","Lizard Tail"],"picked":"Calling Bell"},{"not_picked":["Snecko Eye","Astrolabe"],"picked":"Velvet Choker"}],"items_purged_floors":[12,20],"is_endless":false,"potions_floor_spawned":[1,2,4,11,16,21,29,31,33],"killed_by":"Reptomancer","ascension_level":10}