{"gold_per_floor":[111,128,198,7,7,37,37,51,51,66,66,97,97,108,108,205,205,224,243,259,274,38,38,50,50,102,102,122,136,136,150,150,251,251,261,1,21,21],"floor_reached":38,"playtime":2592,"items_purged":["Strike_G","Strike_G"],"score":674,"play_id":"36e2bc95-8a40-49c8-b672-7efdd8386bb0","local_time":"20190722152824","is_ascension_mode":true,"campfire_choices":[{"data":"Caltrops","floor":7,"key":"SMITH"},{"data":"Bouncing Flask","floor":11,"key":"SMITH"},{"data":"Cloak And Dagger","floor":13,"key":"SMITH"},{"data":"Infinite Blades","floor":15,"key":"SMITH"},{"floor":23,"key":"REST"},{"floor":25,"key":"REST"},{"data":"Footwork","floor":30,"key":"SMITH"},{"data":"Setup","floor":32,"key":"SMITH"}],"neow_cost":"NONE","seed_source_timestamp":87487506345400,"circlet_count":0,"master_deck":["Strike_G","Strike_G","Strike_G","Defend_G","Defend_G","Defend_G","Defend_G","Defend_G","Survivor","Neutralize","Dagger Spray","Caltrops+1","Leg Sweep","Acrobatics","Infinite Blades+1","Bouncing Flask+1","Well Laid Plans","Cloak And Dagger+1","Envenom","Acrobatics+1","Noxious Fumes","PiercingWail","Deflect+1","Footwork+1","Underhanded Strike","Backflip","Blade Dance","Parasite","Setup+1","Tools of the Trade"],"relics":["Ring of the Snake","NeowsBlessing","Kunai","Snake Skull","Gremlin Horn","Ancient Tea Set","Cursed Key","Pen Nib","Molten Egg 2","WristBlade","Bottled Tornado"],"potions_floor_usage":[16,19,33,33,37],"damage_taken":[{"damage":0,"enemies":"Cultist","floor":1,"turns":1},{"damage":0,"enemies":"Jaw Worm","floor":2,"turns":1},{"damage":0,"enemies":"Gremlin Nob","floor":6,"turns":1},{"damage":0,"enemies":"2 Louse","floor":8,"turns":3},{"damage":17,"enemies":"Exordium Thugs","floor":10,"turns":6},{"damage":24,"enemies":"3 Sentries","floor":12,"turns":7},{"damage":0,"enemies":"Looter","floor":14,"turns":3},{"damage":0,"enemies":"Hexaghost","floor":16,"turns":9},{"damage":4,"enemies":"Shell Parasite","floor":18,"turns":5},{"damage":9,"enemies":"Spheric Guardian","floor":19,"turns":5},{"damage":7,"enemies":"Centurion and Healer","floor":20,"turns":8},{"damage":32,"enemies":"Shelled Parasite and Fungi","floor":21,"turns":6},{"damage":0,"enemies":"Chosen and Byrds","floor":24,"turns":6},{"damage":5,"enemies":"Snake Plant","floor":28,"turns":6},{"damage":17,"enemies":"Centurion and Healer","floor":29,"turns":8},{"damage":0,"enemies":"3 Cultists","floor":31,"turns":5},{"damage":2,"enemies":"Automaton","floor":33,"turns":8},{"damage":10,"enemies":"3 Shapes","floor":35,"turns":4},{"damage":35,"enemies":"3 Darklings","floor":37,"turns":4},{"damage":24,"enemies":"Spire Growth","floor":38,"turns":4}],"seed_played":"-295223144203649519","potions_obtained":[{"floor":2,"key":"SneckoOil"},{"floor":6,"key":"Swift Potion"},{"floor":10,"key":"GamblersBrew"},{"floor":12,"key":"Strength Potion"},{"floor":20,"key":"LiquidBronze"},{"floor":24,"key":"GamblersBrew"},{"floor":28,"key":"Weak Potion"},{"floor":35,"key":"Energy Potion"}],"is_trial":false,"path_per_floor":["M","M","T","$","$","E","R","M","T","M","R","E","R","M","R","B",null,"M","M","M","M","$","R","M","R","T","?","M","M","R","M","R","B",null,"M","$","M","M"],"character_chosen":"THE_SILENT","items_purchased":["Leg Sweep","Acrobatics","Footwork","Underhanded Strike","Backflip","Bottled Tornado"],"campfire_rested":2,"item_purchase_floors":[4,4,22,22,22,36],"current_hp_per_floor":[63,63,63,63,63,63,63,63,63,46,46,22,22,22,22,22,58,54,45,38,6,6,27,27,48,48,48,43,26,26,26,26,24,59,49,49,14,0],"gold":21,"neow_bonus":"THREE_ENEMY_KILL","is_prod":false,"is_daily":false,"chose_seed":false,"campfire_upgraded":6,"win_rate":0,"timestamp":1563823704,"path_taken":["M","M","?","?","$","E","R","M","T","M","R","E","R","?","R","BOSS","M","?","M","M","?","R","M","R","T","?","?","M","R","M","R","BOSS","M","$","M","?"],"build_version":"2019-07-17","purchased_purges":2,"victory":false,"max_hp_per_floor":[70,70,70,70,70,70,70,70,70,70,70,70,70,70,70,70,70,70,70,70,70,70,70,70,70,70,70,70,70,70,70,70,70,70,70,70,70,70],"card_choices":[{"not_picked":["PiercingWail","Dagger Throw"],"picked":"Dagger Spray","floor":1},{"not_picked":["Outmaneuver","Dagger Spray"],"picked":"Caltrops","floor":2},{"not_picked":["Dagger Throw","PiercingWail"],"picked":"Infinite Blades","floor":6},{"not_picked":["Quick Slash","Deadly Poison"],"picked":"Bouncing Flask","floor":8},{"not_picked":["Dodge and Roll","Acrobatics"],"picked":"Well Laid Plans","floor":10},{"not_picked":["Choke","Masterful Stab"],"picked":"Cloak And Dagger","floor":12},{"not_picked":["Heel Hook","Sucker Punch","Escape Plan"],"picked":"SKIP","floor":14},{"not_picked":["Die Die Die","Bullet Time"],"picked":"Envenom","floor":16},{"not_picked":["Riddle With Holes+1","Crippling Poison"],"picked":"Acrobatics+1","floor":18},{"not_picked":["Deflect","Expertise"],"picked":"Noxious Fumes","floor":19},{"not_picked":["Sucker Punch","Noxious Fumes"],"picked":"PiercingWail","floor":20},{"not_picked":["Skewer","Reflex"],"picked":"Deflect+1","floor":21},{"not_picked":["Underhanded Strike","Endless Agony"],"picked":"Blade Dance","floor":24},{"not_picked":["Night Terror","Masterful Stab+1","PiercingWail"],"picked":"SKIP","floor":28},{"not_picked":["Masterful Stab+1","Expertise+1"],"picked":"Setup","floor":29},{"not_picked":["Outmaneuver","Endless Agony+1","Distraction+1"],"picked":"SKIP","floor":31},{"not_picked":["Die Die Die+1","Venomology"],"picked":"Tools of the Trade","floor":33},{"not_picked":["PiercingWail+1","Eviscerate+1","Well Laid Plans"],"picked":"SKIP","floor":35},{"not_picked":["Sucker Punch+1","Slice+1","Venomology"],"picked":"SKIP","floor":37}],"player_experience":490258,"relics_obtained":[{"floor":3,"key":"Kunai"},{"floor":6,"key":"Snake Skull"},{"floor":9,"key":"Gremlin Horn"},{"floor":12,"key":"Ancient Tea Set"},{"floor":26,"key":"Pen Nib"}],"event_choices":[{"damage_healed":0,"gold_gain":0,"player_choice":"Gave Potion","damage_taken":0,"relics_obtained":["Molten Egg 2"],"max_hp_gain":0,"max_hp_loss":0,"event_name":"WeMeetAgain","floor":27,"gold_loss":0}],"is_beta":false,"boss_relics":[{"not_picked":["Astrolabe","Busted Crown"],"picked":"Cursed Key"},{"not_picked":["Lizard Tail","HoveringKite"],"picked":"WristBlade"}],"items_purged_floors":[4,22],"is_endless":false,"potions_floor_spawned":[2,6,10,12,20,24,28,31,35],"killed_by":"Spire Growth","ascension_level":9}