{"path_per_floor":["M","?","M","?","M","E","R","E","T","?","M","R","?","M","R","B",null,"M","?","M","$","M","R","M"],"character_chosen":"DEFECT","items_purchased":["Streamline","Ginger","Letter Opener","Bottled Lightning"],"gold_per_floor":[110,110,123,123,139,170,170,500,500,500,518,518,693,714,714,840,840,856,856,850,10,28,28,43,43],"floor_reached":25,"campfire_rested":4,"playtime":2736,"item_purchase_floors":[21,21,21,21],"current_hp_per_floor":[75,75,75,75,69,44,66,27,41,41,35,61,61,54,80,35,89,58,58,45,45,2,28,4,0],"items_purged":[],"gold":43,"score":213,"play_id":"a3ac75b9-ae86-4276-9842-6f223b645b97","local_time":"20180618202841","is_prod":false,"is_daily":false,"chose_seed":false,"is_ascension_mode":false,"campfire_upgraded":0,"win_rate":0.0,"timestamp":1529350121,"campfire_choices":[{"floor":7,"key":"REST"},{"floor":12,"key":"REST"},{"floor":15,"key":"REST"},{"floor":23,"key":"REST"}],"path_taken":["M","?","M","?","?","E","R","E","T","?","?","R","?","M","R","BOSS","M","?","M","$","M","R","M","M"],"build_version":"2018-06-14v2","seed_source_timestamp":348738744857877,"purchased_purges":0,"victory":false,"master_deck":["Strike_B","Strike_B","Strike_B","Strike_B","Defend_B","Defend_B","Defend_B","Defend_B","Zap","Leap","Static Discharge","Reinforced Body","Lockon","Leap+1","Barrage","Doubt","Glacier+1","Buffer","Chaos+1","Streamline","Genetic Algorithm+1","Undo+1","Beam Cell","Ball Lightning","Rip and Tear","Streamline","Conserve Battery+1","Auto Shields+1"],"max_hp_per_floor":[75,75,75,75,75,75,75,75,89,89,89,89,89,89,89,89,89,89,89,89,89,89,89,89,89],"relics":["Cracked Core","Toxic Egg 2","Old Coin","Mango","Golden Idol","Orrery","Ginger","Letter Opener","Bottled Lightning"],"card_choices":[{"not_picked":["Go for the Eyes","Compile Driver"],"picked":"Leap","floor":1},{"not_picked":["Go for the Eyes","Hologram"],"picked":"Static Discharge","floor":3},{"not_picked":["Blizzard","Rebound"],"picked":"Reinforced Body","floor":5},{"not_picked":["Chaos","Stack"],"picked":"Lockon","floor":6},{"not_picked":["Self Repair","Rip and Tear"],"picked":"Leap+1","floor":8},{"not_picked":["FTL","Heatsinks"],"picked":"Barrage","floor":11},{"not_picked":["Reinforced Body+1","Sweeping Beam"],"picked":"Glacier+1","floor":14},{"not_picked":["Biased Cognition","Amplify+1"],"picked":"Buffer","floor":16},{"not_picked":["Redo+1","Cold Snap"],"picked":"Chaos+1","floor":17},{"not_picked":["Redo+1","Go for the Eyes"],"picked":"Streamline","floor":17},{"not_picked":["Rip and Tear","Biased Cognition"],"picked":"Genetic Algorithm+1","floor":17},{"not_picked":["Conserve Battery+1","Hologram+1"],"picked":"Undo+1","floor":17},{"not_picked":["Go for the Eyes","Steam+1"],"picked":"Beam Cell","floor":17},{"not_picked":["Tempest+1","Hello World"],"picked":"Ball Lightning","floor":18},{"not_picked":["Tempest+1","Coolheaded+1"],"picked":"Rip and Tear","floor":20},{"not_picked":["Cold Snap","Compile Driver+1"],"picked":"Conserve Battery+1","floor":22},{"not_picked":["Ball Lightning","Consume+1"],"picked":"Auto Shields+1","floor":24}],"player_experience":43001,"potions_floor_usage":[],"damage_taken":[{"damage":0,"enemies":"Small Slimes","floor":1,"turns":4},{"damage":0,"enemies":"Cultist","floor":3,"turns":3},{"damage":6,"enemies":"2 Louse","floor":5,"turns":2},{"damage":25,"enemies":"3 Sentries","floor":6,"turns":6},{"damage":39,"enemies":"Gremlin Nob","floor":8,"turns":6},{"damage":6,"enemies":"Red Slaver","floor":11,"turns":4},{"damage":7,"enemies":"Blue Slaver","floor":14,"turns":6},{"damage":45,"enemies":"Slime Boss","floor":16,"turns":14},{"damage":31,"enemies":"3 Byrds","floor":18,"turns":7},{"damage":13,"enemies":"2 Thieves","floor":20,"turns":5},{"damage":43,"enemies":"Sentry and Sphere","floor":22,"turns":10},{"damage":24,"enemies":"Cultist and Chosen","floor":24,"turns":7},{"damage":24,"enemies":"Chosen and Byrds","floor":25,"turns":3}],"relics_obtained":[{"floor":6,"key":"Toxic Egg 2"},{"floor":8,"key":"Old Coin"},{"floor":9,"key":"Mango"}],"event_choices":[{"event_name":"The Lab","player_choice":"Got Potions","floor":2,"damage_taken":0},{"event_name":"Bonfire Elementals","player_choice":"BASIC","floor":4,"damage_taken":0},{"event_name":"Golden Idol","player_choice":"Take Wound","floor":10,"damage_taken":0},{"event_name":"Liars Game","player_choice":"agreed","floor":13,"damage_taken":0},{"event_name":"Purifier","player_choice":"One Purge","floor":19,"damage_taken":0}],"boss_relics":[{"not_picked":["Runic Pyramid","Calling Bell"],"picked":"Orrery"}],"items_purged_floors":[],"is_endless":false,"potions_floor_spawned":[8,14,16,20,22],"seed_played":"-1728067337144980752","killed_by":"Chosen and Byrds","ascension_level":0,"potions_obtained":[{"floor":2,"key":"Block Potion"},{"floor":2,"key":"LiquidBronze"},{"floor":2,"key":"LiquidBronze"}],"is_trial":false}