{"gold_per_floor":[117,292,292,242,37,71,71,96,96,96,161,161,190,190,190,289,289,289,289,107,107,107],"floor_reached":22,"playtime":673,"items_purged":["Doubt","Strike_B"],"score":308,"play_id":"ba8d769e-caad-492b-9958-1f599d1508bf","local_time":"20190718232016","is_ascension_mode":true,"campfire_choices":[{"data":"Capacitor","floor":7,"key":"SMITH"},{"data":"Consume","floor":12,"key":"SMITH"},{"data":"Zap","floor":15,"key":"SMITH"}],"neow_cost":"NONE","seed_source_timestamp":183445794121400,"circlet_count":0,"master_deck":["Strike_B","Strike_B","Strike_B","Defend_B","Defend_B","Defend_B","Defend_B","Zap+1","Dualcast","Capacitor+1","Doom and Gloom","Coolheaded","Consume+1","Streamline","Conserve Battery","Thunder Strike","Sweeping Beam+1","Static Discharge","Steam"],"relics":["Cracked Core","NeowsBlessing","Juzu Bracelet","Gremlin Horn","Matryoshka","Singing Bowl","Pantograph","Bag of Marbles","Centennial Puzzle","Orichalcum","Ectoplasm"],"potions_floor_usage":[],"damage_taken":[{"damage":0,"enemies":"Jaw Worm","floor":1,"turns":1},{"damage":0,"enemies":"Gremlin Nob","floor":6,"turns":1},{"damage":0,"enemies":"Lagavulin","floor":8,"turns":1},{"damage":28,"enemies":"Gremlin Nob","floor":13,"turns":4},{"damage":40,"enemies":"Hexaghost","floor":16,"turns":9},{"damage":47,"enemies":"3 Byrds","floor":18,"turns":5},{"damage":11,"enemies":"Shell Parasite","floor":21,"turns":4},{"damage":14,"enemies":"Snake Plant","floor":22,"turns":1}],"seed_played":"-4268681821415622726","potions_obtained":[{"floor":1,"key":"Dexterity Potion"},{"floor":8,"key":"FairyPotion"}],"is_trial":false,"path_per_floor":["M","?","?","?","$","E","R","E","T","T","?","R","E","?","R","B",null,"M","?","$","M","M"],"character_chosen":"DEFECT","items_purchased":["Doom and Gloom","Coolheaded","Static Discharge"],"campfire_rested":0,"item_purchase_floors":[5,5,20],"current_hp_per_floor":[75,75,75,75,75,75,75,75,75,75,75,75,47,47,47,32,64,17,17,17,6,0],"gold":107,"neow_bonus":"THREE_ENEMY_KILL","is_prod":false,"is_daily":false,"chose_seed":false,"campfire_upgraded":3,"win_rate":0,"timestamp":1563506416,"path_taken":["M","?","?","?","?","E","R","E","T","?","?","R","E","?","R","BOSS","M","?","$","M","M"],"build_version":"2019-07-17","purchased_purges":2,"victory":false,"max_hp_per_floor":[75,75,75,75,75,75,75,75,75,75,75,75,75,75,75,75,75,75,75,75,75,75],"card_choices":[{"not_picked":["Compile Driver","Coolheaded"],"picked":"Capacitor","floor":1},{"not_picked":["Stack","Capacitor"],"picked":"Consume","floor":6},{"not_picked":["Stack","Cold Snap"],"picked":"Streamline","floor":8},{"not_picked":["Chill","Coolheaded"],"picked":"Conserve Battery","floor":13},{"not_picked":["Core Surge","Meteor Strike"],"picked":"Thunder Strike","floor":16},{"not_picked":["Rebound","Gash"],"picked":"Sweeping Beam+1","floor":18},{"not_picked":["Ball Lightning","Compile Driver"],"picked":"Steam","floor":21}],"player_experience":410987,"relics_obtained":[{"floor":6,"key":"Gremlin Horn"},{"floor":8,"key":"Matryoshka"},{"floor":9,"key":"Singing Bowl"},{"floor":9,"key":"Pantograph"},{"floor":10,"key":"Bag of Marbles"},{"floor":10,"key":"Centennial Puzzle"},{"floor":13,"key":"Orichalcum"}],"event_choices":[{"damage_healed":0,"gold_gain":175,"player_choice":"AGREE","damage_taken":0,"max_hp_gain":0,"max_hp_loss":0,"event_name":"Liars Game","floor":2,"gold_loss":0,"cards_obtained":["Doubt"]},{"damage_healed":0,"gold_gain":0,"player_choice":"Box","damage_taken":0,"relics_obtained":["Juzu Bracelet"],"max_hp_gain":0,"max_hp_loss":0,"event_name":"Big Fish","floor":3,"gold_loss":0,"cards_obtained":["Regret"]},{"cards_removed":["Regret"],"damage_healed":0,"gold_gain":0,"player_choice":"Card Removal","damage_taken":0,"max_hp_gain":0,"max_hp_loss":0,"event_name":"The Cleric","floor":4,"gold_loss":50},{"damage_healed":0,"gold_gain":65,"player_choice":"Gained Gold","damage_taken":0,"max_hp_gain":0,"max_hp_loss":0,"event_name":"Golden Wing","floor":11,"gold_loss":0},{"damage_healed":0,"gold_gain":0,"player_choice":"Ignored","damage_taken":0,"max_hp_gain":0,"max_hp_loss":0,"event_name":"Golden Idol","floor":14,"gold_loss":0},{"damage_healed":0,"gold_gain":0,"player_choice":"Ignored","damage_taken":0,"max_hp_gain":0,"max_hp_loss":0,"event_name":"Vampires","floor":19,"gold_loss":0}],"is_beta":false,"boss_relics":[{"not_picked":["Snecko Eye","Astrolabe"],"picked":"Ectoplasm"}],"items_purged_floors":[5,20],"is_endless":false,"potions_floor_spawned":[1,8],"killed_by":"Snake Plant","ascension_level":5}