{"path_per_floor":["M","M","?","?","M","E","M","$","T","$","R","E","?","M","R","B",null,"M","?","$","M"],"character_chosen":"DEFECT","items_purchased":["Apotheosis","Jack Of All Trades","Coolheaded"],"gold_per_floor":[114,133,133,133,151,182,198,0,0,0,0,28,0,12,12,111,111,126,126,7,23,23],"floor_reached":22,"campfire_rested":2,"playtime":3833,"item_purchase_floors":[],"current_hp_per_floor":[69,68,61,61,44,37,35,35,35,35,57,42,42,38,60,2,75,63,63,63,5,0],"items_purged":[],"gold":23,"score":194,"play_id":"361bb6a9-01bb-4238-b73e-45873751c301","local_time":"20180617132007","is_prod":false,"is_daily":false,"chose_seed":false,"is_ascension_mode":false,"campfire_upgraded":0,"win_rate":0.0,"timestamp":1529238007,"campfire_choices":[{"floor":11.0,"key":"REST"},{"floor":15,"key":"REST"}],"path_taken":["M","M","?","?","M","E","M","$","T","$","R","E","?","M","R","BOSS","M","?","$","?","?"],"build_version":"2018-06-14v2","seed_source_timestamp":0,"purchased_purges":0,"victory":false,"master_deck":["Strike_B","Strike_B","Strike_B","Strike_B","Defend_B","Defend_B","Defend_B","Defend_B","Zap+1","Dualcast","Loop","Tempest","Undo","Leap","Streamline","Apotheosis","Amplify","Conserve Battery","Seek","Aggregate","Jack Of All Trades","Coolheaded","Steam"],"max_hp_per_floor":[75,75,75,75,75,75,75,75,75,75,75,75,75,75,75,75,75,75,75,75,75,75],"special_seed":0,"relics":["Cracked Core","Frozen Egg 2","Kunai","Bottled Lightning","Pen Nib","Busted Crown"],"card_choices":[{"not_picked":["Compile Driver","Steam"],"picked":"Loop","floor":1.0},{"not_picked":["Beam Cell","Fusion"],"picked":"Tempest","floor":2.0},{"not_picked":["Redo","Doom and Gloom"],"picked":"Undo","floor":5.0},{"not_picked":["Sweeping Beam","Rip and Tear"],"picked":"Leap","floor":6.0},{"not_picked":["Leap","Rebound"],"picked":"Streamline","floor":7.0},{"not_picked":["Gash","Hello World+1"],"picked":"Amplify","floor":12},{"not_picked":["Stack","Coolheaded"],"picked":"Conserve Battery","floor":14},{"not_picked":["Biased Cognition+1","Reboot"],"picked":"Seek","floor":16},{"not_picked":[],"picked":"Aggregate","floor":18},{"not_picked":[],"picked":"Steam","floor":21}],"player_experience":31517,"potions_floor_usage":[22,22,22],"damage_taken":[{"damage":6.0,"enemies":"2 Louse","floor":1.0,"turns":2.0},{"damage":1.0,"enemies":"Jaw Worm","floor":2.0,"turns":4.0},{"damage":17.0,"enemies":"Small Slimes","floor":5.0,"turns":3.0},{"damage":7.0,"enemies":"Lagavulin","floor":6.0,"turns":6.0},{"damage":2.0,"enemies":"2 Fungi Beasts","floor":7.0,"turns":3.0},{"damage":15,"enemies":"3 Sentries","floor":12,"turns":8},{"damage":4,"enemies":"Looter","floor":14,"turns":4},{"damage":58,"enemies":"Hexaghost","floor":16,"turns":12},{"damage":12,"enemies":"Spheric Guardian","floor":18,"turns":5},{"damage":58,"enemies":"3 Byrds","floor":21,"turns":7},{"damage":9,"enemies":"3 Cultists","floor":22,"turns":3}],"relics_obtained":[{"floor":6.0,"key":"Kunai"},{"floor":9.0,"key":"Bottled Lightning"},{"floor":12,"key":"Pen Nib"}],"event_choices":[{"event_name":"Scrap Ooze","player_choice":"success","floor":3.0,"damage_taken":7.0},{"event_name":"Liars Game","player_choice":"disagreed","floor":4.0,"damage_taken":0.0},{"event_name":"World of Goop","player_choice":"Left","floor":13,"damage_taken":0},{"event_name":"Vampires","player_choice":"Ignored","floor":19,"damage_taken":0}],"boss_relics":[{"not_picked":["Runic Dome","Eternal Feather"],"picked":"Busted Crown"}],"items_purged_floors":[],"is_endless":false,"potions_floor_spawned":[1,12,16,18],"seed_played":"-1559863378038940371","killed_by":"3 Cultists","ascension_level":0,"potions_obtained":[{"floor":1.0,"key":"Poison Potion"},{"floor":12,"key":"PowerPotion"},{"floor":16,"key":"AttackPotion"}],"is_trial":false}