{"gold_per_floor":[116,116,128,155,185,197,241,269,281,293,305,115,115,125,125,227,227,209,222,232,267,31,31,60,77,77,77,93,103,115,115,115,115],"floor_reached":33,"playtime":4530,"items_purged":[],"score":269,"play_id":"6f2e9091-c654-429c-91f2-c91792a1e560","local_time":"20190804185610","is_ascension_mode":false,"campfire_choices":[{"data":"Caltrops","floor":6,"key":"SMITH"},{"floor":10,"key":"REST"},{"data":"Die Die Die","floor":13,"key":"SMITH"},{"floor":15,"key":"REST"},{"floor":23,"key":"REST"},{"data":"Eviscerate","floor":27,"key":"SMITH"},{"floor":32,"key":"REST"}],"neow_cost":"NONE","seed_source_timestamp":375800698509592,"circlet_count":0,"master_deck":["Strike_G","Strike_G","Strike_G","Strike_G","Strike_G","Defend_G","Defend_G+1","Defend_G","Defend_G+1","Defend_G+1","Survivor","Neutralize","Dagger Throw","Underhanded Strike+1","Caltrops+1","Prepared","Dash","Die Die Die+1","Flying Knee","Venomology","Adrenaline","Infinite Blades+1","Expertise","Terror+1","Adrenaline","Phantasmal Killer","Acrobatics","Eviscerate+1","Flechettes","Crippling Poison","Backstab+1","Endless Agony+1","Poisoned Stab+1"],"relics":["Ring of the Snake","MawBank","Pantograph","War Paint","Black Star","Red Mask","Dream Catcher","Bottled Tornado","Ice Cream","Molten Egg 2"],"potions_floor_usage":[16,16,18,19,20,20,20,21,21,24,25,25,28,29,29,29,33],"damage_taken":[{"damage":3,"enemies":"2 Louse","floor":1,"turns":4},{"damage":1,"enemies":"Jaw Worm","floor":4,"turns":6},{"damage":0,"enemies":"Small Slimes","floor":5,"turns":3},{"damage":20,"enemies":"Gremlin Nob","floor":7,"turns":5},{"damage":16,"enemies":"2 Fungi Beasts","floor":8,"turns":5},{"damage":0,"enemies":"Looter","floor":14,"turns":3},{"damage":17,"enemies":"Hexaghost","floor":16,"turns":9},{"damage":12,"enemies":"2 Thieves","floor":18,"turns":4},{"damage":6,"enemies":"Chosen","floor":19,"turns":5},{"damage":11,"enemies":"3 Cultists","floor":20,"turns":6},{"damage":25,"enemies":"Masked Bandits","floor":21,"turns":6},{"damage":14,"enemies":"Gremlin Leader","floor":24,"turns":9},{"damage":0,"enemies":"Centurion and Healer","floor":25,"turns":5},{"damage":4,"enemies":"Snecko","floor":28,"turns":5},{"damage":15,"enemies":"Shelled Parasite and Fungi","floor":29,"turns":10},{"damage":11,"enemies":"3 Cultists","floor":30,"turns":4},{"damage":71,"enemies":"Automaton","floor":33,"turns":8}],"seed_played":"3403335166704098470","potions_obtained":[{"floor":5,"key":"Dexterity Potion"},{"floor":7,"key":"Block Potion"},{"floor":14,"key":"Swift Potion"},{"floor":18,"key":"AttackPotion"},{"floor":19,"key":"SkillPotion"},{"floor":24,"key":"Regen Potion"},{"floor":28,"key":"Fire Potion"}],"is_trial":false,"path_per_floor":["M","?","$","M","M","R","E","M","T","R","?","$","R","M","R","B",null,"M","M","M","?","$","R","E","M","T","R","M","M","M","?","R","B"],"character_chosen":"THE_SILENT","items_purchased":["Die Die Die","Flying Knee","Phantasmal Killer","Dream Catcher"],"campfire_rested":4,"item_purchase_floors":[12,12,22,22],"current_hp_per_floor":[74,67,67,66,66,66,46,30,30,53,38,38,38,38,61,60,77,65,59,48,23,23,46,32,46,46,46,42,27,16,16,39,0],"gold":115,"neow_bonus":"TEN_PERCENT_HP_BONUS","is_prod":false,"is_daily":false,"chose_seed":false,"campfire_upgraded":3,"win_rate":0.0,"timestamp":1564937770,"path_taken":["M","?","$","M","M","R","E","M","T","R","?","$","R","M","R","BOSS","M","M","M","?","$","R","E","M","T","R","M","M","M","?","R","BOSS"],"build_version":"2019-07-17","purchased_purges":0,"victory":false,"max_hp_per_floor":[77,77,77,77,77,77,77,77,77,77,77,77,77,77,77,77,77,77,77,77,77,77,77,77,77,77,77,77,77,77,77,77,77],"card_choices":[{"not_picked":["Deadly Poison","Endless Agony"],"picked":"Dagger Throw","floor":1},{"not_picked":["Dagger Throw","Flechettes"],"picked":"Underhanded Strike","floor":4},{"not_picked":["Masterful Stab","Dodge and Roll"],"picked":"Caltrops","floor":5},{"not_picked":["Dagger Spray","Quick Slash"],"picked":"Prepared","floor":7},{"not_picked":["Calculated Gamble","Dodge and Roll"],"picked":"Dash","floor":8},{"not_picked":["Predator","Deflect"],"picked":"Venomology","floor":14},{"not_picked":["Burst","Venomology"],"picked":"Adrenaline","floor":16},{"not_picked":["Outmaneuver","Slice+1"],"picked":"Infinite Blades+1","floor":18},{"not_picked":["Heel Hook","Dash+1"],"picked":"Expertise","floor":19},{"not_picked":["Footwork","Underhanded Strike+1"],"picked":"Terror+1","floor":20},{"not_picked":["Distraction+1","Backflip"],"picked":"Adrenaline","floor":21},{"not_picked":["Riddle With Holes+1","Expertise+1"],"picked":"Acrobatics","floor":23},{"not_picked":["Well Laid Plans","Flying Knee"],"picked":"Eviscerate","floor":24},{"not_picked":["Slice","Sucker Punch"],"picked":"Flechettes","floor":25},{"not_picked":["Flying Knee+1","Slice+1"],"picked":"Crippling Poison","floor":28},{"not_picked":["Sucker Punch+1","Dagger Throw+1"],"picked":"Backstab+1","floor":29},{"not_picked":["Flechettes+1","Prepared+1"],"picked":"Endless Agony+1","floor":30},{"not_picked":["PiercingWail+1","Heel Hook+1"],"picked":"Poisoned Stab+1","floor":32}],"player_experience":3566,"relics_obtained":[{"floor":7,"key":"Pantograph"},{"floor":9,"key":"War Paint"},{"floor":21,"key":"Red Mask"},{"floor":24,"key":"Bottled Tornado"},{"floor":24,"key":"Ice Cream"},{"floor":26,"key":"Molten Egg 2"}],"event_choices":[{"damage_healed":0,"gold_gain":0,"player_choice":"Success","damage_taken":7,"relics_obtained":["MawBank"],"max_hp_gain":0,"max_hp_loss":0,"event_name":"Scrap Ooze","floor":2,"gold_loss":0},{"damage_healed":0,"gold_gain":0,"player_choice":"Entered Light","damage_taken":15,"max_hp_gain":0,"max_hp_loss":0,"event_name":"Shining Light","floor":11,"gold_loss":0,"cards_upgraded":["Underhanded Strike","Defend_G"]},{"damage_healed":0,"gold_gain":0,"player_choice":"Fought Bandits","damage_taken":0,"max_hp_gain":0,"max_hp_loss":0,"event_name":"Masked Bandits","floor":21,"gold_loss":0},{"damage_healed":0,"gold_gain":0,"player_choice":"Ignored","damage_taken":0,"max_hp_gain":0,"max_hp_loss":0,"event_name":"Vampires","floor":31,"gold_loss":0}],"is_beta":false,"boss_relics":[{"not_picked":["Eternal Feather","Fusion Hammer"],"picked":"Black Star"}],"items_purged_floors":[],"is_endless":false,"potions_floor_spawned":[5,7,14,18,19,24,28],"killed_by":"Automaton","ascension_level":0}