{"gold_per_floor":[219,219,236,311,311,342,356,381,407,407,432,357,357,91,91,186,186,197,197,214,214,214,214,80,99,99,99,99],"floor_reached":28,"playtime":1142,"items_purged":["Strike_R","Regret"],"score":223,"play_id":"f874f385-a86c-4c3a-8968-6c2cd187c16a","local_time":"20190811174833","is_ascension_mode":true,"campfire_choices":[{"floor":10,"key":"REST"},{"data":"Rampage","floor":13,"key":"SMITH"},{"data":"Cleave","floor":15,"key":"SMITH"},{"data":"1","floor":23,"key":"LIFT"},{"floor":27,"key":"REST"}],"neow_cost":"NONE","seed_source_timestamp":557397228256985,"circlet_count":0,"master_deck":["Strike_R","Strike_R","Defend_R","Defend_R","Defend_R","Defend_R","Bash","Seeing Red","Warcry","Rampage+1","Cleave+1","Entrench","Metallicize","Impervious","Juggernaut","Infernal Blade+1","Fiend Fire","Jack Of All Trades","Intimidate"],"relics":["Burning Blood","Potion Belt","Odd Mushroom","Oddly Smooth Stone","Omamori","Calling Bell","Smiling Mask","Darkstone Periapt","Girya","Bottled Tornado","Orichalcum"],"potions_floor_usage":[6,8,16],"damage_taken":[{"damage":4,"enemies":"Jaw Worm","floor":1,"turns":5},{"damage":5,"enemies":"Small Slimes","floor":3,"turns":5},{"damage":59,"enemies":"Gremlin Nob","floor":6,"turns":6},{"damage":0,"enemies":"Cultist","floor":7,"turns":4},{"damage":13,"enemies":"The Mushroom Lair","floor":8,"turns":4},{"damage":45,"enemies":"Hexaghost","floor":16,"turns":13},{"damage":17,"enemies":"Chosen","floor":18,"turns":6},{"damage":19,"enemies":"Shell Parasite","floor":20,"turns":8},{"damage":20,"enemies":"Cultist and Chosen","floor":25,"turns":7},{"damage":52,"enemies":"3 Cultists","floor":28,"turns":6}],"seed_played":"3575725014635841833","potions_obtained":[{"floor":1,"key":"BloodPotion"},{"floor":6,"key":"Energy Potion"},{"floor":18,"key":"Energy Potion"}],"is_trial":false,"path_per_floor":["M","?","M","?","?","E","M","?","T","R","T","$","R","$","R","B",null,"M","?","M","?","T","R","$","M","T","R","M"],"character_chosen":"IRONCLAD","items_purchased":["Metallicize","PowerPotion","Impervious","Jack Of All Trades"],"campfire_rested":2,"item_purchase_floors":[14,14,14,24],"current_hp_per_floor":[80,73,74,63,63,30,36,29,29,53,53,53,53,53,53,14,80,69,54,41,41,41,41,41,27,27,52,0],"gold":99,"neow_bonus":"HUNDRED_GOLD","is_prod":false,"is_daily":false,"chose_seed":false,"campfire_upgraded":2,"win_rate":0,"timestamp":1565538513,"path_taken":["M","?","M","?","?","E","?","?","T","R","?","$","R","$","R","BOSS","M","?","M","?","?","R","?","M","T","R","M"],"build_version":"2019-07-17","purchased_purges":2,"victory":false,"max_hp_per_floor":[80,80,80,80,80,80,80,80,80,80,80,80,80,80,80,80,80,80,85,85,85,85,85,85,85,85,85,85],"card_choices":[{"not_picked":["Searing Blow","Shrug It Off"],"picked":"Seeing Red","floor":1},{"not_picked":["Perfected Strike","Headbutt"],"picked":"Warcry","floor":3},{"not_picked":["Burning Pact","Bloodletting"],"picked":"Rampage","floor":6},{"not_picked":["Clash","Headbutt"],"picked":"Cleave","floor":7},{"not_picked":["Clash","Flex"],"picked":"Entrench","floor":8},{"not_picked":["Feed","Dark Embrace"],"picked":"Juggernaut","floor":16},{"not_picked":["Rupture","Cleave+1"],"picked":"Infernal Blade+1","floor":18},{"not_picked":["Iron Wave","Clothesline"],"picked":"Fiend Fire","floor":20},{"not_picked":["Cleave+1","Reckless Charge"],"picked":"Intimidate","floor":25}],"player_experience":81774,"relics_obtained":[{"floor":6,"key":"Potion Belt"},{"floor":8,"key":"Odd Mushroom"},{"floor":9,"key":"Oddly Smooth Stone"},{"floor":11,"key":"Omamori"},{"floor":17,"key":"Smiling Mask"},{"floor":17,"key":"Darkstone Periapt"},{"floor":17,"key":"Girya"},{"floor":22,"key":"Bottled Tornado"},{"floor":26,"key":"Orichalcum"}],"event_choices":[{"cards_removed":["Strike_R"],"damage_healed":0,"gold_gain":0,"player_choice":"Card Removal","damage_taken":7,"max_hp_gain":0,"max_hp_loss":0,"event_name":"Golden Wing","floor":2,"gold_loss":0},{"damage_healed":0,"gold_gain":75,"player_choice":"Gather Gold","damage_taken":11,"max_hp_gain":0,"max_hp_loss":0,"event_name":"World of Goop","floor":4,"gold_loss":0},{"cards_removed":["Strike_R"],"damage_healed":0,"gold_gain":0,"player_choice":"Offered Basic","damage_taken":0,"max_hp_gain":0,"max_hp_loss":0,"event_name":"Bonfire Elementals","floor":5,"gold_loss":0},{"damage_healed":0,"gold_gain":0,"player_choice":"Fought Mushrooms","damage_taken":0,"max_hp_gain":0,"max_hp_loss":0,"event_name":"Mushrooms","floor":8,"gold_loss":0},{"damage_healed":0,"gold_gain":0,"player_choice":"Shed Blood","damage_taken":20,"max_hp_gain":5,"max_hp_loss":0,"event_name":"Forgotten Altar","floor":19,"gold_loss":0},{"damage_healed":0,"gold_gain":0,"player_choice":"Ignored","damage_taken":0,"max_hp_gain":0,"max_hp_loss":0,"event_name":"Ghosts","floor":21,"gold_loss":0}],"is_beta":false,"boss_relics":[{"not_picked":["Philosopher\u0027s Stone","Astrolabe"],"picked":"Calling Bell"}],"items_purged_floors":[12,24],"is_endless":false,"potions_floor_spawned":[1,6,18],"killed_by":"3 Cultists","ascension_level":1}