{"path_per_floor":["M","?","?","M","?","R","M","R","T","R","E","R","M","M","R","B",null,"M","M","M","$","M","R","M","?","T","R","M","M","$","M","R","B",null,"M","?","$","M","?","R","M","M","T","M","R","$"],"character_chosen":"IRONCLAD","items_purchased":["Charon\u0027s Ashes","Carnage","Inflame","Inflame","Intimidate"],"gold_per_floor":[110,110,110,125,125,125,138,138,164,164,194,194,207,226,226,327,327,338,353,367,59,79,79,93,93,93,93,107,123,7,26,26,127,127,147,147,7,25,25,25,40,58,58,77,77,77,77],"floor_reached":47,"campfire_rested":6,"playtime":3028,"item_purchase_floors":[21,30,30,37,37],"current_hp_per_floor":[80,80,80,80,64,80,80,80,80,80,59,80,80,79,79,58,80,80,63,62,62,53,77,77,77,77,77,72,53,53,41,65,60,80,76,76,76,53,53,77,77,51,51,47,71,71,0],"items_purged":[],"gold":77,"score":456,"play_id":"7779b5e0-ede1-413b-a24d-ba7e7dce8d62","local_time":"20180623004013","is_prod":false,"is_daily":false,"chose_seed":false,"is_ascension_mode":false,"campfire_upgraded":4,"win_rate":0.0,"timestamp":1529710813,"campfire_choices":[{"floor":6,"key":"REST"},{"data":"Clothesline","floor":8,"key":"SMITH"},{"data":"Twin Strike","floor":10,"key":"SMITH"},{"floor":12,"key":"REST"},{"data":"Flame Barrier","floor":15,"key":"SMITH"},{"floor":23,"key":"REST"},{"data":"Barricade","floor":27,"key":"SMITH"},{"floor":32,"key":"REST"},{"floor":40,"key":"REST"},{"floor":45,"key":"REST"}],"path_taken":["M","?","?","M","?","R","M","R","T","R","E","R","?","M","R","BOSS","M","M","?","$","M","R","M","?","T","R","?","M","$","M","R","BOSS","M","?","$","M","?","R","M","?","T","M","R","$","M"],"build_version":"2018-06-21","seed_source_timestamp":337426550215145,"purchased_purges":0,"circlet_count":0,"victory":false,"master_deck":["Strike_R","Strike_R","Strike_R","Strike_R","Strike_R","Defend_R+1","Defend_R","Defend_R+1","Shockwave+1","Twin Strike+1","Clothesline+1","Flame Barrier+1","Cleave","Rage","Barricade+1","Wild Strike","Uppercut","Metallicize","Pommel Strike+1","Juggernaut","Normality","Thunderclap","Flame Barrier","Carnage","Inflame","Clothesline","Demon Form","Clothesline+1","Inflame","Intimidate","Searing Blow","Apotheosis","Ghostly Armor+1","Heavy Blade+1","Twin Strike+1"],"max_hp_per_floor":[80,80,80,80,80,80,80,80,80,80,80,80,80,80,80,80,80,80,80,80,80,80,80,80,80,80,80,80,80,80,80,80,80,80,80,80,80,80,80,80,80,80,80,80,80,80,80],"relics":["Sozu","Pen Nib","Pantograph","Snecko Eye","Charon\u0027s Ashes","Potion Belt","Meat on the Bone","Mark of Pain","Ancient Tea Set"],"card_choices":[{"not_picked":["Seeing Red","Blood for Blood"],"picked":"Shockwave","floor":1},{"not_picked":["Thunderclap","Rupture"],"picked":"Twin Strike","floor":4},{"not_picked":["Thunderclap","Pommel Strike"],"picked":"Clothesline","floor":7},{"not_picked":["Shrug It Off","Warcry"],"picked":"Flame Barrier","floor":11},{"not_picked":["Entrench","Sword Boomerang"],"picked":"Cleave","floor":13},{"not_picked":["Pommel Strike","Battle Trance"],"picked":"Rage","floor":14},{"not_picked":["Reaper","Fiend Fire"],"picked":"Barricade","floor":16},{"not_picked":["Perfected Strike+1","Armaments+1"],"picked":"Wild Strike","floor":18},{"not_picked":["Headbutt","True Grit"],"picked":"Uppercut","floor":19},{"not_picked":["Body Slam","Warcry"],"picked":"Metallicize","floor":20},{"not_picked":["Sword Boomerang","Headbutt+1"],"picked":"Pommel Strike+1","floor":22},{"not_picked":["Flex","Twin Strike"],"picked":"Juggernaut","floor":24},{"not_picked":["Reckless Charge","True Grit+1"],"picked":"Thunderclap","floor":28},{"not_picked":["Pommel Strike+1","Battle Trance"],"picked":"Flame Barrier","floor":29},{"not_picked":["Thunderclap","Headbutt+1"],"picked":"Clothesline","floor":31},{"not_picked":["Berserk","Fiend Fire"],"picked":"Demon Form","floor":33},{"not_picked":["Pommel Strike","Perfected Strike+1"],"picked":"Clothesline+1","floor":35},{"not_picked":["Pommel Strike+1","Flex"],"picked":"Searing Blow","floor":38},{"not_picked":["Finesse","Purity"],"picked":"Apotheosis","floor":39},{"not_picked":["Sever Soul","Searing Blow"],"picked":"Ghostly Armor+1","floor":41},{"not_picked":["Battle Trance+1","Shrug It Off"],"picked":"Heavy Blade+1","floor":42},{"not_picked":["Clash","Blood for Blood+1"],"picked":"Twin Strike+1","floor":44}],"player_experience":71836,"potions_floor_usage":[],"damage_taken":[{"damage":0,"enemies":"Small Slimes","floor":1,"turns":3},{"damage":0,"enemies":"Cultist","floor":4,"turns":4},{"damage":0,"enemies":"Jaw Worm","floor":7,"turns":2},{"damage":21,"enemies":"Lagavulin","floor":11,"turns":4},{"damage":0,"enemies":"Blue Slaver","floor":13,"turns":3},{"damage":1,"enemies":"Exordium Thugs","floor":14,"turns":4},{"damage":22,"enemies":"Slime Boss","floor":16,"turns":10},{"damage":0,"enemies":"3 Byrds","floor":18,"turns":4},{"damage":17,"enemies":"Chosen","floor":19,"turns":7},{"damage":1,"enemies":"Snecko","floor":20,"turns":4},{"damage":9,"enemies":"Cultist and Chosen","floor":22,"turns":5},{"damage":0,"enemies":"Sentry and Sphere","floor":24,"turns":4},{"damage":5,"enemies":"Slaver and Parasite","floor":28,"turns":7},{"damage":19,"enemies":"Chosen and Byrds","floor":29,"turns":6},{"damage":12,"enemies":"Cultist and Chosen","floor":31,"turns":4},{"damage":20,"enemies":"Champ","floor":33,"turns":12},{"damage":4,"enemies":"3 Darklings","floor":35,"turns":5},{"damage":23,"enemies":"3 Shapes","floor":38,"turns":4},{"damage":0,"enemies":"Maw","floor":41,"turns":6},{"damage":38,"enemies":"3 Darklings","floor":42,"turns":5},{"damage":16,"enemies":"Sphere and 2 Shapes","floor":44,"turns":4}],"relics_obtained":[{"floor":9,"key":"Pen Nib"},{"floor":11,"key":"Pantograph"},{"floor":26,"key":"Meat on the Bone"},{"floor":43,"key":"Ancient Tea Set"}],"event_choices":[{"event_name":"Bonfire Elementals","player_choice":"BASIC","floor":2,"damage_taken":0},{"event_name":"Living Wall","player_choice":"Grow","floor":3,"damage_taken":0},{"event_name":"Shining Light","player_choice":"Entered Light","floor":5,"damage_taken":0},{"event_name":"Accursed Blacksmith","player_choice":"Rummage","floor":25,"damage_taken":0},{"event_name":"Falling","player_choice":"Removed Skill","floor":36,"damage_taken":0},{"event_name":"SensoryStone","player_choice":"Memory 1","floor":39,"damage_taken":0}],"boss_relics":[{"not_picked":["Orrery","Empty Cage"],"picked":"Snecko Eye"},{"not_picked":["Astrolabe","Fusion Hammer"],"picked":"Mark of Pain"}],"items_purged_floors":[],"is_endless":false,"potions_floor_spawned":[1,4,7,13,19,31,33,35,42,44],"seed_played":"-324523958119197889","killed_by":"4 Shapes","ascension_level":0,"potions_obtained":[],"is_trial":false}