{"gold_per_floor":[212,212,212,166,72,72,84,115,138,148,167,167,167,180,180,281,281,291,291,175,186,196,196,214,91,91,91,111,124,124],"floor_reached":30,"playtime":4186,"items_purged":[],"score":232,"play_id":"46501908-ac3d-41c0-a84d-47409b818c9a","local_time":"20181203200506","is_ascension_mode":false,"campfire_choices":[{"data":"Dualcast","floor":6,"key":"SMITH"},{"data":"Zap","floor":12,"key":"SMITH"},{"data":"Lockon","floor":15,"key":"SMITH"},{"data":"Echo Form","floor":23,"key":"SMITH"},{"data":"Capacitor","floor":27,"key":"SMITH"}],"neow_cost":"NONE","seed_source_timestamp":439743935498633,"circlet_count":0,"master_deck":["Defend_B","Defend_B","Defend_B","Defend_B","Zap+1","Dualcast+1","Hologram","Ball Lightning","Self Repair","Sunder","Cold Snap","Self Repair","Lockon+1","Echo Form+1","Chill","Iron Wave","Coolheaded","Auto Shields","Chill","Conserve Battery","Capacitor+1","Coolheaded","BootSequence"],"relics":["Cracked Core","Bird Faced Urn","PreservedInsect","Centennial Puzzle","Ancient Tea Set","Empty Cage","Ornamental Fan"],"potions_floor_usage":[16,16,22,24,28],"damage_taken":[{"damage":1,"enemies":"Jaw Worm","floor":1,"turns":3},{"damage":7,"enemies":"2 Louse","floor":7,"turns":2},{"damage":27,"enemies":"3 Sentries","floor":8,"turns":6},{"damage":0,"enemies":"Cultist","floor":10,"turns":3},{"damage":3,"enemies":"Looter","floor":11,"turns":2},{"damage":5,"enemies":"Blue Slaver","floor":14,"turns":2},{"damage":50,"enemies":"The Guardian","floor":16,"turns":9},{"damage":35,"enemies":"Shell Parasite","floor":18,"turns":6},{"damage":0,"enemies":"Chosen","floor":21,"turns":6},{"damage":4,"enemies":"Centurion and Healer","floor":22,"turns":13},{"damage":13,"enemies":"Snecko","floor":24,"turns":5},{"damage":42,"enemies":"Chosen and Byrds","floor":28,"turns":8},{"damage":11,"enemies":"Snake Plant","floor":29,"turns":7},{"damage":51,"enemies":"3 Cultists","floor":30,"turns":7}],"seed_played":"-999861096751226180","potions_obtained":[{"floor":7,"key":"LiquidBronze"},{"floor":14,"key":"PowerPotion"},{"floor":16,"key":"SteroidPotion"},{"floor":21,"key":"Weak Potion"},{"floor":22,"key":"AttackPotion"},{"floor":24,"key":"GamblersBrew"},{"floor":29,"key":"SteroidPotion"}],"is_trial":false,"path_per_floor":["M","$","?","$","?","R","M","E","T","M","M","R","?","M","R","B",null,"M","?","$","M","M","R","M","$","T","R","M","M","M"],"character_chosen":"DEFECT","items_purchased":["Ball Lightning","Coolheaded","Auto Shields","Capacitor","Coolheaded"],"campfire_rested":0,"item_purchase_floors":[4,20,20,25,25],"current_hp_per_floor":[74,74,71,71,71,71,64,46,46,55,61,61,61,65,65,35,75,58,58,58,75,75,75,71,71,71,71,49,58,13],"gold":124,"neow_bonus":"HUNDRED_GOLD","is_prod":false,"is_daily":false,"chose_seed":false,"campfire_upgraded":5,"win_rate":0.0,"timestamp":1543867506,"path_taken":["M","$","?","$","?","R","M","E","T","M","?","R","?","M","R","BOSS","M","?","$","M","?","R","M","$","T","R","M","M","M"],"build_version":"2018-11-15","purchased_purges":0,"victory":false,"max_hp_per_floor":[75,75,75,75,75,75,75,75,75,75,75,75,75,75,75,75,75,75,75,75,75,75,75,75,75,75,75,75,75,75],"card_choices":[{"not_picked":["Streamline","Steam"],"picked":"Hologram","floor":1},{"not_picked":["Beam Cell","Static Discharge"],"picked":"Self Repair","floor":7},{"not_picked":["Go for the Eyes","Ball Lightning"],"picked":"Sunder","floor":8},{"not_picked":["Steam","Doom and Gloom"],"picked":"Cold Snap","floor":10},{"not_picked":["Reboot","Leap"],"picked":"Self Repair","floor":11},{"not_picked":["Go for the Eyes","Coolheaded"],"picked":"Lockon","floor":14},{"not_picked":["Seek","Meteor Strike"],"picked":"Echo Form","floor":16},{"not_picked":["Rebound+1","Go for the Eyes"],"picked":"Chill","floor":18},{"not_picked":["Genetic Algorithm+1","Compile Driver","Beam Cell+1"],"picked":"SKIP","floor":21},{"not_picked":["Coolheaded","Sweeping Beam"],"picked":"Chill","floor":22},{"not_picked":["Beam Cell","Go for the Eyes"],"picked":"Conserve Battery","floor":24},{"not_picked":["Redo","Gash"],"picked":"BootSequence","floor":28},{"not_picked":["Genetic Algorithm","Turbo","Force Field+1"],"picked":"SKIP","floor":29}],"player_experience":276029,"relics_obtained":[{"floor":8,"key":"Centennial Puzzle"},{"floor":9,"key":"Ancient Tea Set"},{"floor":26,"key":"Ornamental Fan"}],"event_choices":[{"damage_healed":0,"gold_gain":0,"player_choice":"Success","damage_taken":3,"relics_obtained":["Bird Faced Urn"],"max_hp_gain":0,"max_hp_loss":0,"event_name":"Scrap Ooze","floor":3,"gold_loss":0},{"damage_healed":0,"gold_gain":0,"player_choice":"Paid Gold","damage_taken":0,"relics_obtained":["PreservedInsect"],"max_hp_gain":0,"max_hp_loss":0,"event_name":"WeMeetAgain","floor":5,"gold_loss":94},{"cards_removed":["Strike_B"],"damage_healed":0,"gold_gain":0,"player_choice":"Forget","damage_taken":0,"max_hp_gain":0,"max_hp_loss":0,"event_name":"Living Wall","floor":13,"gold_loss":0},{"cards_removed":["Strike_B"],"damage_healed":0,"gold_gain":0,"player_choice":"Took Card","damage_taken":0,"max_hp_gain":0,"max_hp_loss":0,"event_name":"NoteForYourself","floor":19,"gold_loss":0,"cards_obtained":["Iron Wave"]}],"is_beta":false,"boss_relics":[{"not_picked":["Coffee Dripper","Lizard Tail"],"picked":"Empty Cage"}],"items_purged_floors":[],"is_endless":false,"potions_floor_spawned":[7,14,16,21,22,24,29],"killed_by":"3 Cultists","ascension_level":0}