{"gold_per_floor":[113,113,125,144,160,160,189,201,253,12,12,26,26,53,53,151,151,162,174,193,193,43,70,70,84,108,137,147,161,179,213,213,316,316,331,342,342,342,4,4,35,35,35,35],"floor_reached":44,"playtime":2865,"items_purged":["Strike_R","Strike_R","Strike_R"],"score":765,"play_id":"2dc8394e-fc8b-4cd9-8c80-d1e07afe8fef","local_time":"20190802122525","is_ascension_mode":true,"campfire_choices":[{"data":"Bash","floor":6,"key":"SMITH"},{"data":"True Grit","floor":11,"key":"SMITH"},{"data":"Shockwave","floor":15,"key":"SMITH"},{"floor":24,"key":"REST"},{"floor":32,"key":"REST"},{"data":"Uppercut","floor":40,"key":"SMITH"},{"floor":42,"key":"REST"}],"neow_cost":"NONE","seed_source_timestamp":1026673382799200,"circlet_count":0,"master_deck":["AscendersBane","Strike_R","Defend_R","Defend_R","Defend_R","Defend_R","Bash+1","Cleave","Reaper","Sword Boomerang","Shrug It Off","Spot Weakness","Rage","Shockwave+1","Offering","True Grit+1","Uppercut+1","Brutality","Exhume","Burning Pact","Sword Boomerang","Whirlwind","Armaments","Flame Barrier+1","Regret","Entrench+1","Flame Barrier","Pummel+1","Offering","Spot Weakness+1"],"relics":["Burning Blood","Smiling Mask","Blood Vial","Darkstone Periapt","Boot","Cursed Key","Magic Flower","Bag of Marbles","Bag of Preparation","Shuriken","Black Star","Gambling Chip","Dodecahedron","Vajra"],"potions_floor_usage":[5,7,8,16,23,25,25,33],"damage_taken":[{"damage":15,"enemies":"Cultist","floor":1,"turns":5},{"damage":12,"enemies":"2 Louse","floor":3,"turns":4},{"damage":0,"enemies":"Small Slimes","floor":4,"turns":3},{"damage":0,"enemies":"3 Louse","floor":5,"turns":1},{"damage":31,"enemies":"Gremlin Nob","floor":7,"turns":5},{"damage":18,"enemies":"Gremlin Gang","floor":8,"turns":4},{"damage":9,"enemies":"Looter","floor":12,"turns":3},{"damage":21,"enemies":"3 Sentries","floor":14,"turns":6},{"damage":84,"enemies":"Hexaghost","floor":16,"turns":11},{"damage":31,"enemies":"Spheric Guardian","floor":18,"turns":5},{"damage":26,"enemies":"Shell Parasite","floor":19,"turns":4},{"damage":13,"enemies":"Snecko","floor":20,"turns":4},{"damage":39,"enemies":"Slavers","floor":23,"turns":5},{"damage":6,"enemies":"3 Cultists","floor":25,"turns":3},{"damage":43,"enemies":"Gremlin Leader","floor":27,"turns":6},{"damage":20,"enemies":"Centurion and Healer","floor":28,"turns":5},{"damage":19,"enemies":"Snecko","floor":29,"turns":6},{"damage":45,"enemies":"Snake Plant","floor":30,"turns":6},{"damage":32,"enemies":"Book of Stabbing","floor":31,"turns":7},{"damage":95,"enemies":"Collector","floor":33,"turns":13},{"damage":21,"enemies":"Orb Walker","floor":35,"turns":4},{"damage":50,"enemies":"3 Darklings","floor":36,"turns":5},{"damage":117,"enemies":"Giant Head","floor":41,"turns":9},{"damage":65,"enemies":"Transient","floor":44,"turns":4}],"seed_played":"8920715463927373663","potions_obtained":[{"floor":4,"key":"Explosive Potion"},{"floor":5,"key":"EssenceOfSteel"},{"floor":7,"key":"Swift Potion"},{"floor":8,"key":"BloodPotion"},{"floor":16,"key":"Fire Potion"},{"floor":23,"key":"Energy Potion"},{"floor":25,"key":"Fruit Juice"},{"floor":31,"key":"Fire Potion"}],"is_trial":false,"path_per_floor":["M","?","M","M","M","R","E","M","T","$","R","M","?","E","R","B",null,"M","M","M","?","$","E","R","M","T","E","M","M","M","E","R","B",null,"M","M","?","?","$","R","E","R","T","M"],"character_chosen":"IRONCLAD","items_purchased":["Offering","True Grit","Whirlwind","Armaments","Gambling Chip"],"campfire_rested":3,"item_purchase_floors":[10,10,22,22,39],"current_hp_per_floor":[71,71,73,87,88,88,69,67,67,67,67,66,66,73,73,34,75,52,44,49,49,49,32,58,93,99,89,99,89,64,62,91,69,92,83,81,81,81,81,81,20,48,48,0],"gold":35,"neow_bonus":"TEN_PERCENT_HP_BONUS","is_prod":false,"is_daily":false,"chose_seed":false,"campfire_upgraded":4,"win_rate":0,"timestamp":1564763125,"path_taken":["M","?","M","M","M","R","E","M","T","?","R","?","?","E","R","BOSS","M","M","M","?","$","E","R","M","T","E","M","M","M","E","R","BOSS","M","M","?","?","$","R","E","R","T","M"],"build_version":"2019-07-17","purchased_purges":3,"victory":false,"max_hp_per_floor":[88,88,88,88,88,88,88,88,88,88,88,88,88,88,88,88,88,88,88,88,88,88,88,88,93,99,99,99,99,99,99,99,99,99,99,99,94,94,94,94,94,94,94,94],"card_choices":[{"not_picked":["Heavy Blade","Wild Strike"],"picked":"Cleave","floor":1},{"not_picked":["Flex","Perfected Strike"],"picked":"Sword Boomerang","floor":3},{"not_picked":["Sever Soul","Ghostly Armor"],"picked":"Shrug It Off","floor":4},{"not_picked":["Twin Strike","Sword Boomerang"],"picked":"Spot Weakness","floor":5},{"not_picked":["Clash","Sword Boomerang"],"picked":"Rage","floor":7},{"not_picked":["Blood for Blood","Dual Wield"],"picked":"Shockwave","floor":8},{"not_picked":["Perfected Strike","Anger"],"picked":"Uppercut","floor":12},{"not_picked":["Anger","Havoc"],"picked":"Brutality","floor":14},{"not_picked":["Bludgeon","Dark Embrace"],"picked":"Exhume","floor":16},{"not_picked":["Cleave","Rampage","Perfected Strike"],"picked":"SKIP","floor":18},{"not_picked":["Cleave+1","Iron Wave","Anger"],"picked":"SKIP","floor":19},{"not_picked":["Perfected Strike+1","Wild Strike+1"],"picked":"Burning Pact","floor":20},{"not_picked":["Armaments","Clash+1","Heavy Blade"],"picked":"SKIP","floor":23},{"not_picked":["True Grit+1","Infernal Blade"],"picked":"Flame Barrier+1","floor":25},{"not_picked":["Brutality","Intimidate"],"picked":"Entrench+1","floor":27},{"not_picked":["Anger","Wild Strike"],"picked":"Flame Barrier","floor":28},{"not_picked":["Thunderclap","Body Slam","Pommel Strike"],"picked":"SKIP","floor":29},{"not_picked":["Havoc+1","Cleave","Heavy Blade"],"picked":"SKIP","floor":30},{"not_picked":["Shrug It Off","Hemokinesis"],"picked":"Pummel+1","floor":31},{"not_picked":["Impervious","Juggernaut"],"picked":"Offering","floor":33},{"not_picked":["Clothesline","Anger","Pommel Strike+1"],"picked":"SKIP","floor":35},{"not_picked":["Thunderclap","Rage"],"picked":"Spot Weakness+1","floor":36},{"not_picked":["Sword Boomerang+1","Body Slam","Heavy Blade"],"picked":"SKIP","floor":41}],"player_experience":622627,"relics_obtained":[{"floor":7,"key":"Smiling Mask"},{"floor":9,"key":"Blood Vial"},{"floor":14,"key":"Boot"},{"floor":23,"key":"Magic Flower"},{"floor":26,"key":"Bag of Marbles"},{"floor":27,"key":"Bag of Preparation"},{"floor":31,"key":"Shuriken"},{"floor":41,"key":"Dodecahedron"},{"floor":41,"key":"Vajra"}],"event_choices":[{"damage_healed":0,"gold_gain":0,"player_choice":"1 cards matched","damage_taken":0,"max_hp_gain":0,"max_hp_loss":0,"event_name":"Match and Keep!","floor":2,"gold_loss":0,"cards_obtained":["Reaper"]},{"damage_healed":0,"gold_gain":0,"player_choice":"Searched \u00272\u0027 times","damage_taken":0,"relics_obtained":["Darkstone Periapt"],"max_hp_gain":0,"max_hp_loss":0,"event_name":"Dead Adventurer","floor":13,"gold_loss":0},{"damage_healed":0,"gold_gain":0,"cards_transformed":["Strike_R"],"player_choice":"Transformed","damage_taken":0,"max_hp_gain":0,"max_hp_loss":0,"event_name":"Transmorgrifier","floor":21,"gold_loss":0,"cards_obtained":["Sword Boomerang"]},{"damage_healed":0,"gold_gain":0,"player_choice":"Max HP","damage_taken":0,"max_hp_gain":0,"max_hp_loss":5,"event_name":"Winding Halls","floor":37,"gold_loss":0},{"damage_healed":0,"gold_gain":0,"player_choice":"Ignored","damage_taken":0,"max_hp_gain":0,"max_hp_loss":0,"event_name":"Tomb of Lord Red Mask","floor":38,"gold_loss":0}],"is_beta":false,"boss_relics":[{"not_picked":["Empty Cage","Busted Crown"],"picked":"Cursed Key"},{"not_picked":["Astrolabe","White Beast Statue"],"picked":"Black Star"}],"items_purged_floors":[10,22,39],"is_endless":false,"potions_floor_spawned":[4,5,7,8,16,23,25,31],"killed_by":"Transient","ascension_level":10}