{"gold_per_floor":[14,29,48,65,65,65,65,78,78,98,124,141,155,0,0,99,99,113,113,123,123,23,23],"floor_reached":23,"playtime":726,"items_purged":["Strike_R","Strike_R"],"score":330,"play_id":"2bf5bd84-ad85-4532-8e22-1954d13d5b52","local_time":"20190805222544","is_ascension_mode":true,"campfire_choices":[{"data":"Apotheosis","floor":6,"key":"SMITH"},{"data":"Shockwave","floor":15,"key":"SMITH"}],"neow_cost":"NO_GOLD","seed_source_timestamp":81042914089700,"circlet_count":0,"master_deck":["AscendersBane","Strike_R","Defend_R","Defend_R","Defend_R","Defend_R","Bash","Flash of Steel","Apotheosis+1","Cleave","Spot Weakness","Pommel Strike","Ghostly Armor","Heavy Blade","True Grit","Shockwave+1","Demon Form+1","Uppercut","Twin Strike","Warcry+1"],"relics":["Burning Blood","Regal Pillow","Omamori","Philosopher\u0027s Stone"],"potions_floor_usage":[18,20,20],"damage_taken":[{"damage":5,"enemies":"Jaw Worm","floor":1,"turns":4},{"damage":14,"enemies":"2 Louse","floor":2,"turns":3},{"damage":2,"enemies":"Cultist","floor":3,"turns":4},{"damage":0,"enemies":"3 Louse","floor":4,"turns":3},{"damage":13,"enemies":"Gremlin Gang","floor":8,"turns":4},{"damage":13,"enemies":"Lots of Slimes","floor":10,"turns":2},{"damage":8,"enemies":"Gremlin Nob","floor":11,"turns":3},{"damage":0,"enemies":"Looter","floor":12,"turns":4},{"damage":3,"enemies":"Blue Slaver","floor":13,"turns":4},{"damage":28,"enemies":"Hexaghost","floor":16,"turns":7},{"damage":16,"enemies":"2 Thieves","floor":18,"turns":4},{"damage":43,"enemies":"3 Byrds","floor":20,"turns":4},{"damage":39,"enemies":"Slavers","floor":23,"turns":3}],"seed_played":"-5216037995145063572","potions_obtained":[{"floor":2,"key":"FearPotion"},{"floor":4,"key":"Regen Potion"},{"floor":11,"key":"GamblersBrew"},{"floor":13,"key":"Energy Potion"}],"is_trial":false,"path_per_floor":["M","M","M","M","?","R","?","M","T","M","E","M","M","$","R","B",null,"M","?","M","?","$","E"],"character_chosen":"IRONCLAD","items_purchased":["Shockwave"],"campfire_rested":0,"item_purchase_floors":[14],"current_hp_per_floor":[73,65,69,75,80,80,80,73,73,66,64,70,73,73,73,51,77,76,76,39,39,39,0],"gold":23,"neow_bonus":"RANDOM_COLORLESS_2","is_prod":false,"is_daily":false,"chose_seed":false,"campfire_upgraded":2,"win_rate":0,"timestamp":1565058344,"path_taken":["M","M","M","M","?","R","?","M","T","M","E","M","?","$","R","BOSS","M","?","?","?","$","E"],"build_version":"2019-07-17","purchased_purges":2,"victory":false,"max_hp_per_floor":[80,80,80,80,85,85,85,85,85,85,85,85,85,85,85,85,85,85,85,85,85,85,85],"card_choices":[{"not_picked":["Anger","Havoc"],"picked":"Cleave","floor":1},{"not_picked":["Havoc","Body Slam"],"picked":"Spot Weakness","floor":2},{"not_picked":["Body Slam","Sever Soul"],"picked":"Pommel Strike","floor":3},{"not_picked":["Thunderclap","Dual Wield"],"picked":"Ghostly Armor","floor":4},{"not_picked":["Cleave","Wild Strike"],"picked":"Heavy Blade","floor":8},{"not_picked":["Flex","Perfected Strike","Fiend Fire"],"picked":"SKIP","floor":10},{"not_picked":["Warcry","Heavy Blade"],"picked":"True Grit","floor":11},{"not_picked":["Pommel Strike","Heavy Blade","Dropkick"],"picked":"SKIP","floor":12},{"not_picked":["Warcry","Twin Strike","Heavy Blade"],"picked":"SKIP","floor":13},{"not_picked":["Bludgeon","Brutality"],"picked":"Demon Form","floor":16},{"not_picked":["Dual Wield","Burning Pact"],"picked":"Uppercut","floor":18},{"not_picked":["Infernal Blade+1","Thunderclap"],"picked":"Warcry+1","floor":20}],"player_experience":660939,"relics_obtained":[{"floor":9,"key":"Regal Pillow"},{"floor":11,"key":"Omamori"}],"event_choices":[{"damage_healed":0,"gold_gain":0,"player_choice":"Donut","damage_taken":0,"max_hp_gain":5,"max_hp_loss":0,"event_name":"Big Fish","floor":5,"gold_loss":0},{"cards_removed":["Strike_R"],"damage_healed":0,"gold_gain":0,"player_choice":"Purged","damage_taken":0,"max_hp_gain":0,"max_hp_loss":0,"event_name":"Purifier","floor":7,"gold_loss":0},{"damage_healed":0,"gold_gain":0,"cards_transformed":["Strike_R"],"player_choice":"Transformed","damage_taken":0,"max_hp_gain":0,"max_hp_loss":0,"event_name":"Transmorgrifier","floor":19,"gold_loss":0,"cards_obtained":["Twin Strike"]},{"damage_healed":0,"gold_gain":0,"player_choice":"Upgraded","damage_taken":0,"max_hp_gain":0,"max_hp_loss":0,"event_name":"Upgrade Shrine","floor":21,"gold_loss":0,"cards_upgraded":["Demon Form"]}],"is_beta":false,"boss_relics":[{"not_picked":["Black Blood","Lizard Tail"],"picked":"Philosopher\u0027s Stone"}],"items_purged_floors":[14,22],"is_endless":false,"potions_floor_spawned":[2,4,11,13],"killed_by":"Slavers","ascension_level":10}