{"gold_per_floor":[114,67,77,1,1,1,31,31,31,31,47,76,108,123,123,224,224,237,250,266,266,69,69,85,95,95,22,22,22,38,49,49,150,150,168,184,113,127,143,143,71,471,495,495,5,21,21,0,0,0],"floor_reached":51,"playtime":5437,"items_purged":["Strike_B"],"score":767,"play_id":"9469a050-07a2-436e-a8bc-0e3a64598e31","local_time":"20190814112139","is_ascension_mode":true,"campfire_choices":[{"data":"Redo","floor":6,"key":"SMITH"},{"data":"Zap","floor":8,"key":"SMITH"},{"data":"Dualcast","floor":15,"key":"SMITH"},{"data":"Capacitor","floor":23,"key":"SMITH"},{"floor":28,"key":"REST"},{"floor":32,"key":"REST"},{"data":"Creative AI","floor":40,"key":"SMITH"},{"floor":47,"key":"REST"},{"data":"Defragment","floor":49,"key":"SMITH"}],"neow_cost":"NONE","seed_source_timestamp":254769117169104,"circlet_count":0,"master_deck":["Strike_B","Strike_B","Defend_B","Defend_B","Defend_B","Defend_B","Zap+1","Dualcast+1","Cold Snap","Conserve Battery","Redo+1","Glacier","Ball Lightning+1","Coolheaded","Cold Snap+1","Creative AI+1","Auto Shields+1","Capacitor+1","Ball Lightning+1","Beam Cell+1","Doom and Gloom+1","Capacitor","Barrage+1","Coolheaded+1","Melter+1","Ball Lightning+1","Storm","Steam Power+1","Compile Driver+1","Defragment+1","Go for the Eyes+1","Good Instincts","Coolheaded+1"],"relics":["FrozenCore","Molten Egg 2","FossilizedHelix","WingedGreaves","Blood Vial","Cables","MutagenicStrength","Lizard Tail","Old Coin","Juzu Bracelet","Ancient Tea Set","ClockworkSouvenir","Dream Catcher","Red Mask"],"potions_floor_usage":[13,16,25,30,30,30,31,38,42,42],"damage_taken":[{"damage":3,"enemies":"2 Louse","floor":1,"turns":2},{"damage":1,"enemies":"Cultist","floor":3,"turns":3},{"damage":15,"enemies":"3 Sentries","floor":7,"turns":15},{"damage":0,"enemies":"Jaw Worm","floor":11,"turns":3},{"damage":0,"enemies":"Gremlin Nob","floor":12,"turns":4},{"damage":0,"enemies":"Lagavulin","floor":13,"turns":6},{"damage":0,"enemies":"Looter","floor":14,"turns":3},{"damage":10,"enemies":"The Guardian","floor":16,"turns":15},{"damage":0,"enemies":"Shell Parasite","floor":18,"turns":11},{"damage":2,"enemies":"3 Byrds","floor":19,"turns":5},{"damage":0,"enemies":"Snecko","floor":20,"turns":8},{"damage":47,"enemies":"3 Cultists","floor":24,"turns":7},{"damage":0,"enemies":"Centurion and Healer","floor":25,"turns":8},{"damage":0,"enemies":"Snecko","floor":30,"turns":7},{"damage":15,"enemies":"Shelled Parasite and Fungi","floor":31,"turns":5},{"damage":15,"enemies":"Collector","floor":33,"turns":10},{"damage":23,"enemies":"3 Darklings","floor":35,"turns":8},{"damage":0,"enemies":"3 Shapes","floor":36,"turns":8},{"damage":12,"enemies":"Jaw Worm Horde","floor":38,"turns":6},{"damage":0,"enemies":"Sphere and 2 Shapes","floor":39,"turns":4},{"damage":0,"enemies":"Mind Bloom Boss Battle","floor":42,"turns":4},{"damage":0,"enemies":"Maw","floor":46,"turns":6},{"damage":34,"enemies":"Donu and Deca","floor":50,"turns":12}],"seed_played":"-4131403035512795918","potions_obtained":[{"floor":7,"key":"Swift Potion"},{"floor":12,"key":"SkillPotion"},{"floor":13,"key":"Strength Potion"},{"floor":18,"key":"FearPotion"},{"floor":24,"key":"Regen Potion"},{"floor":25,"key":"EntropicBrew"},{"floor":36,"key":"Weak Potion"},{"floor":38,"key":"AttackPotion"},{"floor":39,"key":"FearPotion"}],"is_trial":false,"path_per_floor":["M","$","M","$","?","R","E","R","T","$","M","E","E","M","R","B",null,"M","M","M","?","$","R","M","M","T","$","R","?","M","M","R","B",null,"M","M","$","M","M","R","$","?","T","?","$","M","R","?","R","B",null],"character_chosen":"DEFECT","items_purchased":["Conserve Battery","Glacier","Capacitor","Ball Lightning+1","Capacitor","Storm","Defragment","Ancient Tea Set","ClockworkSouvenir","Dream Catcher"],"campfire_rested":3,"item_purchase_floors":[2,4,22,22,27,37,41,45,45,45],"current_hp_per_floor":[72,72,71,71,71,71,56,56,56,56,56,56,56,58,58,50,75,75,73,75,61,61,61,16,33,33,33,57,57,59,46,70,57,80,57,59,59,49,51,51,51,53,53,53,53,55,79,79,79,46],"gold":0,"neow_bonus":"THREE_CARDS","is_prod":false,"is_daily":false,"chose_seed":false,"campfire_upgraded":6,"win_rate":0,"timestamp":1565778099,"path_taken":["M","$","M","$","?","R","E","R","T","?","?","E","E","M","R","BOSS","M","M","M","?","$","R","M","M","T","$","R","?","M","M","R","BOSS","M","M","$","M","M","R","$","?","T","?","?","M","R","?","R","BOSS"],"build_version":"2019-07-17","purchased_purges":1,"victory":true,"max_hp_per_floor":[75,75,75,75,75,75,75,75,75,75,75,75,75,75,75,75,75,75,75,75,80,80,80,80,80,80,80,80,80,80,80,80,80,80,80,80,80,80,80,80,80,80,80,80,80,80,80,80,80,80],"card_choices":[{"not_picked":["Consume","Streamline"],"picked":"Cold Snap","floor":0},{"not_picked":["Compile Driver","Consume","Sweeping Beam"],"picked":"SKIP","floor":1},{"not_picked":["Stack","Cold Snap"],"picked":"Redo","floor":3},{"not_picked":["Aggregate","Rebound"],"picked":"Ball Lightning","floor":7},{"not_picked":["Melter+1","Ball Lightning+1","Redo"],"picked":"SKIP","floor":11},{"not_picked":["Leap","Buffer","Force Field"],"picked":"SKIP","floor":12},{"not_picked":["Streamline+1","Ball Lightning+1"],"picked":"Coolheaded","floor":13},{"not_picked":["Leap","Storm"],"picked":"Cold Snap+1","floor":14},{"not_picked":["Thunder Strike+1","Amplify"],"picked":"Creative AI","floor":16},{"not_picked":["Force Field","Skim+1","Rebound+1"],"picked":"SKIP","floor":18},{"not_picked":["Coolheaded","Redo+1","Stack"],"picked":"SKIP","floor":19},{"not_picked":["Rebound+1","Gash+1"],"picked":"Auto Shields+1","floor":20},{"not_picked":["Fusion","Leap"],"picked":"Beam Cell+1","floor":24},{"not_picked":["Conserve Battery+1","Ball Lightning+1"],"picked":"Doom and Gloom+1","floor":25},{"not_picked":["Go for the Eyes+1","Stack+1"],"picked":"Barrage+1","floor":30},{"not_picked":["Hologram+1","Chaos"],"picked":"Coolheaded+1","floor":31},{"not_picked":["BootSequence","Go for the Eyes+1"],"picked":"Melter+1","floor":35},{"not_picked":["Melter+1","Recycle"],"picked":"Ball Lightning+1","floor":36},{"not_picked":["Ball Lightning+1","Darkness+1"],"picked":"Steam Power+1","floor":38},{"not_picked":["Hologram","Streamline+1"],"picked":"Compile Driver+1","floor":39},{"not_picked":["Sweeping Beam+1","Turbo+1"],"picked":"Go for the Eyes+1","floor":42},{"not_picked":["Bandage Up","Dramatic Entrance+1"],"picked":"Good Instincts","floor":44},{"not_picked":["Turbo+1","Chaos","Storm+1"],"picked":"SKIP","floor":46},{"not_picked":["Glacier+1","Redo"],"picked":"Coolheaded+1","floor":47}],"player_experience":331256,"relics_obtained":[{"floor":7,"key":"Molten Egg 2"},{"floor":9,"key":"FossilizedHelix"},{"floor":12,"key":"WingedGreaves"},{"floor":13,"key":"Blood Vial"},{"floor":26,"key":"Cables"},{"floor":42,"key":"Old Coin"},{"floor":43,"key":"Juzu Bracelet"}],"event_choices":[{"cards_removed":["Strike_B"],"damage_healed":0,"gold_gain":0,"player_choice":"Card Removal","damage_taken":0,"max_hp_gain":0,"max_hp_loss":0,"event_name":"Wheel of Change","floor":5,"gold_loss":0},{"damage_healed":0,"gold_gain":0,"player_choice":"Shed Blood","damage_taken":19,"max_hp_gain":5,"max_hp_loss":0,"event_name":"Forgotten Altar","floor":21,"gold_loss":0},{"damage_healed":0,"gold_gain":0,"player_choice":"Inject Mutagens","damage_taken":0,"relics_obtained":["MutagenicStrength"],"max_hp_gain":0,"max_hp_loss":0,"event_name":"Drug Dealer","floor":29,"gold_loss":0},{"damage_healed":0,"gold_gain":0,"player_choice":"Fight","damage_taken":0,"max_hp_gain":0,"max_hp_loss":0,"event_name":"MindBloom","floor":42,"gold_loss":0},{"damage_healed":0,"gold_gain":0,"player_choice":"Memory 1","damage_taken":0,"max_hp_gain":0,"max_hp_loss":0,"event_name":"SensoryStone","floor":44,"gold_loss":0},{"damage_healed":0,"gold_gain":0,"player_choice":"Paid","damage_taken":0,"relics_obtained":["Red Mask"],"max_hp_gain":0,"max_hp_loss":0,"event_name":"Tomb of Lord Red Mask","floor":48,"gold_loss":21}],"is_beta":false,"boss_relics":[{"not_picked":["Coffee Dripper","Runic Pyramid"],"picked":"FrozenCore"},{"not_picked":["Velvet Choker","Fusion Hammer"],"picked":"Lizard Tail"}],"items_purged_floors":[22],"is_endless":false,"potions_floor_spawned":[7,12,13,18,24,25,36,38,39],"ascension_level":3}