{"gold_per_floor":[112,127,127,6,25,25,59,79,104,130,140,140,156,5,5,109,109,127,402,420,345,345,345,358,73,99,99,110,110,136,235,235,235],"floor_reached":33,"playtime":2281,"items_purged":["Strike_G","Strike_G","Strike_G+1"],"score":508,"play_id":"80cc0344-b9e0-4e20-8ac2-ec276f4bad30","local_time":"20190722135910","is_ascension_mode":true,"campfire_choices":[{"data":"Neutralize","floor":6,"key":"SMITH"},{"data":"Sucker Punch","floor":12,"key":"SMITH"},{"data":"Malaise","floor":15,"key":"SMITH"},{"data":"Prepared","floor":23,"key":"SMITH"},{"data":"Flechettes","floor":27,"key":"SMITH"},{"data":"Acrobatics","floor":29,"key":"SMITH"},{"data":"Prepared","floor":32,"key":"SMITH"}],"neow_cost":"NONE","seed_source_timestamp":82443777367500,"circlet_count":0,"master_deck":["Strike_G+1","Defend_G","Defend_G","Defend_G","Defend_G","Defend_G","Survivor","Neutralize+1","Quick Slash","Prepared+1","Backflip","Acrobatics+1","Poisoned Stab","Malaise+1","Terror","Prepared+1","Sucker Punch+1","Riddle With Holes","Deflect","After Image","Acrobatics","Acrobatics+1","Flechettes+1","Caltrops","Reflex"],"relics":["Ring of the Snake","Vajra","Whetstone","Ancient Tea Set","Coffee Dripper","Bag of Marbles","Lantern","Bottled Flame"],"potions_floor_usage":[7,11,33,33],"damage_taken":[{"damage":2,"enemies":"Jaw Worm","floor":1,"turns":4},{"damage":2,"enemies":"Cultist","floor":2,"turns":5},{"damage":2,"enemies":"2 Louse","floor":5,"turns":4},{"damage":28,"enemies":"3 Sentries","floor":7,"turns":13},{"damage":2,"enemies":"Red Slaver","floor":8,"turns":3},{"damage":15,"enemies":"Gremlin Nob","floor":10,"turns":4},{"damage":4,"enemies":"Exordium Thugs","floor":11,"turns":5},{"damage":0,"enemies":"Blue Slaver","floor":13,"turns":4},{"damage":0,"enemies":"Hexaghost","floor":16,"turns":11},{"damage":0,"enemies":"Shell Parasite","floor":18,"turns":5},{"damage":10,"enemies":"Spheric Guardian","floor":20,"turns":6},{"damage":0,"enemies":"Snecko","floor":24,"turns":6},{"damage":11,"enemies":"Shelled Parasite and Fungi","floor":28,"turns":5},{"damage":0,"enemies":"Book of Stabbing","floor":30,"turns":5},{"damage":58,"enemies":"Champ","floor":33,"turns":16}],"seed_played":"-1656451217312689390","potions_obtained":[{"floor":5,"key":"Regen Potion"},{"floor":7,"key":"Fire Potion"},{"floor":11,"key":"Strength Potion"},{"floor":16,"key":"Strength Potion"},{"floor":28,"key":"GhostInAJar"},{"floor":30,"key":"Block Potion"}],"is_trial":false,"path_per_floor":["M","M","?","$","M","R","E","M","T","E","M","R","M","$","R","B",null,"M","?","M","?","T","R","M","$","T","R","M","R","E","?","R","B"],"character_chosen":"THE_SILENT","items_purchased":["Acrobatics","Deflect","Flechettes","Caltrops"],"campfire_rested":0,"item_purchase_floors":[4,14,25,25],"current_hp_per_floor":[61,59,59,59,57,57,43,41,41,26,22,22,22,22,22,22,58,58,58,48,48,48,48,48,48,48,48,37,37,37,37,37,0],"gold":235,"neow_bonus":"THREE_CARDS","is_prod":false,"is_daily":false,"chose_seed":false,"campfire_upgraded":7,"win_rate":0,"timestamp":1563818350,"path_taken":["M","M","?","$","?","R","E","M","T","E","M","R","M","$","R","BOSS","M","?","?","?","?","R","M","$","T","R","M","R","E","?","R","BOSS"],"build_version":"2019-07-17","purchased_purges":3,"victory":false,"max_hp_per_floor":[70,70,70,70,70,70,70,70,70,70,70,70,70,70,70,70,70,70,70,70,70,70,70,70,70,70,70,70,70,70,70,70,70],"card_choices":[{"not_picked":["PiercingWail","Backflip"],"picked":"Quick Slash","floor":0},{"not_picked":["All Out Attack","Poisoned Stab"],"picked":"Prepared","floor":1},{"not_picked":["Quick Slash","Blade Dance"],"picked":"Backflip","floor":2},{"not_picked":["Bane","Accuracy"],"picked":"Poisoned Stab","floor":5},{"not_picked":["A Thousand Cuts","Flying Knee"],"picked":"Malaise","floor":7},{"not_picked":["Bane","Backflip"],"picked":"Terror","floor":8},{"not_picked":["Crippling Poison","Masterful Stab"],"picked":"Prepared","floor":10},{"not_picked":["Catalyst","PiercingWail"],"picked":"Sucker Punch","floor":11},{"not_picked":["Crippling Poison","Poisoned Stab"],"picked":"Riddle With Holes","floor":13},{"not_picked":["Grand Finale","Storm of Steel"],"picked":"After Image","floor":16},{"not_picked":["Dodge and Roll","Dagger Throw"],"picked":"Acrobatics","floor":18},{"not_picked":["PiercingWail","Concentrate+1"],"picked":"Acrobatics+1","floor":20},{"not_picked":["Cloak And Dagger","Accuracy","Deadly Poison"],"picked":"SKIP","floor":24},{"not_picked":["Sucker Punch","Poisoned Stab"],"picked":"Reflex","floor":28},{"not_picked":["Terror","Finisher","Predator"],"picked":"SKIP","floor":30}],"player_experience":485495,"relics_obtained":[{"floor":7,"key":"Vajra"},{"floor":9,"key":"Whetstone"},{"floor":10,"key":"Ancient Tea Set"},{"floor":22,"key":"Bag of Marbles"},{"floor":26,"key":"Lantern"},{"floor":30,"key":"Bottled Flame"}],"event_choices":[{"cards_removed":["Strike_G"],"damage_healed":0,"gold_gain":0,"player_choice":"Offered Basic","damage_taken":0,"max_hp_gain":0,"max_hp_loss":0,"event_name":"Bonfire Elementals","floor":3,"gold_loss":0},{"damage_healed":0,"gold_gain":275,"player_choice":"Desecrate","damage_taken":0,"max_hp_gain":0,"max_hp_loss":0,"event_name":"Golden Shrine","floor":19,"gold_loss":0,"cards_obtained":["Regret"]},{"cards_removed":["Regret"],"damage_healed":0,"gold_gain":0,"player_choice":"Gave Gold","damage_taken":0,"max_hp_gain":0,"max_hp_loss":0,"event_name":"Beggar","floor":21,"gold_loss":75},{"damage_healed":0,"gold_gain":99,"player_choice":"Stole From Cult","damage_taken":0,"max_hp_gain":0,"max_hp_loss":0,"event_name":"Nest","floor":31,"gold_loss":0}],"is_beta":false,"boss_relics":[{"not_picked":["Runic Dome","Pandora\u0027s Box"],"picked":"Coffee Dripper"}],"items_purged_floors":[4,14,25],"is_endless":false,"potions_floor_spawned":[5,7,11,16,28,30],"killed_by":"Champ","ascension_level":9}