{"gold_per_floor":[19,38,38,48,68,68,88,88,88,88,13,27,202,213,213,315,315,327,250,21,40,54,54,54,66,66,66,66,16,16,29,29,29],"floor_reached":33,"playtime":5069,"items_purged":[],"score":264,"play_id":"25ddc93a-cde6-453f-a77c-659517abc8fb","local_time":"20180623164657","is_ascension_mode":false,"campfire_choices":[{"floor":6,"key":"REST"},{"floor":8,"key":"REST"},{"floor":15,"key":"REST"},{"floor":24,"key":"REST"},{"floor":27,"key":"REST"},{"data":"Poisoned Stab","floor":30,"key":"SMITH"},{"floor":32,"key":"REST"}],"neow_cost":"NO_GOLD","seed_source_timestamp":393394328851920,"circlet_count":0,"master_deck":["Defend_G","Defend_G","Defend_G","Defend_G","Defend_G","Strike_G","Strike_G","Strike_G","Strike_G","Strike_G","Survivor","Neutralize","Sucker Punch","Blur","Sucker Punch","Noxious Fumes","Flying Knee","Leg Sweep","Underhanded Strike","Doubt","Dagger Spray","Die Die Die","Deadly Poison","J.A.X.","Slice","Deadly Poison","Heel Hook","Sucker Punch","Crippling Poison+1","Poisoned Stab+1","Poisoned Stab"],"relics":["Ring of the Snake","Question Card","Bag of Preparation","Sozu","Ancient Tea Set","Regal Pillow","Boot"],"potions_floor_usage":[16,16,16],"damage_taken":[{"damage":0,"enemies":"Cultist","floor":1,"turns":4},{"damage":2,"enemies":"2 Louse","floor":2,"turns":4},{"damage":3,"enemies":"Small Slimes","floor":4,"turns":3},{"damage":10,"enemies":"2 Fungi Beasts","floor":5,"turns":4},{"damage":9,"enemies":"Blue Slaver","floor":7,"turns":4},{"damage":18,"enemies":"3 Louse","floor":12,"turns":4},{"damage":0,"enemies":"Large Slime","floor":14,"turns":6},{"damage":40,"enemies":"Slime Boss","floor":16,"turns":11},{"damage":14,"enemies":"Chosen","floor":18,"turns":8},{"damage":8,"enemies":"Shell Parasite","floor":21,"turns":6},{"damage":14,"enemies":"Snecko","floor":22,"turns":5},{"damage":14,"enemies":"Centurion and Healer","floor":25,"turns":8},{"damage":14,"enemies":"Chosen and Byrds","floor":31,"turns":4},{"damage":81,"enemies":"Automaton","floor":33,"turns":8}],"seed_played":"-8198223511436578289","potions_obtained":[{"floor":1,"key":"PowerPotion"},{"floor":4,"key":"Weak Potion"},{"floor":5,"key":"LiquidBronze"},{"floor":12,"key":"Strength Potion"}],"is_trial":false,"path_per_floor":["M","M","T","M","M","R","M","R","T","?","$","M","?","M","R","B",null,"M","?","$","M","M","?","R","M","T","R","?","$","R","M","R"],"character_chosen":"THE_SILENT","items_purchased":["Leg Sweep","Ancient Tea Set","Slice","Deadly Poison","Poisoned Stab"],"campfire_rested":6,"item_purchase_floors":[11,20,20,20,29],"current_hp_per_floor":[84,82,82,79,69,84,75,84,84,89,89,71,71,71,89,49,89,75,75,75,67,53,36,64,50,50,93,93,93,93,79,94,13],"gold":29,"neow_bonus":"TWENTY_PERCENT_HP_BONUS","is_prod":false,"is_daily":false,"chose_seed":false,"campfire_upgraded":1,"win_rate":0.0,"timestamp":1529768817,"path_taken":["M","M","?","M","M","R","M","R","T","?","$","M","?","M","R","BOSS","M","?","$","?","M","?","R","M","T","R","?","?","R","?","R","BOSS"],"build_version":"2018-06-21v2","purchased_purges":0,"victory":false,"max_hp_per_floor":[84,84,84,84,84,84,84,84,84,89,89,89,89,89,89,89,89,89,89,89,89,89,94,94,94,94,94,94,94,94,94,94,94],"card_choices":[{"not_picked":["Flying Knee","Acrobatics"],"picked":"Sucker Punch","floor":1},{"not_picked":["Doppelganger","All Out Attack"],"picked":"Blur","floor":2},{"not_picked":["Slice","Flying Knee","Riddle With Holes"],"picked":"Sucker Punch","floor":4},{"not_picked":["Acrobatics","Well Laid Plans","Dodge and Roll"],"picked":"Noxious Fumes","floor":5},{"not_picked":["Prepared","Quick Slash","Endless Agony"],"picked":"Flying Knee","floor":7},{"not_picked":["Eviscerate","Escape Plan","Dodge and Roll"],"picked":"Underhanded Strike","floor":12},{"not_picked":["Dodge and Roll","Slice","Quick Slash"],"picked":"Dagger Spray","floor":14},{"not_picked":["Tools of the Trade","Bullet Time","Unload"],"picked":"Die Die Die","floor":16},{"not_picked":["Crippling Poison+1","Flying Knee","Slice"],"picked":"Deadly Poison","floor":18},{"not_picked":["Flying Knee","Quick Slash","Endless Agony"],"picked":"Heel Hook","floor":21},{"not_picked":["Slice","Reflex","Venomology"],"picked":"Sucker Punch","floor":22},{"not_picked":["Well Laid Plans","Flying Knee","Leg Sweep+1"],"picked":"Crippling Poison+1","floor":25},{"not_picked":["Acrobatics+1","Outmaneuver","After Image"],"picked":"Poisoned Stab","floor":31}],"player_experience":85478,"relics_obtained":[{"floor":3,"key":"Question Card"},{"floor":9,"key":"Bag of Preparation"},{"floor":26,"key":"Regal Pillow"}],"event_choices":[{"event_name":"Big Fish","player_choice":"Donut","floor":10,"damage_taken":0},{"event_name":"Liars Game","player_choice":"agreed","floor":13,"damage_taken":0},{"event_name":"Drug Dealer","player_choice":"Got JAXXED","floor":19,"damage_taken":0},{"event_name":"Forgotten Altar","player_choice":"Shed Blood","floor":23,"damage_taken":0},{"event_name":"The Mausoleum","player_choice":"Yes","floor":28,"damage_taken":0}],"boss_relics":[{"not_picked":["Coffee Dripper","Runic Dome"],"picked":"Sozu"}],"items_purged_floors":[],"is_endless":false,"potions_floor_spawned":[1,4,5,12,14,22,25],"killed_by":"Automaton","ascension_level":0}