{"gold_per_floor":[209,159,178,178,178,178,193,193,193,114,132,132,142,153,153,153],"floor_reached":16,"playtime":1258,"items_purged":[],"score":110,"play_id":"aaf6c723-76f0-43d1-9697-a04bdc8ebc3a","local_time":"20180702122539","is_ascension_mode":true,"campfire_choices":[{"data":"Neutralize","floor":6,"key":"SMITH"},{"data":"Footwork","floor":8,"key":"SMITH"},{"data":"Footwork","floor":12,"key":"SMITH"},{"floor":15,"key":"REST"}],"neow_cost":"NONE","seed_source_timestamp":1159152188118802,"circlet_count":0,"master_deck":["Defend_G","Defend_G","Defend_G","Defend_G","Defend_G","Strike_G","Strike_G","Strike_G","Survivor","Neutralize+1","Backflip","Footwork+1","Footwork+1","Leg Sweep","Predator","Endless Agony"],"relics":["Ring of the Snake","Ornamental Fan"],"potions_floor_usage":[16,16,16,16,16],"damage_taken":[{"damage":0,"enemies":"2 Louse","floor":1,"turns":3},{"damage":0,"enemies":"Small Slimes","floor":3,"turns":3},{"damage":0,"enemies":"Jaw Worm","floor":7,"turns":6},{"damage":2,"enemies":"Large Slime","floor":11,"turns":18},{"damage":20,"enemies":"Exordium Thugs","floor":13,"turns":13},{"damage":8,"enemies":"Gremlin Gang","floor":14,"turns":11},{"damage":54,"enemies":"Hexaghost","floor":16,"turns":21}],"seed_played":"-1985338386579384920","potions_obtained":[{"floor":1,"key":"EntropicBrew"},{"floor":7,"key":"SmokeBomb"},{"floor":13,"key":"Weak Potion"}],"is_trial":false,"path_per_floor":["M","?","M","$","?","R","M","R","T","$","M","R","M","M","R"],"character_chosen":"THE_SILENT","items_purchased":["Footwork"],"campfire_rested":1,"item_purchase_floors":[10],"current_hp_per_floor":[70,70,70,70,70,70,70,70,70,70,68,68,48,40,61,7],"gold":153,"neow_bonus":"HUNDRED_GOLD","is_prod":false,"is_daily":false,"chose_seed":false,"campfire_upgraded":3,"win_rate":0,"timestamp":1530530739,"path_taken":["M","?","M","$","?","R","M","R","T","$","M","R","?","M","R","BOSS"],"build_version":"2018-06-28","purchased_purges":0,"victory":false,"max_hp_per_floor":[70,70,70,70,70,70,70,70,70,70,70,70,70,70,70,70],"card_choices":[{"not_picked":["Accuracy","Outmaneuver"],"picked":"Backflip","floor":1},{"not_picked":["Infinite Blades","Bane","Blade Dance"],"picked":"SKIP","floor":3},{"not_picked":["Prepared","Heel Hook"],"picked":"Footwork","floor":7},{"not_picked":["Caltrops","Choke"],"picked":"Leg Sweep","floor":11},{"not_picked":["Acrobatics","Dagger Spray"],"picked":"Predator","floor":13},{"not_picked":["Heel Hook","Poisoned Stab"],"picked":"Endless Agony","floor":14}],"player_experience":283670,"relics_obtained":[{"floor":9,"key":"Ornamental Fan"}],"event_choices":[{"event_name":"The Cleric","player_choice":"Card Removal","floor":2,"damage_taken":0},{"event_name":"Purifier","player_choice":"One Purge","floor":5,"damage_taken":0}],"boss_relics":[],"items_purged_floors":[],"is_endless":false,"potions_floor_spawned":[1,7,13,14],"killed_by":"Hexaghost","ascension_level":4}