{"gold_per_floor":[115,190,190,205,215,215,245,215,241,241,253,253,253,270,270,366,366,377,395,59,70,81,81,100,130,130,140,140,165,165,182,182,286,286,300,300,300,318,23,23,23,71,71,104,124,124,124,42,42,42],"floor_reached":51,"playtime":3768,"items_purged":["Strike_G","Strike_G"],"score":1070,"play_id":"d2a327f4-66fa-4a55-a535-b3089ec97ece","local_time":"20190727005204","is_ascension_mode":true,"campfire_choices":[{"data":"Footwork","floor":6,"key":"SMITH"},{"data":"Neutralize","floor":10,"key":"SMITH"},{"data":"Well Laid Plans","floor":13,"key":"SMITH"},{"data":"Quick Slash","floor":15,"key":"SMITH"},{"data":"Noxious Fumes","floor":23,"key":"SMITH"},{"data":"Calculated Gamble","floor":30,"key":"SMITH"},{"data":"Prepared","floor":32,"key":"SMITH"},{"data":"Thinking Ahead","floor":40,"key":"SMITH"},{"data":"Footwork","floor":46,"key":"SMITH"},{"data":"Malaise","floor":49,"key":"SMITH"}],"neow_cost":"NONE","seed_source_timestamp":465734496359300,"circlet_count":0,"master_deck":["AscendersBane","Strike_G","Strike_G","Defend_G+1","Defend_G","Defend_G+1","Defend_G","Defend_G","Survivor","Neutralize+1","Well Laid Plans+1","Backflip","Footwork+1","Tactician+1","Calculated Gamble+1","Deflect","Malaise+1","Flying Knee","Backflip","Noxious Fumes+1","Backstab","Sucker Punch","Catalyst+1","Outmaneuver+1","Burst","Prepared+1","Dodge and Roll+1","Prepared+1","Footwork+1","Thinking Ahead+1","Writhe","Purity"],"relics":["Ring of the Snake","NeowsBlessing","Bag of Marbles","Anchor","Sozu","Bag of Preparation","War Paint","Bird Faced Urn","Bottled Lightning","Lizard Tail","Du-Vu Doll","Meat on the Bone","Regal Pillow"],"potions_floor_usage":[7,7,18,29],"damage_taken":[{"damage":0,"enemies":"2 Louse","floor":1,"turns":1},{"damage":0,"enemies":"Jaw Worm","floor":4,"turns":1},{"damage":0,"enemies":"Cultist","floor":5,"turns":1},{"damage":19,"enemies":"Lagavulin","floor":7,"turns":13},{"damage":0,"enemies":"Looter","floor":8,"turns":4},{"damage":0,"enemies":"Blue Slaver","floor":11,"turns":5},{"damage":0,"enemies":"Exordium Thugs","floor":14,"turns":5},{"damage":1,"enemies":"The Guardian","floor":16,"turns":18},{"damage":0,"enemies":"3 Byrds","floor":18,"turns":3},{"damage":0,"enemies":"Chosen","floor":19,"turns":8},{"damage":0,"enemies":"3 Cultists","floor":21,"turns":7},{"damage":1,"enemies":"Shelled Parasite and Fungi","floor":22,"turns":7},{"damage":0,"enemies":"Chosen and Byrds","floor":24,"turns":8},{"damage":6,"enemies":"Book of Stabbing","floor":25,"turns":8},{"damage":0,"enemies":"Centurion and Healer","floor":27,"turns":8},{"damage":21,"enemies":"Slavers","floor":29,"turns":7},{"damage":3,"enemies":"Snake Plant","floor":31,"turns":4},{"damage":42,"enemies":"Collector","floor":33,"turns":11},{"damage":18,"enemies":"3 Darklings","floor":35,"turns":7},{"damage":0,"enemies":"3 Shapes","floor":38,"turns":6},{"damage":57,"enemies":"2 Orb Walkers","floor":42,"turns":7},{"damage":4,"enemies":"Nemesis","floor":44,"turns":7},{"damage":50,"enemies":"Transient","floor":45,"turns":5},{"damage":36,"enemies":"Time Eater","floor":50,"turns":15}],"seed_played":"457935921158576579","potions_obtained":[{"floor":4,"key":"EssenceOfSteel"},{"floor":5,"key":"Regen Potion"},{"floor":12,"key":"Swift Potion"},{"floor":12,"key":"Block Potion"},{"floor":14,"key":"Weak Potion"},{"floor":16,"key":"LiquidBronze"}],"is_trial":false,"path_per_floor":["M","?","?","M","M","R","E","M","T","R","M","?","R","M","R","B",null,"M","M","$","M","M","R","M","E","T","M","?","E","R","M","R","B",null,"M","?","?","M","$","R","?","?","T","E","M","R","?","$","R","B",null],"character_chosen":"THE_SILENT","items_purchased":["Noxious Fumes","Backstab","Bag of Preparation","Thinking Ahead","Purity"],"campfire_rested":0,"item_purchase_floors":[20,20,20,39,48],"current_hp_per_floor":[63,52,45,45,45,45,41,41,41,41,41,41,41,41,41,40,63,63,63,63,63,62,62,62,56,56,62,62,47,47,50,50,14,56,44,44,44,50,50,50,68,13,13,29,47,47,47,47,47,31],"gold":42,"neow_bonus":"THREE_ENEMY_KILL","is_prod":false,"is_daily":false,"chose_seed":false,"campfire_upgraded":10,"win_rate":0,"timestamp":1564203124,"path_taken":["M","?","?","M","?","R","E","M","T","R","M","?","R","M","R","BOSS","M","M","$","?","M","R","M","E","T","M","?","E","R","M","R","BOSS","M","?","?","?","$","R","?","?","T","E","M","R","?","$","R","BOSS"],"build_version":"2019-07-17","purchased_purges":2,"victory":true,"max_hp_per_floor":[70,70,70,70,70,70,70,70,70,70,70,70,70,70,70,70,70,70,70,70,70,70,70,70,70,70,70,70,70,70,70,70,70,70,70,70,70,70,70,70,70,70,70,70,70,70,70,70,70,70],"card_choices":[{"not_picked":["Poisoned Stab","Blade Dance"],"picked":"Well Laid Plans","floor":1},{"not_picked":["Infinite Blades","Slice"],"picked":"Backflip","floor":4},{"not_picked":["Blur","Distraction"],"picked":"Footwork","floor":5},{"not_picked":["Sucker Punch","Prepared"],"picked":"Tactician","floor":7},{"not_picked":["Tactician","Well Laid Plans"],"picked":"Calculated Gamble","floor":8},{"not_picked":["Cloak And Dagger","Deflect"],"picked":"Quick Slash","floor":11},{"not_picked":["Cloak And Dagger","Dagger Spray"],"picked":"Deflect","floor":14},{"not_picked":["Burst","Doppelganger"],"picked":"Malaise","floor":16},{"not_picked":["Outmaneuver","Eviscerate+1"],"picked":"Flying Knee","floor":18},{"not_picked":["Setup","PiercingWail"],"picked":"Backflip","floor":19},{"not_picked":["PiercingWail+1","Dagger Spray"],"picked":"Sucker Punch","floor":21},{"not_picked":["Deadly Poison","Crippling Poison"],"picked":"Catalyst+1","floor":22},{"not_picked":["Infinite Blades","Masterful Stab"],"picked":"Outmaneuver+1","floor":24},{"not_picked":["Calculated Gamble","Storm of Steel"],"picked":"Burst","floor":25},{"not_picked":["Endless Agony","Cloak And Dagger"],"picked":"Prepared","floor":27},{"not_picked":["Flying Knee","Blade Dance","Skewer"],"picked":"SKIP","floor":29},{"not_picked":["Bane","Dagger Spray+1"],"picked":"Dodge and Roll+1","floor":31},{"not_picked":["Finisher+1","Riddle With Holes"],"picked":"Prepared+1","floor":35},{"not_picked":["Well Laid Plans+1","Bane"],"picked":"Footwork","floor":38},{"not_picked":["Dagger Spray","Well Laid Plans","Terror+1"],"picked":"SKIP","floor":44},{"not_picked":["Sucker Punch+1","Dagger Spray+1","All Out Attack+1"],"picked":"SKIP","floor":45}],"player_experience":535474,"relics_obtained":[{"floor":7,"key":"Bag of Marbles"},{"floor":9,"key":"Anchor"},{"floor":25,"key":"War Paint"},{"floor":26,"key":"Bird Faced Urn"},{"floor":29,"key":"Bottled Lightning"},{"floor":42,"key":"Du-Vu Doll"},{"floor":43,"key":"Meat on the Bone"},{"floor":44,"key":"Regal Pillow"}],"event_choices":[{"damage_healed":0,"gold_gain":75,"player_choice":"Gather Gold","damage_taken":11,"max_hp_gain":0,"max_hp_loss":0,"event_name":"World of Goop","floor":2,"gold_loss":0},{"cards_removed":["Strike_G"],"damage_healed":0,"gold_gain":0,"player_choice":"Card Removal","damage_taken":7,"max_hp_gain":0,"max_hp_loss":0,"event_name":"Golden Wing","floor":3,"gold_loss":0},{"damage_healed":0,"gold_gain":0,"player_choice":"Got Potions","damage_taken":0,"max_hp_gain":0,"max_hp_loss":0,"event_name":"Lab","floor":12,"gold_loss":0},{"damage_healed":0,"gold_gain":0,"player_choice":"Ignored","damage_taken":0,"max_hp_gain":0,"max_hp_loss":0,"event_name":"Cursed Tome","floor":28,"gold_loss":0},{"damage_healed":0,"gold_gain":0,"player_choice":"Ignored","damage_taken":0,"max_hp_gain":0,"max_hp_loss":0,"event_name":"Tomb of Lord Red Mask","floor":36,"gold_loss":0},{"damage_healed":0,"gold_gain":0,"player_choice":"Upgraded","damage_taken":0,"max_hp_gain":0,"max_hp_loss":0,"event_name":"Upgrade Shrine","floor":37,"gold_loss":0,"cards_upgraded":["Tactician"]},{"damage_healed":18,"gold_gain":0,"player_choice":"Writhe","damage_taken":0,"max_hp_gain":0,"max_hp_loss":0,"event_name":"Winding Halls","floor":41,"gold_loss":0,"cards_obtained":["Writhe"]},{"damage_healed":0,"gold_gain":0,"player_choice":"Fight","damage_taken":0,"max_hp_gain":0,"max_hp_loss":0,"event_name":"Mysterious Sphere","floor":42,"gold_loss":0},{"cards_removed":["Quick Slash"],"damage_healed":0,"gold_gain":0,"player_choice":"Removed Attack","damage_taken":0,"max_hp_gain":0,"max_hp_loss":0,"event_name":"Falling","floor":47,"gold_loss":0}],"is_beta":false,"boss_relics":[{"not_picked":["Cursed Key","Busted Crown"],"picked":"Sozu"},{"not_picked":["Coffee Dripper","Pandora\u0027s Box"],"picked":"Lizard Tail"}],"items_purged_floors":[20,39],"is_endless":false,"potions_floor_spawned":[4,5,14,16,21,25,27,38,45],"ascension_level":11}