{"gold_per_floor":[112,112,112,18,28,62,74,104,139,167,179,205,217,264,276,389,401,433,458,486,498,521,533,556,568,654,666,354,373,398,47,47,150,150,167,186,186,196,196,196,196],"floor_reached":41,"playtime":6229,"items_purged":["Strike_G","Defend_G"],"score":520,"play_id":"c13788cb-4eb4-4382-8fe6-11a5f5255b1a","local_time":"20190731132647","is_ascension_mode":true,"campfire_choices":[{"data":"Skewer","floor":7,"key":"SMITH"},{"data":"All Out Attack","floor":11,"key":"SMITH"},{"data":"Backflip","floor":13,"key":"SMITH"},{"data":"Survivor","floor":15,"key":"SMITH"},{"data":"Well Laid Plans","floor":23,"key":"SMITH"},{"floor":25,"key":"REST"},{"floor":27,"key":"REST"},{"floor":32,"key":"REST"},{"floor":40,"key":"REST"}],"neow_cost":"NONE","seed_source_timestamp":867455569406264,"circlet_count":0,"master_deck":["Strike_G","Defend_G","Defend_G","Survivor+1","Neutralize","All Out Attack+1","Skewer+1","Poisoned Stab","Backflip+1","Noxious Fumes","Dagger Throw","Acrobatics","Deadly Poison","PiercingWail","Corpse Explosion","Escape Plan+1","Crippling Poison+1","Malaise+1","Well Laid Plans+1","Bane","Expertise+1","Dodge and Roll","Blur","Envenom","Acrobatics","Catalyst","Writhe"],"relics":["Ring of the Snake","NeowsBlessing","MawBank","keyreminder:keyreminder","Oddly Smooth Stone","Juzu Bracelet","Astrolabe","Question Card","Bag of Preparation","PreservedInsect","TwistedFunnel","Empty Cage"],"potions_floor_usage":[16,16,16,22,24,33,33,33,41,41,41,41,41,41],"damage_taken":[{"damage":0,"enemies":"Small Slimes","floor":1,"turns":1},{"damage":0,"enemies":"Jaw Worm","floor":5,"turns":1},{"damage":0,"enemies":"Gremlin Nob","floor":6,"turns":1},{"damage":0,"enemies":"Cultist","floor":8,"turns":2},{"damage":1,"enemies":"Blue Slaver","floor":10,"turns":4},{"damage":11,"enemies":"Exordium Wildlife","floor":12,"turns":4},{"damage":0,"enemies":"3 Sentries","floor":14,"turns":6},{"damage":4,"enemies":"Hexaghost","floor":16,"turns":9},{"damage":6,"enemies":"Chosen","floor":18,"turns":5},{"damage":0,"enemies":"3 Byrds","floor":19,"turns":3},{"damage":0,"enemies":"3 Cultists","floor":20,"turns":3},{"damage":28,"enemies":"Snecko","floor":22,"turns":6},{"damage":19,"enemies":"Centurion and Healer","floor":24,"turns":6},{"damage":0,"enemies":"3 Cultists","floor":29,"turns":3},{"damage":22,"enemies":"Book of Stabbing","floor":30,"turns":9},{"damage":65,"enemies":"Champ","floor":33,"turns":18},{"damage":11,"enemies":"3 Darklings","floor":35,"turns":4},{"damage":34,"enemies":"Orb Walker","floor":36,"turns":6},{"damage":13,"enemies":"4 Shapes","floor":38,"turns":2},{"damage":60,"enemies":"Reptomancer","floor":41,"turns":9}],"seed_played":"-1204687069761934587","potions_obtained":[{"floor":6,"key":"SteroidPotion"},{"floor":8,"key":"FearPotion"},{"floor":12,"key":"Swift Potion"},{"floor":20,"key":"Ancient Potion"},{"floor":22,"key":"Block Potion"},{"floor":29,"key":"Ancient Potion"},{"floor":37,"key":"GhostInAJar"},{"floor":37,"key":"SneckoOil"},{"floor":37,"key":"EntropicBrew"}],"is_trial":false,"path_per_floor":["M","?","?","$","M","E","R","M","T","M","R","M","R","E","R","B",null,"M","M","M","?","M","R","M","R","T","R","$","M","E","$","R","B",null,"M","M","?","M","?","R","E"],"character_chosen":"THE_SILENT","items_purchased":["Skewer","Poisoned Stab","Dodge and Roll","Bag of Preparation","GamblersBrew","TwistedFunnel","Block Potion"],"campfire_rested":4,"item_purchase_floors":[4,4,28,28,28,31,31],"current_hp_per_floor":[70,75,75,75,75,75,75,75,75,74,74,63,63,63,63,59,75,69,69,69,69,41,41,22,44,44,66,66,66,44,44,66,1,75,64,30,30,17,36,58,0],"gold":196,"neow_bonus":"THREE_ENEMY_KILL","is_prod":false,"is_daily":false,"chose_seed":false,"campfire_upgraded":5,"win_rate":0,"timestamp":1564597607,"path_taken":["M","?","?","?","?","E","R","M","T","M","R","M","R","E","R","BOSS","M","M","M","?","M","R","M","R","T","R","$","M","E","$","R","BOSS","M","M","?","M","?","R","E"],"build_version":"2019-07-17","purchased_purges":2,"victory":false,"max_hp_per_floor":[70,75,75,75,75,75,75,75,75,75,75,75,75,75,75,75,75,75,75,75,75,75,75,75,75,75,75,75,75,75,75,75,75,75,75,75,75,75,75,75,75],"card_choices":[{"not_picked":["Dagger Spray","Setup"],"picked":"All Out Attack","floor":1},{"not_picked":["Deadly Poison","Endless Agony"],"picked":"Backflip","floor":5},{"not_picked":["Underhanded Strike","Poisoned Stab"],"picked":"Noxious Fumes","floor":6},{"not_picked":["Eviscerate","Distraction"],"picked":"Dagger Throw","floor":8},{"not_picked":["Caltrops","Dagger Throw"],"picked":"Acrobatics","floor":10},{"not_picked":["Blade Dance","Escape Plan"],"picked":"Deadly Poison","floor":12},{"not_picked":["Skewer","Dagger Throw"],"picked":"PiercingWail","floor":14},{"not_picked":["Die Die Die","Storm of Steel"],"picked":"Corpse Explosion","floor":16},{"not_picked":["Sucker Punch+1","Cloak And Dagger","Expertise"],"picked":"SKIP","floor":18},{"not_picked":["Dagger Spray","Endless Agony","Sucker Punch"],"picked":"SKIP","floor":19},{"not_picked":["Cloak And Dagger","Distraction","Blade Dance"],"picked":"SKIP","floor":20},{"not_picked":["Cloak And Dagger+1","Setup"],"picked":"Bane","floor":22},{"not_picked":["Deadly Poison","Dagger Spray"],"picked":"Expertise+1","floor":24},{"not_picked":["Venomology","Crippling Poison+1","Bane+1","Dagger Spray+1"],"picked":"SKIP","floor":29},{"not_picked":["Dagger Spray","Flying Knee","Bane+1"],"picked":"Blur","floor":30},{"not_picked":["Tools of the Trade","A Thousand Cuts","Wraith Form v2"],"picked":"Envenom","floor":33},{"not_picked":["Terror","Blade Dance+1","Noxious Fumes+1"],"picked":"Acrobatics","floor":35},{"not_picked":["Tactician","Dash","Underhanded Strike+1"],"picked":"Catalyst","floor":36},{"not_picked":["Dodge and Roll+1","Deflect+1","Sucker Punch","Quick Slash"],"picked":"SKIP","floor":38}],"player_experience":328125,"relics_obtained":[{"floor":6,"key":"MawBank"},{"floor":9,"key":"Oddly Smooth Stone"},{"floor":14,"key":"Juzu Bracelet"},{"floor":26,"key":"Question Card"},{"floor":30,"key":"PreservedInsect"}],"event_choices":[{"damage_healed":0,"gold_gain":0,"player_choice":"Donut","damage_taken":0,"max_hp_gain":5,"max_hp_loss":0,"event_name":"Big Fish","floor":2,"gold_loss":0},{"damage_healed":0,"gold_gain":0,"player_choice":"Ignored","damage_taken":0,"max_hp_gain":0,"max_hp_loss":0,"event_name":"Liars Game","floor":3,"gold_loss":0},{"damage_healed":0,"gold_gain":0,"player_choice":"Read","damage_taken":0,"max_hp_gain":0,"max_hp_loss":0,"event_name":"The Library","floor":21,"gold_loss":0,"cards_obtained":["Well Laid Plans"]},{"damage_healed":0,"gold_gain":0,"player_choice":"Got Potions","damage_taken":0,"max_hp_gain":0,"max_hp_loss":0,"event_name":"Lab","floor":37,"gold_loss":0},{"damage_healed":19,"gold_gain":0,"player_choice":"Writhe","damage_taken":0,"max_hp_gain":0,"max_hp_loss":0,"event_name":"Winding Halls","floor":39,"gold_loss":0,"cards_obtained":["Writhe"]}],"is_beta":false,"boss_relics":[{"not_picked":["Philosopher\u0027s Stone","Busted Crown"],"picked":"Astrolabe"},{"not_picked":["Lizard Tail","Sozu"],"picked":"Empty Cage"}],"items_purged_floors":[28,31],"is_endless":false,"potions_floor_spawned":[6,8,12,14,20,22,29],"killed_by":"Reptomancer","ascension_level":2}