{"gold_per_floor":[111,121,67,67,86,86,86,86,86,86,112,127,127,127,127,229,229,247,259,273,38,56,56,56,56,56,56,70,70,98,114,114,114],"floor_reached":33,"playtime":3115,"items_purged":["Strike_R"],"score":265,"play_id":"b47a3a25-04c7-47d6-98d4-e6bc23ee0038","local_time":"20180625103014","is_ascension_mode":false,"campfire_choices":[{"data":"Evolve","floor":6,"key":"SMITH"},{"floor":8,"key":"REST"},{"data":"Iron Wave","floor":10,"key":"SMITH"},{"data":"Whirlwind","floor":13,"key":"SMITH"},{"floor":15,"key":"REST"},{"floor":23,"key":"REST"},{"floor":25,"key":"REST"},{"floor":32,"key":"REST"}],"neow_cost":"NONE","seed_source_timestamp":545541406184059,"circlet_count":0,"master_deck":["Defend_R","Defend_R","Defend_R","Defend_R","Bash+1","Headbutt","Headbutt","Iron Wave+1","Evolve+1","Bludgeon","Whirlwind+1","Demon Form","Spot Weakness+1","Sentinel+1","Second Wind+1","Double Tap"],"relics":["Burning Blood","Ancient Tea Set","Kunai","Mummified Hand","Orichalcum","Astrolabe","Paper Frog","Lantern"],"potions_floor_usage":[16,16,16,33,33,33],"damage_taken":[{"damage":12,"enemies":"Small Slimes","floor":1,"turns":4},{"damage":10,"enemies":"Jaw Worm","floor":2,"turns":4},{"damage":0,"enemies":"2 Louse","floor":5,"turns":3},{"damage":20,"enemies":"Lagavulin","floor":11,"turns":6},{"damage":12,"enemies":"Gremlin Gang","floor":12,"turns":5},{"damage":76,"enemies":"Hexaghost","floor":16,"turns":10},{"damage":28,"enemies":"2 Thieves","floor":18,"turns":3},{"damage":4,"enemies":"Chosen","floor":19,"turns":5},{"damage":18,"enemies":"3 Cultists","floor":20,"turns":5},{"damage":35,"enemies":"Snake Plant","floor":22,"turns":5},{"damage":20,"enemies":"Centurion and Healer","floor":28,"turns":4},{"damage":44,"enemies":"Slavers","floor":30,"turns":4},{"damage":5,"enemies":"Snecko","floor":31,"turns":8},{"damage":51,"enemies":"Champ","floor":33,"turns":9}],"seed_played":"4909245728781831830","potions_obtained":[{"floor":5,"key":"Dexterity Potion"},{"floor":11,"key":"GamblersBrew"},{"floor":12,"key":"LiquidBronze"},{"floor":19,"key":"SkillPotion"},{"floor":30,"key":"Poison Potion"},{"floor":31,"key":"SkillPotion"}],"is_trial":false,"path_per_floor":["M","M","$","?","M","R","?","R","T","R","E","M","R","T","R","B",null,"M","M","M","$","M","R","$","R","T","?","M","$","E","M","R"],"character_chosen":"IRONCLAD","items_purchased":["Iron Wave","Double Tap"],"campfire_rested":5,"item_purchase_floors":[3,21],"current_hp_per_floor":[74,70,70,52,58,58,58,80,80,80,66,60,60,60,80,10,80,58,60,48,48,19,43,43,67,67,67,53,53,15,16,40,0],"gold":114,"neow_bonus":"UPGRADE_CARD","is_prod":false,"is_daily":false,"chose_seed":false,"campfire_upgraded":3,"win_rate":0.0,"timestamp":1529919014,"path_taken":["M","M","$","?","M","R","?","R","T","R","E","M","R","?","R","BOSS","M","M","M","$","M","R","$","R","T","?","M","$","E","M","R","BOSS"],"build_version":"2018-06-21v2","purchased_purges":1,"victory":false,"max_hp_per_floor":[80,80,80,80,80,80,80,80,80,80,80,80,80,80,80,80,80,80,80,80,80,80,80,80,80,80,80,80,80,80,80,80,80],"card_choices":[{"not_picked":["Warcry","Thunderclap"],"picked":"Headbutt","floor":1},{"not_picked":["True Grit","Havoc"],"picked":"Headbutt","floor":2},{"not_picked":["Rage","Metallicize"],"picked":"Evolve","floor":5},{"not_picked":["Barricade","Entrench"],"picked":"Bludgeon","floor":11},{"not_picked":["Body Slam","Anger"],"picked":"Whirlwind","floor":12},{"not_picked":["Exhume","Immolate"],"picked":"Demon Form","floor":16},{"not_picked":["Headbutt","Havoc","Flex+1"],"picked":"SKIP","floor":18},{"not_picked":["Sentinel","Reckless Charge","Flame Barrier"],"picked":"SKIP","floor":19},{"not_picked":["Second Wind+1","Sword Boomerang","Anger+1"],"picked":"SKIP","floor":20},{"not_picked":["Armaments","Body Slam","Sword Boomerang"],"picked":"SKIP","floor":22},{"not_picked":["Bludgeon","Cleave","Clothesline"],"picked":"SKIP","floor":28},{"not_picked":["Corruption+1","Juggernaut","Flex"],"picked":"SKIP","floor":30},{"not_picked":["Headbutt+1","Perfected Strike","Twin Strike+1"],"picked":"SKIP","floor":31}],"player_experience":122216,"relics_obtained":[{"floor":9,"key":"Kunai"},{"floor":11,"key":"Mummified Hand"},{"floor":14,"key":"Orichalcum"},{"floor":26,"key":"Paper Frog"},{"floor":30,"key":"Lantern"}],"event_choices":[{"event_name":"Scrap Ooze","player_choice":"success","floor":4,"damage_taken":18},{"event_name":"The Woman in Blue","player_choice":"Bought 0 Potions","floor":7,"damage_taken":0},{"event_name":"Back to Basics","player_choice":"Elegance","floor":27,"damage_taken":0}],"boss_relics":[{"not_picked":["Runic Pyramid","Empty Cage"],"picked":"Astrolabe"}],"items_purged_floors":[21],"is_endless":false,"potions_floor_spawned":[5,11,12,19,30,31],"killed_by":"Champ","ascension_level":0}