{"gold_per_floor":[114,124,142,162,179,214,214],"floor_reached":7,"playtime":616,"items_purged":[],"score":61,"play_id":"f7ae46c2-391c-414f-b2a3-82733abce567","local_time":"20190721183858","is_ascension_mode":true,"campfire_choices":[],"neow_cost":"NONE","seed_source_timestamp":27806049529514,"circlet_count":0,"master_deck":["Strike_R","Strike_R","Strike_R","Strike_R","Strike_R","Defend_R","Defend_R","Defend_R","Defend_R","Bash","Normality","Parasite","Injury","Body Slam","Shrug It Off","Cleave","Feed","Pommel Strike"],"relics":["Calling Bell","Bag of Marbles","Dodecahedron","Shovel","Orichalcum"],"potions_floor_usage":[4,7],"damage_taken":[{"damage":11,"enemies":"Small Slimes","floor":1,"turns":3},{"damage":13,"enemies":"Jaw Worm","floor":2,"turns":4},{"damage":2,"enemies":"2 Louse","floor":3,"turns":3},{"damage":17,"enemies":"Looter","floor":4,"turns":3},{"damage":0,"enemies":"2 Fungi Beasts","floor":5,"turns":3},{"damage":51,"enemies":"Gremlin Nob","floor":6,"turns":5},{"damage":13,"enemies":"The Mushroom Lair","floor":7,"turns":3}],"seed_played":"1313218616325667830","potions_obtained":[{"floor":3,"key":"BloodPotion"},{"floor":4,"key":"SteroidPotion"}],"is_trial":false,"path_per_floor":["M","M","M","M","M","E","?"],"character_chosen":"IRONCLAD","items_purchased":[],"campfire_rested":0,"item_purchase_floors":[],"current_hp_per_floor":[69,56,54,57,60,12,0],"gold":214,"neow_bonus":"BOSS_RELIC","is_prod":false,"is_daily":false,"chose_seed":false,"campfire_upgraded":0,"win_rate":0,"timestamp":1563752338,"path_taken":["M","M","M","M","M","E","?"],"build_version":"2019-07-17","purchased_purges":0,"victory":false,"max_hp_per_floor":[80,80,80,80,83,86,86],"card_choices":[{"not_picked":["Cleave","Perfected Strike"],"picked":"Body Slam","floor":1},{"not_picked":["Hemokinesis","Feel No Pain"],"picked":"Shrug It Off","floor":2},{"not_picked":["Fire Breathing","Bloodletting"],"picked":"Cleave","floor":3},{"not_picked":["Whirlwind","Dual Wield"],"picked":"Feed","floor":4},{"not_picked":["Flex","Metallicize"],"picked":"Pommel Strike","floor":5},{"not_picked":["Feel No Pain","Immolate","Flex"],"picked":"SKIP","floor":6}],"player_experience":208217,"relics_obtained":[{"floor":0,"key":"Bag of Marbles"},{"floor":0,"key":"Dodecahedron"},{"floor":0,"key":"Shovel"},{"floor":6,"key":"Orichalcum"}],"event_choices":[{"damage_healed":0,"gold_gain":0,"player_choice":"Fought Mushrooms","damage_taken":0,"max_hp_gain":0,"max_hp_loss":0,"event_name":"Mushrooms","floor":7,"gold_loss":0}],"is_beta":false,"boss_relics":[],"items_purged_floors":[],"is_endless":false,"potions_floor_spawned":[3,4],"killed_by":"The Mushroom Lair","ascension_level":2}