{"path_per_floor":["M","M","?","?","M","E","R","M","T","$","M","?","R","M","R"],"character_chosen":"IRONCLAD","items_purchased":["Impervious"],"gold_per_floor":[144,155,155,120,138,165,165,176,222,61,71,71,71,83,83,83],"floor_reached":16,"campfire_rested":3,"playtime":1592,"item_purchase_floors":[10],"current_hp_per_floor":[68,58,58,79,78,4,29,22,22,22,12,12,37,33,58,3],"items_purged":[],"gold":83,"score":102,"play_id":"063fca35-15d3-4bfc-aeed-7621c00bfa78","local_time":"20180623010717","is_prod":false,"is_daily":false,"chose_seed":false,"is_ascension_mode":false,"campfire_upgraded":0,"win_rate":0.0,"timestamp":1529712437,"campfire_choices":[{"floor":7,"key":"REST"},{"floor":13,"key":"REST"},{"floor":15,"key":"REST"}],"path_taken":["M","M","?","?","M","E","R","M","T","$","M","?","R","M","R","BOSS"],"build_version":"2018-06-21","seed_source_timestamp":340485828572385,"purchased_purges":0,"circlet_count":0,"victory":false,"master_deck":["Strike_R","Strike_R","Strike_R+1","Strike_R","Strike_R","Defend_R","Defend_R","Defend_R","Defend_R","Bash","Feel No Pain","Twin Strike+1","Iron Wave","Pommel Strike","Battle Trance","Rage","Impervious","Shrug It Off","Body Slam"],"max_hp_per_floor":[85,85,85,85,85,85,85,85,85,85,85,85,85,85,85,85],"relics":["Tiny House","Dodecahedron","Pen Nib"],"card_choices":[{"not_picked":["Sword Boomerang","Flex"],"picked":"Feel No Pain","floor":0},{"not_picked":["Whirlwind","Warcry"],"picked":"Twin Strike","floor":1},{"not_picked":["Havoc","Power Through"],"picked":"Iron Wave","floor":2},{"not_picked":["True Grit","Seeing Red"],"picked":"Pommel Strike","floor":5},{"not_picked":["Sword Boomerang","Whirlwind"],"picked":"Battle Trance","floor":6},{"not_picked":["Second Wind","Flex"],"picked":"Rage","floor":8},{"not_picked":["Evolve","Warcry"],"picked":"Shrug It Off","floor":11},{"not_picked":["True Grit","Havoc"],"picked":"Body Slam","floor":14}],"player_experience":74864,"potions_floor_usage":[],"damage_taken":[{"damage":17,"enemies":"Small Slimes","floor":1,"turns":5},{"damage":10,"enemies":"Cultist","floor":2,"turns":4},{"damage":1,"enemies":"Jaw Worm","floor":5,"turns":3},{"damage":74,"enemies":"Gremlin Nob","floor":6,"turns":7},{"damage":7,"enemies":"Exordium Wildlife","floor":8,"turns":4},{"damage":10,"enemies":"Large Slime","floor":11,"turns":8},{"damage":4,"enemies":"Red Slaver","floor":14,"turns":4},{"damage":55,"enemies":"Hexaghost","floor":16,"turns":14}],"relics_obtained":[{"floor":6,"key":"Dodecahedron"},{"floor":9,"key":"Pen Nib"}],"event_choices":[{"event_name":"Upgrade Shrine","player_choice":"Upgraded","floor":3,"damage_taken":0},{"event_name":"The Cleric","player_choice":"Healed","floor":4,"damage_taken":0},{"event_name":"The Lab","player_choice":"Got Potions","floor":12,"damage_taken":0}],"boss_relics":[],"items_purged_floors":[],"is_endless":false,"potions_floor_spawned":[2,8,11],"seed_played":"-8258295572601225636","killed_by":"Hexaghost","ascension_level":0,"potions_obtained":[{"floor":0,"key":"Poison Potion"},{"floor":2,"key":"Poison Potion"},{"floor":8,"key":"SpeedPotion"}],"is_trial":false}