{"gold_per_floor":[109,109,109,109,119,119,147,147,223,223,242,242,275,285,285,389,389,402,231,245,245,258,258,258,271,271,288,116,116],"floor_reached":29,"playtime":2526,"items_purged":["Strike_G","Strike_G"],"score":326,"play_id":"ac3afc3c-f92a-46bf-a61a-d3c05c0e0b67","local_time":"20180705001812","is_ascension_mode":true,"campfire_choices":[{"data":"Neutralize","floor":6.0,"key":"SMITH"},{"floor":8.0,"key":"REST"},{"data":"Noxious Fumes","floor":10.0,"key":"SMITH"},{"floor":15.0,"key":"REST"},{"floor":23.0,"key":"REST"}],"neow_cost":"","seed_source_timestamp":0,"circlet_count":0,"master_deck":["Defend_G","Defend_G","Defend_G","Defend_G","Defend_G","Strike_G","Survivor","Neutralize+1","Cloak And Dagger","Flying Knee","Noxious Fumes+1","Endless Agony","Dagger Spray","Endless Agony","After Image","Backflip","Sucker Punch","Bane","Malaise+1","Deadly Poison+1","Footwork"],"special_seed":0,"relics":["Ring of the Snake","Darkstone Periapt","Question Card","Snake Skull","Eternal Feather","Blood Vial"],"potions_floor_usage":[],"damage_taken":[{"damage":0.0,"enemies":"Jaw Worm","floor":1.0,"turns":7.0},{"damage":2.0,"enemies":"Cultist","floor":5.0,"turns":5.0},{"damage":28.0,"enemies":"Lagavulin","floor":7.0,"turns":12.0},{"damage":5.0,"enemies":"2 Louse","floor":11.0,"turns":3.0},{"damage":26.0,"enemies":"Gremlin Nob","floor":13.0,"turns":5.0},{"damage":0.0,"enemies":"2 Fungi Beasts","floor":14.0,"turns":3.0},{"damage":16.0,"enemies":"The Guardian","floor":16.0,"turns":10.0},{"damage":10.0,"enemies":"Shell Parasite","floor":18.0,"turns":6.0},{"damage":4.0,"enemies":"Chosen","floor":20.0,"turns":7.0},{"damage":42.0,"enemies":"3 Cultists","floor":22.0,"turns":7.0},{"damage":5.0,"enemies":"Chosen and Byrds","floor":25.0,"turns":10.0},{"damage":22,"enemies":"Slaver and Parasite","floor":27,"turns":7},{"damage":12,"enemies":"3 Cultists","floor":29,"turns":4}],"seed_played":"2336870262921844374","potions_obtained":[{"floor":5.0,"key":"Block Potion"},{"floor":13.0,"key":"LiquidBronze"},{"floor":14.0,"key":"EssenceOfSteel"},{"floor":16.0,"key":"SkillPotion"},{"floor":20.0,"key":"Weak Potion"}],"is_trial":false,"path_per_floor":["M","?","?","?","M","R","E","R","T","R","M","?","E","M","R","B",null,"M","$","M","?","M","R","?","M","T","M","$"],"character_chosen":"THE_SILENT","items_purchased":["Sucker Punch","Bane","Footwork"],"campfire_rested":3,"item_purchase_floors":[],"current_hp_per_floor":[63,63,63,63,61,61,33,54,54,54,49,49,23,23,44,28,60,50,50,46,46,4,33,33,28,28,8,8,0],"gold":116,"neow_bonus":"","is_prod":false,"is_daily":false,"chose_seed":false,"campfire_upgraded":2,"win_rate":0,"timestamp":1530746292,"path_taken":["M","?","?","?","?","R","E","R","T","R","M","?","E","?","R","BOSS","M","$","M","?","M","R","?","M","T","M","$","M"],"build_version":"2018-06-28","purchased_purges":2,"victory":false,"max_hp_per_floor":[70,70,70,70,70,70,70,70,70,70,70,70,70,70,70,70,70,70,70,70,70,70,70,70,70,70,70,70,70],"card_choices":[{"not_picked":["Underhanded Strike","Prepared"],"picked":"Cloak And Dagger","floor":1.0},{"not_picked":["Cloak And Dagger","Distraction"],"picked":"Flying Knee","floor":5.0},{"not_picked":["Slice","Flechettes"],"picked":"Noxious Fumes","floor":7.0},{"not_picked":["Prepared","Deflect","Finisher"],"picked":"Endless Agony","floor":11.0},{"not_picked":["Slice","Dodge and Roll","Acrobatics"],"picked":"Dagger Spray","floor":13.0},{"not_picked":["Acrobatics","Dagger Spray","Dodge and Roll"],"picked":"Endless Agony","floor":14.0},{"not_picked":["Envenom","Bullet Time","Wraith Form v2"],"picked":"After Image","floor":16.0},{"not_picked":["Terror","Flechettes","Dodge and Roll"],"picked":"Backflip","floor":18.0},{"not_picked":["Outmaneuver","Caltrops+1","Blade Dance"],"picked":"Malaise+1","floor":20.0},{"not_picked":["Deflect+1","Acrobatics","Finisher"],"picked":"Deadly Poison+1","floor":22.0},{"not_picked":["Endless Agony","All Out Attack","Dagger Spray+1","Skewer+1"],"picked":"SKIP","floor":25.0},{"not_picked":["Dodge and Roll","Deflect+1","Underhanded Strike","Poisoned Stab"],"picked":"SKIP","floor":27}],"player_experience":351249,"relics_obtained":[{"floor":7.0,"key":"Darkstone Periapt"},{"floor":9.0,"key":"Question Card"},{"floor":13.0,"key":"Snake Skull"},{"floor":26.0,"key":"Blood Vial"}],"event_choices":[{"event_name":"Scrap Ooze","player_choice":"unsuccessful","floor":2.0,"damage_taken":0.0},{"event_name":"Liars Game","player_choice":"disagreed","floor":3.0,"damage_taken":0.0},{"event_name":"Shining Light","player_choice":"Ignored","floor":4.0,"damage_taken":0.0},{"event_name":"Living Wall","player_choice":"Forget","floor":12.0,"damage_taken":0.0},{"event_name":"Ghosts","player_choice":"Ignored","floor":21.0,"damage_taken":0.0},{"event_name":"Cursed Tome","player_choice":"Ignored","floor":24.0,"damage_taken":0.0}],"boss_relics":[{"not_picked":["Snecko Eye","Ectoplasm"],"picked":"Eternal Feather"}],"items_purged_floors":[],"is_endless":false,"potions_floor_spawned":[5,13,14,16,20],"killed_by":"3 Cultists","ascension_level":8}