{"gold_per_floor":[119,219,231,231,251,284,14,47,47,47,74,91,104,166,166,166],"floor_reached":16,"playtime":671,"items_purged":[],"score":144,"play_id":"d87edc02-5564-4cc1-a9f3-8c94c59bac41","local_time":"20190715222520","is_ascension_mode":true,"campfire_choices":[{"data":"Inflame","floor":10,"key":"SMITH"},{"floor":15,"key":"REST"}],"neow_cost":"NONE","seed_source_timestamp":262507862403600,"circlet_count":0,"master_deck":["Strike_R","Strike_R","Strike_R","Strike_R","Strike_R","Defend_R","Defend_R","Defend_R","Defend_R","Bash","Whirlwind","True Grit","Wild Strike","Inflame+1","Rampage","Metallicize","Combust","Armaments"],"relics":["Burning Blood","Letter Opener","Bag of Preparation","Boot","Kunai","Blood Vial","Art of War"],"potions_floor_usage":[6,6,8,8,14],"damage_taken":[{"damage":0,"enemies":"Small Slimes","floor":1,"turns":3},{"damage":6,"enemies":"Cultist","floor":3,"turns":4},{"damage":4,"enemies":"Jaw Worm","floor":5,"turns":4},{"damage":20,"enemies":"Lagavulin","floor":6,"turns":7},{"damage":17,"enemies":"Gremlin Nob","floor":8,"turns":5},{"damage":26,"enemies":"Lagavulin","floor":11,"turns":6},{"damage":32,"enemies":"Exordium Thugs","floor":12,"turns":5},{"damage":6,"enemies":"Looter","floor":13,"turns":4},{"damage":16,"enemies":"Gremlin Nob","floor":14,"turns":4},{"damage":46,"enemies":"Hexaghost","floor":16,"turns":10}],"seed_played":"-8515180946357501550","potions_obtained":[{"floor":1,"key":"Regen Potion"},{"floor":4,"key":"Poison Potion"},{"floor":4,"key":"Weak Potion"},{"floor":5,"key":"Explosive Potion"},{"floor":12,"key":"FearPotion"}],"is_trial":false,"path_per_floor":["M","?","M","?","M","E","$","E","T","R","E","M","M","?","R","B"],"character_chosen":"IRONCLAD","items_purchased":["Metallicize","Bag of Preparation","Dexterity Potion"],"campfire_rested":1,"item_purchase_floors":[7,7,7],"current_hp_per_floor":[80,80,80,80,80,66,66,69,69,69,49,25,27,19,43,0],"gold":166,"neow_bonus":"THREE_CARDS","is_prod":false,"is_daily":false,"chose_seed":false,"campfire_upgraded":1,"win_rate":0,"timestamp":1563243920,"path_taken":["M","?","?","?","M","E","?","E","T","R","E","M","M","?","R","BOSS"],"build_version":"2019-07-05","purchased_purges":0,"victory":false,"max_hp_per_floor":[80,80,80,80,80,80,80,80,80,80,80,80,80,80,80,80],"card_choices":[{"not_picked":["True Grit","Warcry"],"picked":"Whirlwind","floor":0},{"not_picked":["Carnage","Perfected Strike"],"picked":"True Grit","floor":1},{"not_picked":["Warcry","Whirlwind"],"picked":"Wild Strike","floor":3},{"not_picked":["Iron Wave","Shrug It Off"],"picked":"Inflame","floor":5},{"not_picked":["Sever Soul","Sword Boomerang"],"picked":"Rampage","floor":6},{"not_picked":["Rupture","Twin Strike"],"picked":"Combust","floor":8},{"not_picked":["Exhume","Whirlwind","Headbutt"],"picked":"SKIP","floor":11},{"not_picked":["Warcry","Intimidate","Cleave"],"picked":"SKIP","floor":12},{"not_picked":["Twin Strike","Rampage"],"picked":"Armaments","floor":13}],"player_experience":353636,"relics_obtained":[{"floor":6,"key":"Letter Opener"},{"floor":8,"key":"Boot"},{"floor":9,"key":"Kunai"},{"floor":11,"key":"Blood Vial"},{"floor":14,"key":"Art of War"}],"event_choices":[{"damage_healed":0,"gold_gain":100,"player_choice":"Pray","damage_taken":0,"max_hp_gain":0,"max_hp_loss":0,"event_name":"Golden Shrine","floor":2,"gold_loss":0},{"damage_healed":0,"gold_gain":0,"player_choice":"Got Potions","damage_taken":0,"max_hp_gain":0,"max_hp_loss":0,"event_name":"Lab","floor":4,"gold_loss":0},{"damage_healed":0,"gold_gain":0,"player_choice":"Searched \u00271\u0027 times","damage_taken":0,"max_hp_gain":0,"max_hp_loss":0,"event_name":"Dead Adventurer","floor":14,"gold_loss":0}],"is_beta":false,"boss_relics":[],"items_purged_floors":[],"is_endless":false,"potions_floor_spawned":[1,5,12],"killed_by":"Hexaghost","ascension_level":4}