{"gold_per_floor":[119,130,305,149,99,99,109,109,109,143,143,173,173,124,124,224,224,242,254,17,28,28],"floor_reached":22,"playtime":2479,"items_purged":["Defend_G"],"score":211,"play_id":"a8cc6981-996b-4da8-931f-4b0627997971","local_time":"20190730190712","is_ascension_mode":true,"campfire_choices":[{"data":"Bouncing Flask","floor":6,"key":"SMITH"},{"data":"All Out Attack","floor":8,"key":"SMITH"},{"floor":11,"key":"REST"},{"data":"Die Die Die","floor":15,"key":"SMITH"}],"neow_cost":"NONE","seed_source_timestamp":805235997887324,"circlet_count":0,"master_deck":["Strike_G","Strike_G","Strike_G","Defend_G","Defend_G","Defend_G","Defend_G","Survivor","Neutralize","Deadly Poison","Bouncing Flask+1","All Out Attack+1","PiercingWail","Die Die Die+1","Die Die Die","Crippling Poison","Poisoned Stab+1","Cloak And Dagger"],"relics":["Ring of the Snake","Bottled Lightning","Shuriken","The Courier","Empty Cage","Singing Bowl"],"potions_floor_usage":[7,10,10,12,21],"damage_taken":[{"damage":0,"enemies":"Cultist","floor":1,"turns":5},{"damage":5,"enemies":"Jaw Worm","floor":2,"turns":6},{"damage":4,"enemies":"Small Slimes","floor":7,"turns":2},{"damage":15,"enemies":"Gremlin Nob","floor":10,"turns":4},{"damage":34,"enemies":"3 Sentries","floor":12,"turns":7},{"damage":10,"enemies":"The Guardian","floor":16,"turns":9},{"damage":30,"enemies":"2 Thieves","floor":18,"turns":4},{"damage":1,"enemies":"Chosen","floor":19,"turns":4},{"damage":17,"enemies":"Shelled Parasite and Fungi","floor":21,"turns":6},{"damage":36,"enemies":"Snake Plant","floor":22,"turns":4}],"seed_played":"2423057206094646378","potions_obtained":[{"floor":0,"key":"Explosive Potion"},{"floor":0,"key":"Ancient Potion"},{"floor":0,"key":"SneckoOil"},{"floor":1,"key":"EssenceOfSteel"},{"floor":7,"key":"Strength Potion"},{"floor":18,"key":"EssenceOfSteel"},{"floor":21,"key":"FairyPotion"}],"is_trial":false,"path_per_floor":["M","M","?","$","?","R","M","R","T","E","R","E","?","?","R","B",null,"M","M","$","M","M"],"character_chosen":"THE_SILENT","items_purchased":["Bouncing Flask","Cloak And Dagger","Singing Bowl"],"campfire_rested":1,"item_purchase_floors":[4,20,20],"current_hp_per_floor":[70,65,65,65,65,65,61,61,61,46,67,33,56,56,56,46,70,40,39,39,24,0],"gold":28,"neow_bonus":"THREE_SMALL_POTIONS","is_prod":false,"is_daily":false,"chose_seed":false,"campfire_upgraded":3,"win_rate":0,"timestamp":1564531632,"path_taken":["M","M","?","$","?","R","M","R","T","E","R","E","?","?","R","BOSS","M","M","$","M","M"],"build_version":"2019-07-17","purchased_purges":1,"victory":false,"max_hp_per_floor":[70,70,70,70,70,70,70,70,70,70,70,70,70,70,70,70,70,70,70,70,72,72],"card_choices":[{"not_picked":["Outmaneuver","Setup","Underhanded Strike"],"picked":"SKIP","floor":1},{"not_picked":["Catalyst","Infinite Blades"],"picked":"Deadly Poison","floor":2},{"not_picked":["Leg Sweep","Backflip"],"picked":"All Out Attack","floor":7},{"not_picked":["Riddle With Holes","Cloak And Dagger"],"picked":"PiercingWail","floor":10},{"not_picked":["Flying Knee","Outmaneuver"],"picked":"Die Die Die","floor":12},{"not_picked":["Doppelganger","Phantasmal Killer"],"picked":"Die Die Die","floor":16},{"not_picked":["Acrobatics","Deflect"],"picked":"Crippling Poison","floor":18},{"not_picked":["Terror","Slice"],"picked":"Poisoned Stab+1","floor":19},{"not_picked":["Poisoned Stab","Catalyst+1","Caltrops"],"picked":"Singing Bowl","floor":21}],"player_experience":319863,"relics_obtained":[{"floor":9,"key":"Bottled Lightning"},{"floor":10,"key":"Shuriken"},{"floor":12,"key":"The Courier"}],"event_choices":[{"damage_healed":0,"gold_gain":175,"player_choice":"AGREE","damage_taken":0,"max_hp_gain":0,"max_hp_loss":0,"event_name":"Liars Game","floor":3,"gold_loss":0,"cards_obtained":["Doubt"]},{"cards_removed":["Doubt"],"damage_healed":0,"gold_gain":0,"player_choice":"Card Removal","damage_taken":0,"max_hp_gain":0,"max_hp_loss":0,"event_name":"The Cleric","floor":5,"gold_loss":50},{"damage_healed":23,"gold_gain":0,"player_choice":"Banana","damage_taken":0,"max_hp_gain":0,"max_hp_loss":0,"event_name":"Big Fish","floor":13,"gold_loss":0},{"damage_healed":0,"gold_gain":0,"player_choice":"Left Gold","damage_taken":0,"max_hp_gain":0,"max_hp_loss":0,"event_name":"World of Goop","floor":14,"gold_loss":49}],"is_beta":false,"boss_relics":[{"not_picked":["Cursed Key","Sozu"],"picked":"Empty Cage"}],"items_purged_floors":[4],"is_endless":false,"potions_floor_spawned":[1,7,18,21],"killed_by":"Snake Plant","ascension_level":2}