{"gold_per_floor":[219,53,66,66,82,117,144,144,144,158,158,123,155,171,171,266,266,283,140,156,56,155,155,170,170,244,244,244,262,0,16,16,16],"floor_reached":33,"playtime":2959,"items_purged":["Regret","Injury"],"score":332,"play_id":"3c19cef5-65b7-4fb0-ad0d-44791b24bad5","local_time":"20190815170220","is_ascension_mode":true,"campfire_choices":[{"data":"Corpse Explosion","floor":8.0,"key":"SMITH"},{"data":"Escape Plan","floor":15.0,"key":"SMITH"},{"data":"Crippling Poison","floor":23.0,"key":"SMITH"},{"floor":25.0,"key":"REST"},{"data":"Dash","floor":28.0,"key":"SMITH"},{"floor":32.0,"key":"REST"}],"neow_cost":"NONE","seed_source_timestamp":22675916240320,"circlet_count":0,"master_deck":["Strike_G","Strike_G","Strike_G","Strike_G","Defend_G","Defend_G","Defend_G","Defend_G","Defend_G","Survivor","Neutralize","Footwork","Escape Plan+1","Flying Knee","Dash+1","Corpse Explosion+1","Glass Knife","Backstab","Envenom","Clumsy","Crippling Poison+1","Footwork","Terror+1"],"special_seed":0,"relics":["Ring of the Snake","Pear","Odd Mushroom","Ninja Scroll","Gremlin Horn","Calling Bell","Pen Nib","Meat on the Bone","Peace Pipe","Toxic Egg 2","Nilry\u0027s Codex"],"potions_floor_usage":[33],"damage_taken":[{"damage":0.0,"enemies":"Jaw Worm","floor":1.0,"turns":5.0},{"damage":0.0,"enemies":"Cultist","floor":3.0,"turns":5.0},{"damage":0.0,"enemies":"Small Slimes","floor":5.0,"turns":2.0},{"damage":19.0,"enemies":"Gremlin Nob","floor":6.0,"turns":5.0},{"damage":0.0,"enemies":"The Mushroom Lair","floor":7.0,"turns":2.0},{"damage":0.0,"enemies":"Looter","floor":10.0,"turns":3.0},{"damage":5.0,"enemies":"3 Sentries","floor":13.0,"turns":2.0},{"damage":0.0,"enemies":"2 Fungi Beasts","floor":14.0,"turns":1.0},{"damage":13.0,"enemies":"The Guardian","floor":16.0,"turns":11.0},{"damage":31.0,"enemies":"Spheric Guardian","floor":18.0,"turns":6.0},{"damage":10.0,"enemies":"Shell Parasite","floor":20.0,"turns":7.0},{"damage":12.0,"enemies":"Centurion and Healer","floor":24.0,"turns":6.0},{"damage":38.0,"enemies":"3 Cultists","floor":29.0,"turns":5.0},{"damage":7.0,"enemies":"Chosen and Byrds","floor":31.0,"turns":5.0},{"damage":69,"enemies":"Champ","floor":33,"turns":11}],"seed_played":"5410433698879047253","potions_obtained":[{"floor":7.0,"key":"FearPotion"},{"floor":13.0,"key":"Weak Potion"},{"floor":14.0,"key":"AttackPotion"},{"floor":16.0,"key":"Weak Potion"},{"floor":18.0,"key":"Block Potion"},{"floor":31.0,"key":"LiquidBronze"}],"is_trial":false,"path_per_floor":["M","$","M","?","M","E","?","R","T","M","?","?","E","M","R","B",null,"M","$","M","$","?","R","M","R","T","?","R","M","?","M","R","B"],"character_chosen":"THE_SILENT","items_purchased":["Footwork","Escape Plan","Flying Knee","Footwork"],"campfire_rested":2,"item_purchase_floors":[2,2,2,19],"current_hp_per_floor":[63,63,63,63,63,54,54,54,54,54,54,74,69,69,69,56,74,43,43,45,45,45,45,45,69,69,53,53,27,27,32,56,0],"gold":16,"neow_bonus":"HUNDRED_GOLD","is_prod":false,"is_daily":false,"chose_seed":false,"campfire_upgraded":4,"win_rate":0,"timestamp":1565884940,"path_taken":["M","$","M","?","?","E","?","R","T","M","?","?","E","M","R","BOSS","M","$","M","$","?","R","M","R","T","?","R","M","?","M","R","BOSS"],"build_version":"2019-07-17","purchased_purges":2,"victory":false,"max_hp_per_floor":[70,70,70,70,70,80,80,80,80,80,80,80,80,80,80,80,80,80,80,80,80,80,80,80,80,80,80,80,80,80,80,80,80],"card_choices":[{"not_picked":["Flying Knee","Blade Dance","Quick Slash"],"picked":"SKIP","floor":1.0},{"not_picked":["All Out Attack","Sucker Punch"],"picked":"Dash","floor":3.0},{"not_picked":["Outmaneuver","Dagger Throw","Blade Dance"],"picked":"SKIP","floor":5.0},{"not_picked":["Dodge and Roll","Finisher"],"picked":"Glass Knife","floor":6.0},{"not_picked":["Poisoned Stab","Tactician","All Out Attack"],"picked":"SKIP","floor":10.0},{"not_picked":["Quick Slash","Deflect"],"picked":"Backstab","floor":13.0},{"not_picked":["Terror","Finisher","Deadly Poison"],"picked":"SKIP","floor":14.0},{"not_picked":["A Thousand Cuts","Die Die Die"],"picked":"Envenom","floor":16.0},{"not_picked":["Infinite Blades","Tactician"],"picked":"Crippling Poison","floor":18.0},{"not_picked":["Masterful Stab","Cloak And Dagger","Outmaneuver"],"picked":"SKIP","floor":20.0},{"not_picked":["Endless Agony+1","Blade Dance","Flying Knee+1"],"picked":"SKIP","floor":24.0},{"not_picked":["Sucker Punch","Riddle With Holes+1","Underhanded Strike"],"picked":"SKIP","floor":29.0},{"not_picked":["Prepared+1","Deadly Poison+1"],"picked":"Terror+1","floor":31.0}],"player_experience":382749,"relics_obtained":[{"floor":6.0,"key":"Pear"},{"floor":7.0,"key":"Odd Mushroom"},{"floor":9.0,"key":"Ninja Scroll"},{"floor":13.0,"key":"Gremlin Horn"},{"floor":17.0,"key":"Pen Nib"},{"floor":17.0,"key":"Meat on the Bone"},{"floor":17.0,"key":"Peace Pipe"},{"floor":26.0,"key":"Toxic Egg 2"},{"floor":27.0,"key":"Nilry\u0027s Codex"}],"event_choices":[{"damage_healed":0.0,"max_hp_gain":0.0,"max_hp_loss":0.0,"gold_gain":0.0,"cards_transformed":["Strike_G"],"event_name":"Transmorgrifier","player_choice":"Transformed","floor":4.0,"gold_loss":0.0,"damage_taken":0.0,"cards_obtained":["Corpse Explosion"]},{"damage_healed":0.0,"max_hp_gain":0.0,"max_hp_loss":0.0,"gold_gain":0.0,"event_name":"Mushrooms","player_choice":"Fought Mushrooms","floor":7.0,"gold_loss":0.0,"damage_taken":0.0},{"damage_healed":0.0,"max_hp_gain":0.0,"max_hp_loss":0.0,"gold_gain":0.0,"event_name":"Liars Game","player_choice":"Ignored","floor":11.0,"gold_loss":0.0,"damage_taken":0.0},{"damage_healed":20.0,"max_hp_gain":0.0,"max_hp_loss":0.0,"gold_gain":0.0,"event_name":"The Cleric","player_choice":"Healed","floor":12.0,"gold_loss":35.0,"damage_taken":0.0},{"damage_healed":0.0,"max_hp_gain":0.0,"max_hp_loss":0.0,"gold_gain":99.0,"event_name":"Nest","player_choice":"Stole From Cult","floor":22.0,"gold_loss":0.0,"damage_taken":0.0},{"damage_healed":0.0,"max_hp_gain":0.0,"max_hp_loss":0.0,"gold_gain":0.0,"event_name":"Cursed Tome","player_choice":"Obtained Book","floor":27.0,"gold_loss":0.0,"damage_taken":16.0},{"damage_healed":0.0,"max_hp_gain":0.0,"max_hp_loss":0.0,"gold_gain":0.0,"event_name":"Masked Bandits","player_choice":"Paid Fearfully","floor":30.0,"gold_loss":262.0,"damage_taken":0.0}],"is_beta":false,"boss_relics":[{"not_picked":["Runic Dome","Pandora\u0027s Box"],"picked":"Calling Bell"}],"items_purged_floors":[19,21],"is_endless":false,"potions_floor_spawned":[7,13,14,16,18,31],"killed_by":"Champ","ascension_level":6}