{"gold_per_floor":[109,8,8,23,23,23,23,23,23,40,40,67,123,123,123,219,219,233,158,178,178,198,231,16,16],"floor_reached":25,"playtime":740,"items_purged":["Defend_R","Strike_R"],"score":304,"play_id":"a7626dc4-fb8f-4b60-8df1-5b72f92ec169","local_time":"20190727234729","is_ascension_mode":true,"campfire_choices":[{"data":"True Grit","floor":6,"key":"SMITH"},{"data":"Bash","floor":8,"key":"SMITH"},{"data":"Clothesline","floor":11,"key":"SMITH"},{"data":"Demon Form","floor":15,"key":"SMITH"}],"neow_cost":"NONE","seed_source_timestamp":551301159763200,"circlet_count":0,"master_deck":["Strike_R","Strike_R","Defend_R","Defend_R","Defend_R","Bash+1","Armaments+1","True Grit+1","Sword Boomerang","Clothesline+1","Demon Form+1","Limit Break","Sword Boomerang","Ghostly Armor+1","Feel No Pain","Headbutt+1","Whirlwind","Armaments"],"relics":["Burning Blood","Anchor","Gremlin Horn","Turnip","Bottled Flame","Sozu","MawBank"],"potions_floor_usage":[16,16,20,20,22],"damage_taken":[{"damage":8,"enemies":"Jaw Worm","floor":1,"turns":5},{"damage":3,"enemies":"Small Slimes","floor":4,"turns":3},{"damage":0,"enemies":"2 Louse","floor":10,"turns":3},{"damage":18,"enemies":"Gremlin Nob","floor":12,"turns":4},{"damage":24,"enemies":"Gremlin Nob","floor":13,"turns":4},{"damage":18,"enemies":"The Guardian","floor":16,"turns":9},{"damage":25,"enemies":"Spheric Guardian","floor":18,"turns":5},{"damage":0,"enemies":"3 Byrds","floor":20,"turns":2},{"damage":8,"enemies":"Centurion and Healer","floor":22,"turns":3},{"damage":53,"enemies":"Gremlin Leader","floor":23,"turns":6},{"damage":15,"enemies":"3 Cultists","floor":25,"turns":3}],"seed_played":"-2545620267510298361","potions_obtained":[{"floor":4,"key":"EntropicBrew"},{"floor":10,"key":"Swift Potion"},{"floor":16,"key":"Fire Potion"}],"is_trial":false,"path_per_floor":["M","$","?","M","$","R","?","R","T","M","R","E","?","?","R","B",null,"M","?","M","?","M","E","$","M"],"character_chosen":"IRONCLAD","items_purchased":["True Grit","Whirlwind","Armaments"],"campfire_rested":0,"item_purchase_floors":[2,24,24],"current_hp_per_floor":[70,70,70,73,73,73,61,61,61,67,67,55,37,63,63,51,73,54,54,60,60,58,11,11,0],"gold":16,"neow_bonus":"REMOVE_CARD","is_prod":false,"is_daily":false,"chose_seed":false,"campfire_upgraded":4,"win_rate":0,"timestamp":1564285649,"path_taken":["M","$","?","M","$","R","?","R","T","M","R","E","?","?","R","BOSS","M","?","M","?","?","E","$","M"],"build_version":"2019-07-17","purchased_purges":2,"victory":false,"max_hp_per_floor":[80,80,80,80,80,80,80,80,80,80,80,80,80,80,80,80,80,80,80,80,80,80,80,80,80],"card_choices":[{"not_picked":["Sword Boomerang","Clash"],"picked":"Armaments","floor":1},{"not_picked":["Reckless Charge","Heavy Blade"],"picked":"Sword Boomerang","floor":4},{"not_picked":["Infernal Blade","Armaments"],"picked":"Clothesline","floor":10},{"not_picked":["Sever Soul","Body Slam"],"picked":"Demon Form","floor":12},{"not_picked":["Double Tap","Berserk"],"picked":"Limit Break","floor":16},{"not_picked":["Searing Blow","Second Wind"],"picked":"Sword Boomerang","floor":18},{"not_picked":["Wild Strike","Flex"],"picked":"Ghostly Armor+1","floor":20},{"not_picked":["Anger","Headbutt"],"picked":"Feel No Pain","floor":22},{"not_picked":["Hemokinesis+1","Cleave"],"picked":"Headbutt+1","floor":23}],"player_experience":559104,"relics_obtained":[{"floor":9,"key":"Gremlin Horn"},{"floor":12,"key":"Turnip"},{"floor":13,"key":"Bottled Flame"},{"floor":23,"key":"MawBank"}],"event_choices":[{"damage_healed":0,"gold_gain":0,"player_choice":"Grow","damage_taken":0,"max_hp_gain":0,"max_hp_loss":0,"event_name":"Living Wall","floor":3,"gold_loss":0,"cards_upgraded":["Armaments"]},{"damage_healed":0,"gold_gain":0,"player_choice":"Success","damage_taken":12,"relics_obtained":["Anchor"],"max_hp_gain":0,"max_hp_loss":0,"event_name":"Scrap Ooze","floor":7,"gold_loss":0},{"damage_healed":0,"gold_gain":30,"player_choice":"Searched \u00273\u0027 times","damage_taken":0,"max_hp_gain":0,"max_hp_loss":0,"event_name":"Dead Adventurer","floor":13,"gold_loss":0},{"damage_healed":26,"gold_gain":0,"player_choice":"Banana","damage_taken":0,"max_hp_gain":0,"max_hp_loss":0,"event_name":"Big Fish","floor":14,"gold_loss":0},{"cards_removed":["Strike_R"],"damage_healed":0,"gold_gain":0,"player_choice":"Gave Gold","damage_taken":0,"max_hp_gain":0,"max_hp_loss":0,"event_name":"Beggar","floor":19,"gold_loss":75},{"damage_healed":0,"gold_gain":0,"player_choice":"Ignored","damage_taken":0,"max_hp_gain":0,"max_hp_loss":0,"event_name":"Vampires","floor":21,"gold_loss":0}],"is_beta":false,"boss_relics":[{"not_picked":["Runic Cube","Black Blood"],"picked":"Sozu"}],"items_purged_floors":[2,24],"is_endless":false,"potions_floor_spawned":[4,10,16,23],"killed_by":"3 Cultists","ascension_level":8}