{"gold_per_floor":[117,134,134,150,150,181,181,209,209,224,22,22,36,61,61,165,165,177,177,192,207,6,6,23,23,23,52,62,78,91,91,91,190,190,203,56,76,86,97,97,128,144,144,154,154,154,154],"floor_reached":47,"playtime":5144,"items_purged":["Strike_B","Defend_B"],"score":551,"play_id":"c7c9a4fe-61f1-4d02-b0e5-f3e4bc5a32f8","local_time":"20190729144419","is_ascension_mode":true,"campfire_choices":[{"floor":7,"key":"REST"},{"floor":12,"key":"REST"},{"floor":15,"key":"REST"},{"floor":23,"key":"REST"},{"floor":25,"key":"REST"},{"floor":32,"key":"REST"},{"floor":40,"key":"REST"},{"data":"Machine Learning","floor":45,"key":"SMITH"}],"neow_cost":"NONE","seed_source_timestamp":700394772550062,"circlet_count":0,"master_deck":["Strike_B+1","Strike_B+1","Defend_B","Defend_B","Zap+1","Dualcast","Cold Snap","Compile Driver","Sweeping Beam+1","Streamline","Redo","Rebound","Leap","Machine Learning+1","Fission","Conserve Battery+1","Leap","Reprogram","Melter","Beam Cell","Hologram","Conserve Battery+1","Streamline+1","Glacier","Steam Power","Rainbow","Parasite","Coolheaded","Hologram"],"relics":["Cracked Core","Art of War","Dodecahedron","Potion Belt","Mercury Hourglass","PreservedInsect","Smiling Mask","Velvet Choker","Blood Vial","Meat on the Bone","Whetstone","Philosopher\u0027s Stone","Turnip"],"potions_floor_usage":[6,8,16,16,21,27,33,33,33,33,37,39,42],"damage_taken":[{"damage":10,"enemies":"Small Slimes","floor":1,"turns":4},{"damage":2,"enemies":"Jaw Worm","floor":2,"turns":3},{"damage":0,"enemies":"Cultist","floor":4,"turns":3},{"damage":23,"enemies":"Gremlin Nob","floor":6,"turns":4},{"damage":9,"enemies":"3 Sentries","floor":8,"turns":5},{"damage":4,"enemies":"Red Slaver","floor":10,"turns":3},{"damage":16,"enemies":"Exordium Thugs","floor":13,"turns":4},{"damage":31,"enemies":"Lagavulin","floor":14,"turns":4},{"damage":18,"enemies":"Hexaghost","floor":16,"turns":9},{"damage":0,"enemies":"Chosen","floor":18,"turns":4},{"damage":31,"enemies":"2 Thieves","floor":20,"turns":4},{"damage":29,"enemies":"Snake Plant","floor":21,"turns":4},{"damage":4,"enemies":"Snecko","floor":24,"turns":4},{"damage":26,"enemies":"Book of Stabbing","floor":27,"turns":4},{"damage":22,"enemies":"Centurion and Healer","floor":28,"turns":6},{"damage":10,"enemies":"Cultist and Chosen","floor":29,"turns":6},{"damage":7,"enemies":"3 Cultists","floor":30,"turns":5},{"damage":32,"enemies":"Collector","floor":33,"turns":13},{"damage":5,"enemies":"Orb Walker","floor":35,"turns":3},{"damage":28,"enemies":"3 Shapes","floor":37,"turns":4},{"damage":17,"enemies":"Writhing Mass","floor":38,"turns":6},{"damage":19,"enemies":"Maw","floor":39,"turns":7},{"damage":19,"enemies":"Reptomancer","floor":41,"turns":5},{"damage":24,"enemies":"Transient","floor":42,"turns":5},{"damage":2,"enemies":"Sphere and 2 Shapes","floor":44,"turns":4},{"damage":51,"enemies":"Writhing Mass","floor":47,"turns":2}],"seed_played":"-6034578888697374606","potions_obtained":[{"floor":1,"key":"SteroidPotion"},{"floor":5,"key":"PowerPotion"},{"floor":5,"key":"AttackPotion"},{"floor":8,"key":"SpeedPotion"},{"floor":16,"key":"Fire Potion"},{"floor":24,"key":"SkillPotion"},{"floor":28,"key":"Ancient Potion"},{"floor":30,"key":"Ancient Potion"},{"floor":38,"key":"PowerPotion"},{"floor":39,"key":"FearPotion"},{"floor":41,"key":"SpeedPotion"}],"is_trial":false,"path_per_floor":["M","M","?","M","?","E","R","E","T","M","$","R","M","E","R","B",null,"M","?","M","M","$","R","M","R","T","E","M","M","M","?","R","B",null,"M","$","M","M","M","R","E","M","T","M","R","?","M"],"character_chosen":"DEFECT","items_purchased":["PreservedInsect","PowerPotion","Melter","Ancient Potion","Swift Potion","Energy Potion"],"campfire_rested":7,"item_purchase_floors":[11,11,22,22,36,36],"current_hp_per_floor":[65,63,48,48,48,25,47,38,38,34,34,56,40,9,31,13,75,75,75,44,17,17,39,37,59,59,47,39,43,38,38,60,42,75,70,70,44,41,36,58,41,31,31,43,43,43,0],"gold":154,"neow_bonus":"RANDOM_COMMON_RELIC","is_prod":false,"is_daily":false,"chose_seed":false,"campfire_upgraded":1,"win_rate":0,"timestamp":1564429459,"path_taken":["M","M","?","M","?","E","R","E","T","?","?","R","M","E","R","BOSS","M","?","M","M","$","R","M","R","T","E","M","M","M","?","R","BOSS","M","$","M","M","M","R","E","M","T","M","R","?","M"],"build_version":"2019-07-17","purchased_purges":2,"victory":false,"max_hp_per_floor":[75,75,75,75,75,75,75,75,75,75,75,75,75,75,75,75,75,75,75,75,75,75,75,75,75,75,75,75,75,75,75,75,75,75,75,75,75,75,75,75,75,75,75,75,75,75,75],"card_choices":[{"not_picked":["Chill","Coolheaded"],"picked":"Cold Snap","floor":1},{"not_picked":["Steam Power","Defragment"],"picked":"Compile Driver","floor":2},{"not_picked":["Stack","Steam"],"picked":"Sweeping Beam","floor":4},{"not_picked":["Hologram","Cold Snap"],"picked":"Streamline","floor":6},{"not_picked":["Cold Snap","Compile Driver"],"picked":"Redo","floor":8},{"not_picked":["Redo","Streamline"],"picked":"Rebound","floor":10},{"not_picked":["Go for the Eyes","Ball Lightning"],"picked":"Leap","floor":13},{"not_picked":["Redo","Gash"],"picked":"Machine Learning","floor":14},{"not_picked":["Meteor Strike","Hyperbeam"],"picked":"Fission","floor":16},{"not_picked":["Rebound","Tempest"],"picked":"Conserve Battery+1","floor":18},{"not_picked":["Fusion","Lockon"],"picked":"Leap","floor":20},{"not_picked":["Turbo","Compile Driver+1"],"picked":"Reprogram","floor":21},{"not_picked":["Streamline+1","Biased Cognition"],"picked":"Beam Cell","floor":24},{"not_picked":["Conserve Battery","Self Repair"],"picked":"Hologram","floor":27},{"not_picked":["Hologram","Reinforced Body","Leap"],"picked":"SKIP","floor":28},{"not_picked":["Static Discharge","Streamline"],"picked":"Conserve Battery+1","floor":29},{"not_picked":["Steam","Self Repair"],"picked":"Streamline+1","floor":30},{"not_picked":["Meteor Strike","Amplify"],"picked":"Rainbow","floor":33},{"not_picked":["Gash+1","BootSequence","Beam Cell+1"],"picked":"SKIP","floor":35},{"not_picked":["Rebound+1","Barrage","Leap+1"],"picked":"SKIP","floor":37},{"not_picked":["Rebound","Darkness+1"],"picked":"Coolheaded","floor":38},{"not_picked":["Consume","Redo+1","Streamline+1"],"picked":"SKIP","floor":39},{"not_picked":["Reinforced Body","Lockon","Steam Power"],"picked":"SKIP","floor":41},{"not_picked":["Chill","Turbo+1"],"picked":"Hologram","floor":42},{"not_picked":["Stack+1","Rainbow","Aggregate+1"],"picked":"SKIP","floor":44}],"player_experience":303631,"relics_obtained":[{"floor":6,"key":"Dodecahedron"},{"floor":8,"key":"Potion Belt"},{"floor":9,"key":"Mercury Hourglass"},{"floor":14,"key":"Smiling Mask"},{"floor":26,"key":"Meat on the Bone"},{"floor":27,"key":"Whetstone"},{"floor":41,"key":"Turnip"}],"event_choices":[{"damage_healed":0,"gold_gain":0,"player_choice":"Entered Light","damage_taken":15,"max_hp_gain":0,"max_hp_loss":0,"event_name":"Shining Light","floor":3,"gold_loss":0,"cards_upgraded":["Strike_B","Zap"]},{"damage_healed":0,"gold_gain":0,"player_choice":"Got Potions","damage_taken":0,"max_hp_gain":0,"max_hp_loss":0,"event_name":"Lab","floor":5,"gold_loss":0},{"damage_healed":0,"gold_gain":0,"player_choice":"Opened","damage_taken":0,"relics_obtained":["Blood Vial"],"max_hp_gain":0,"max_hp_loss":0,"event_name":"The Mausoleum","floor":19,"gold_loss":0},{"damage_healed":0,"gold_gain":0,"cards_transformed":["Strike_B","Defend_B"],"player_choice":"Became Test Subject","damage_taken":0,"max_hp_gain":0,"max_hp_loss":0,"event_name":"Drug Dealer","floor":31,"gold_loss":0,"cards_obtained":["Glacier","Steam Power"]},{"damage_healed":0,"gold_gain":0,"player_choice":"Ignored","damage_taken":0,"max_hp_gain":0,"max_hp_loss":0,"event_name":"Tomb of Lord Red Mask","floor":46,"gold_loss":0}],"is_beta":false,"boss_relics":[{"not_picked":["Snecko Eye","Fusion Hammer"],"picked":"Velvet Choker"},{"not_picked":["Inserter","Black Star"],"picked":"Philosopher\u0027s Stone"}],"items_purged_floors":[22,36],"is_endless":false,"potions_floor_spawned":[1,8,16,24,28,30,38,39,41],"killed_by":"Writhing Mass","ascension_level":2}