{"gold_per_floor":[114,114,64,14,29,29,61,61,131,56,73,73,88,147,147,245,245,262,262,92,92,105,105,204,204,204,204,220,102,102,17,17,120,120,140,140,140,140,140,140,240,240,240,240,251,38,49,69,69,69],"floor_reached":51,"playtime":3090,"items_purged":["Strike_B","Strike_B","Strike_B"],"score":696,"play_id":"44ecf14d-c05f-4a02-b8a9-28e971b94bf9","local_time":"20190813225739","is_ascension_mode":true,"campfire_choices":[{"data":"Dualcast","floor":6.0,"key":"SMITH"},{"data":"Coolheaded","floor":8.0,"key":"SMITH"},{"data":"Cold Snap","floor":12.0,"key":"SMITH"},{"data":"Conserve Battery","floor":15.0,"key":"SMITH"},{"data":"Redo","floor":23.0,"key":"SMITH"},{"data":"Defragment","floor":27.0,"key":"SMITH"},{"data":"Go for the Eyes","floor":32.0,"key":"SMITH"},{"data":"Defragment","floor":40,"key":"SMITH"},{"data":"Electrodynamics","floor":42,"key":"SMITH"},{"data":"Blind","floor":44,"key":"SMITH"},{"data":"Auto Shields","floor":49,"key":"SMITH"}],"neow_cost":"NONE","seed_source_timestamp":212415011421376,"circlet_count":0,"master_deck":["Defend_B","Defend_B","Defend_B","Defend_B","Zap+1","Dualcast+1","Coolheaded+1","Sweeping Beam+1","Cold Snap+1","Conserve Battery+1","Electrodynamics+1","Redo+1","Defragment+1","Ball Lightning","Go for the Eyes+1","Chaos+1","Defragment+1","Auto Shields+1","Blind+1","Swift Strike+1","Steam+1","Leap+1","All For One","Glacier","Ball Lightning+1"],"special_seed":0,"relics":["Cracked Core","Potion Belt","Ancient Tea Set","Bottled Flame","Smiling Mask","Eternal Feather","MutagenicStrength","Prayer Wheel","Matryoshka","Regal Pillow","White Beast Statue","StoneCalendar","Whetstone","Vajra"],"potions_floor_usage":[41,50,50,50,50],"damage_taken":[{"damage":0.0,"enemies":"Small Slimes","floor":1.0,"turns":2.0},{"damage":0.0,"enemies":"Jaw Worm","floor":5.0,"turns":4.0},{"damage":19.0,"enemies":"Lagavulin","floor":7.0,"turns":7.0},{"damage":0.0,"enemies":"2 Louse","floor":11.0,"turns":2.0},{"damage":0.0,"enemies":"Large Slime","floor":13.0,"turns":3.0},{"damage":1.0,"enemies":"3 Sentries","floor":14.0,"turns":7.0},{"damage":35.0,"enemies":"The Guardian","floor":16.0,"turns":15.0},{"damage":19.0,"enemies":"2 Thieves","floor":18.0,"turns":3.0},{"damage":10.0,"enemies":"3 Byrds","floor":22.0,"turns":4.0},{"damage":0.0,"enemies":"Shelled Parasite and Fungi","floor":28.0,"turns":5.0},{"damage":4.0,"enemies":"Champ","floor":33.0,"turns":13.0},{"damage":9.0,"enemies":"3 Shapes","floor":35.0,"turns":3.0},{"damage":13,"enemies":"Mind Bloom Boss Battle","floor":41,"turns":7},{"damage":0,"enemies":"Orb Walker","floor":45,"turns":3},{"damage":4,"enemies":"3 Darklings","floor":47,"turns":4},{"damage":4,"enemies":"4 Shapes","floor":48,"turns":3},{"damage":18,"enemies":"Awakened One","floor":50,"turns":16}],"seed_played":"8542582392070443933","potions_obtained":[{"floor":1.0,"key":"Regen Potion"},{"floor":5.0,"key":"Weak Potion"},{"floor":11.0,"key":"SteroidPotion"},{"floor":13.0,"key":"Dexterity Potion"},{"floor":14.0,"key":"SmokeBomb"},{"floor":35.0,"key":"FearPotion"},{"floor":41,"key":"Weak Potion"},{"floor":45,"key":"FearPotion"},{"floor":47,"key":"Weak Potion"},{"floor":48,"key":"AttackPotion"}],"is_trial":false,"path_per_floor":["M","?","$","?","M","R","E","R","T","$","M","R","M","?","R","B",null,"M","?","$","?","M","R","?","?","T","R","M","$","T","?","R","B",null,"M","?","$","?","?","R","?","R","T","R","M","$","M","M","R","B",null],"character_chosen":"DEFECT","items_purchased":["Coolheaded","Defragment","Ball Lightning","Defragment","All For One","Regen Potion"],"campfire_rested":0,"item_purchase_floors":[3,20,20,29,46,46],"current_hp_per_floor":[75,75,75,75,75,75,65,65,65,65,65,65,65,64,64,29,75,56,56,56,56,46,55,55,55,55,64,64,64,64,64,73,69,75,66,66,66,66,61,73,60,72,72,75,75,75,71,67,75,69],"gold":69,"neow_bonus":"RANDOM_COMMON_RELIC","is_prod":false,"is_daily":false,"chose_seed":false,"campfire_upgraded":11,"win_rate":0,"timestamp":1565733459,"path_taken":["M","?","$","?","M","R","E","R","T","$","M","R","M","?","R","BOSS","M","?","$","?","?","R","?","?","T","R","M","?","?","?","R","BOSS","M","?","$","?","?","R","?","R","T","R","M","$","?","M","R","BOSS"],"build_version":"2019-07-17","purchased_purges":3,"victory":true,"max_hp_per_floor":[75,75,75,75,75,75,75,75,75,75,75,75,75,75,75,75,75,75,75,75,75,75,75,75,75,75,75,75,75,75,75,75,75,75,75,75,75,75,75,75,75,75,75,75,75,75,75,75,75,75],"card_choices":[{"not_picked":["BootSequence","Rebound","Consume"],"picked":"SKIP","floor":1.0},{"not_picked":["Streamline","Hologram"],"picked":"Sweeping Beam","floor":5.0},{"not_picked":["Sunder","Multi-Cast"],"picked":"Cold Snap","floor":7.0},{"not_picked":["Compile Driver","Barrage","Leap"],"picked":"SKIP","floor":11.0},{"not_picked":["Stack","Redo"],"picked":"Conserve Battery","floor":13.0},{"not_picked":["Storm","Reprogram"],"picked":"Compile Driver","floor":14.0},{"not_picked":["Thunder Strike","Buffer"],"picked":"Electrodynamics","floor":16.0},{"not_picked":["Consume+1","Conserve Battery"],"picked":"Redo","floor":18.0},{"not_picked":["Gash","Sweeping Beam","Consume"],"picked":"SKIP","floor":22.0},{"not_picked":["Conserve Battery","Doom and Gloom"],"picked":"Go for the Eyes","floor":28.0},{"not_picked":["Ball Lightning","Genetic Algorithm"],"picked":"Chaos+1","floor":28.0},{"not_picked":["Stack","Steam"],"picked":"Auto Shields","floor":35.0},{"not_picked":["Compile Driver+1","Double Energy+1","Cold Snap+1"],"picked":"SKIP","floor":35.0},{"not_picked":["Mind Blast","Chrysalis"],"picked":"Blind","floor":39},{"not_picked":["Enlightenment","Discovery"],"picked":"Swift Strike","floor":39},{"not_picked":["Rebound+1","Streamline"],"picked":"Steam+1","floor":41},{"not_picked":["White Noise","Sunder+1"],"picked":"Leap+1","floor":45},{"not_picked":["Static Discharge","Rebound","Creative AI"],"picked":"SKIP","floor":45},{"not_picked":["Rebound+1","Gash"],"picked":"Glacier","floor":47},{"not_picked":["Coolheaded","Sweeping Beam+1","Leap"],"picked":"SKIP","floor":47},{"not_picked":["Auto Shields","Amplify"],"picked":"Ball Lightning+1","floor":48},{"not_picked":["Static Discharge","Cold Snap","Defragment"],"picked":"SKIP","floor":48}],"player_experience":324440,"relics_obtained":[{"floor":7.0,"key":"Ancient Tea Set"},{"floor":9.0,"key":"Bottled Flame"},{"floor":14.0,"key":"Smiling Mask"},{"floor":26.0,"key":"Prayer Wheel"},{"floor":30.0,"key":"Matryoshka"},{"floor":41,"key":"StoneCalendar"},{"floor":43,"key":"Whetstone"},{"floor":43,"key":"Vajra"}],"event_choices":[{"damage_healed":0.0,"max_hp_gain":0.0,"max_hp_loss":0.0,"gold_gain":0.0,"event_name":"Living Wall","player_choice":"Grow","floor":2.0,"gold_loss":0.0,"damage_taken":0.0,"cards_upgraded":["Zap"]},{"cards_removed":["Strike_B"],"damage_healed":0.0,"max_hp_gain":0.0,"max_hp_loss":0.0,"gold_gain":0.0,"event_name":"The Cleric","player_choice":"Card Removal","floor":4.0,"gold_loss":50.0,"damage_taken":0.0},{"damage_healed":0.0,"max_hp_gain":0.0,"max_hp_loss":0.0,"gold_gain":0.0,"event_name":"Dead Adventurer","player_choice":"Searched \u00271\u0027 times","floor":14.0,"gold_loss":0.0,"damage_taken":0.0},{"damage_healed":0.0,"max_hp_gain":0.0,"max_hp_loss":0.0,"gold_gain":0.0,"event_name":"Ghosts","player_choice":"Ignored","floor":19.0,"gold_loss":0.0,"damage_taken":0.0},{"damage_healed":0.0,"max_hp_gain":0.0,"max_hp_loss":0.0,"gold_gain":0.0,"event_name":"The Woman in Blue","player_choice":"Bought 0 Potions","floor":21.0,"gold_loss":0.0,"damage_taken":0.0},{"damage_healed":0.0,"max_hp_gain":0.0,"max_hp_loss":0.0,"gold_gain":99.0,"event_name":"Nest","player_choice":"Stole From Cult","floor":24.0,"gold_loss":0.0,"damage_taken":0.0},{"damage_healed":0.0,"max_hp_gain":0.0,"max_hp_loss":0.0,"gold_gain":0.0,"event_name":"Drug Dealer","player_choice":"Inject Mutagens","floor":25.0,"gold_loss":0.0,"damage_taken":0.0,"relics_obtained":["MutagenicStrength"]},{"damage_healed":0.0,"max_hp_gain":0.0,"max_hp_loss":0.0,"gold_gain":0.0,"event_name":"Addict","player_choice":"Obtained Relic","floor":31.0,"gold_loss":85.0,"damage_taken":0.0,"relics_obtained":["Regal Pillow"]},{"cards_removed":["Compile Driver"],"damage_healed":0.0,"max_hp_gain":0.0,"max_hp_loss":0.0,"gold_gain":0.0,"event_name":"Falling","player_choice":"Removed Attack","floor":36.0,"gold_loss":0.0,"damage_taken":0.0},{"damage_healed":0.0,"max_hp_gain":0.0,"max_hp_loss":0.0,"gold_gain":0.0,"event_name":"Tomb of Lord Red Mask","player_choice":"Ignored","floor":38.0,"gold_loss":0.0,"damage_taken":0.0},{"damage_healed":0,"gold_gain":0,"player_choice":"Memory 2","damage_taken":5,"max_hp_gain":0,"max_hp_loss":0,"event_name":"SensoryStone","floor":39,"gold_loss":0},{"damage_healed":0,"gold_gain":0,"player_choice":"Fight","damage_taken":0,"max_hp_gain":0,"max_hp_loss":0,"event_name":"MindBloom","floor":41,"gold_loss":0}],"is_beta":false,"boss_relics":[{"not_picked":["Pandora\u0027s Box","Orrery"],"picked":"Eternal Feather"},{"not_picked":["Fusion Hammer","Runic Dome"],"picked":"White Beast Statue"}],"items_purged_floors":[10,20,29],"is_endless":false,"potions_floor_spawned":[1,5,11,13,14,35,41,45,47,48],"ascension_level":2}