{"gold_per_floor":[210,224,237,187,206,206,216,216,216,216,106,106,116,38,38,134,134,152,165,40,60,60,60,60,73,103,123,134,134,84,84,84,183,183,193,207,166,183,183,183,193,193,218,218,164,164,164,184,184,184],"floor_reached":51,"playtime":4486,"items_purged":["Strike_G"],"score":702,"play_id":"630a2c3a-42cf-4f9e-b375-9b9933613028","local_time":"20180701110746","is_ascension_mode":true,"campfire_choices":[{"data":"Footwork","floor":6.0,"key":"SMITH"},{"data":"Sucker Punch","floor":8.0,"key":"SMITH"},{"data":"Neutralize","floor":10.0,"key":"SMITH"},{"data":"Predator","floor":12.0,"key":"SMITH"},{"floor":15.0,"key":"REST"},{"floor":24.0,"key":"REST"},{"floor":29.0,"key":"REST"},{"floor":32.0,"key":"REST"},{"floor":40.0,"key":"REST"},{"floor":42.0,"key":"REST"},{"data":"Malaise","floor":44.0,"key":"SMITH"},{"data":"Malaise","floor":47.0,"key":"SMITH"},{"data":"Catalyst","floor":49.0,"key":"SMITH"}],"neow_cost":"","seed_source_timestamp":1064738946255651,"circlet_count":0,"master_deck":["Survivor","Neutralize+1","Backflip","Footwork+1","Predator+1","Sucker Punch+1","Noxious Fumes+1","Malaise+1","Malaise+1","Glass Knife","Dagger Throw","Poisoned Stab","Catalyst+1","Underhanded Strike","Footwork+1","Poisoned Stab","Leg Sweep+1","Deflect","Bane","Dodge and Roll+1","Noxious Fumes+1","Caltrops+1","Bane+1","Bane","Footwork+1","Bouncing Flask","Backflip","Footwork+1","Dodge and Roll","Footwork+1","Backflip","Flying Knee"],"special_seed":0,"relics":["Ring of the Snake","Frozen Egg 2","Pandora\u0027s Box","Tiny Chest","Sozu","War Paint","Calipers"],"potions_floor_usage":[50],"damage_taken":[{"damage":0.0,"enemies":"Small Slimes","floor":1.0,"turns":4.0},{"damage":4.0,"enemies":"Cultist","floor":2.0,"turns":5.0},{"damage":2.0,"enemies":"Jaw Worm","floor":3.0,"turns":5.0},{"damage":0.0,"enemies":"Looter","floor":5.0,"turns":5.0},{"damage":4.0,"enemies":"2 Fungi Beasts","floor":7.0,"turns":4.0},{"damage":16.0,"enemies":"Gremlin Gang","floor":13.0,"turns":5.0},{"damage":9.0,"enemies":"The Guardian","floor":16.0,"turns":11.0},{"damage":0.0,"enemies":"3 Byrds","floor":18.0,"turns":5.0},{"damage":4.0,"enemies":"Spheric Guardian","floor":19.0,"turns":5.0},{"damage":53.0,"enemies":"Cultist and Chosen","floor":21.0,"turns":7.0},{"damage":22.0,"enemies":"Snake Plant","floor":25.0,"turns":6.0},{"damage":6.0,"enemies":"Snecko","floor":27.0,"turns":5.0},{"damage":22.0,"enemies":"Chosen and Byrds","floor":28.0,"turns":6.0},{"damage":34.0,"enemies":"Champ","floor":33.0,"turns":13.0},{"damage":0.0,"enemies":"3 Shapes","floor":35.0,"turns":6.0},{"damage":0.0,"enemies":"Orb Walker","floor":36.0,"turns":3.0},{"damage":30.0,"enemies":"Sphere and 2 Shapes","floor":38.0,"turns":6.0},{"damage":18.0,"enemies":"3 Darklings","floor":41.0,"turns":8.0},{"damage":1.0,"floor":46.0,"turns":8.0},{"damage":0.0,"enemies":"Maw","floor":48.0,"turns":8.0},{"damage":28,"enemies":"Donu and Deca","floor":50,"turns":12}],"seed_played":"4859058063080977549","potions_obtained":[{"floor":1.0,"key":"Regen Potion"},{"floor":7.0,"key":"Explosive Potion"},{"floor":16.0,"key":"Block Potion"},{"floor":22.0,"key":"Dexterity Potion"},{"floor":22.0,"key":"FairyPotion"},{"floor":22.0,"key":"Strength Potion"},{"floor":27.0,"key":"EssenceOfSteel"},{"floor":28.0,"key":"Energy Potion"},{"floor":33.0,"key":"SteroidPotion"}],"is_trial":false,"path_per_floor":["M","M","M","?","M","R","M","R","T","R","$","R","M","$","R","B",null,"M","M","$","M","?","?","R","M","T","M","M","R","?","?","R","B",null,"M","M","$","M","?","R","M","R","T","R","$","?","R","M","R","B"],"character_chosen":"THE_SILENT","items_purchased":["Noxious Fumes+1","Malaise","Dodge and Roll","Noxious Fumes+1","Footwork+1","Backflip"],"campfire_rested":6,"item_purchase_floors":[],"current_hp_per_floor":[70,66,64,64,64,64,60,60,60,60,60,60,44,44,65,56,70,70,66,66,26,26,26,47,25,25,19,7,28,28,28,49,15,70,70,70,70,40,40,61,43,64,64,64,64,63,63,63,63,35],"gold":184,"neow_bonus":"","is_prod":false,"is_daily":false,"chose_seed":false,"campfire_upgraded":7,"win_rate":0,"timestamp":1530439666,"path_taken":["M","M","M","?","M","R","M","R","T","R","$","R","M","$","R","BOSS","M","M","$","M","?","?","R","M","T","M","?","R","?","?","R","BOSS","M","M","$","M","?","R","?","R","T","R","$","?","R","M","R","BOSS"],"build_version":"2018-06-28","purchased_purges":1,"victory":true,"max_hp_per_floor":[70,70,70,70,70,70,70,70,70,70,70,70,70,70,70,70,70,70,70,70,70,70,70,70,70,70,70,70,70,70,70,70,70,70,70,70,70,70,70,70,70,70,70,70,70,70,70,70,70,70],"card_choices":[{"not_picked":["Prepared","Slice"],"picked":"Backflip","floor":1.0},{"not_picked":["Deadly Poison","Bane","Acrobatics"],"picked":"SKIP","floor":2.0},{"not_picked":["Acrobatics","Calculated Gamble"],"picked":"Footwork","floor":3.0},{"not_picked":["Deadly Poison","Dagger Throw"],"picked":"Predator","floor":5.0},{"not_picked":["Masterful Stab","Finisher"],"picked":"Sucker Punch","floor":7.0},{"not_picked":["Deflect","Underhanded Strike"],"picked":"Malaise","floor":13.0},{"not_picked":["Tactician","Die Die Die"],"picked":"Glass Knife","floor":16.0},{"not_picked":["Sucker Punch","Slice"],"picked":"Deflect","floor":18.0},{"not_picked":["PiercingWail","Concentrate"],"picked":"Bane","floor":19.0},{"not_picked":["Flechettes+1","Reflex"],"picked":"Caltrops+1","floor":21.0},{"not_picked":["Outmaneuver","All Out Attack+1"],"picked":"Bane+1","floor":25.0},{"not_picked":["Flechettes","Dash+1"],"picked":"Bane","floor":27.0},{"not_picked":["Caltrops+1","Calculated Gamble"],"picked":"Footwork+1","floor":28.0},{"not_picked":["Acrobatics+1","Slice"],"picked":"Bouncing Flask","floor":35.0},{"not_picked":["Outmaneuver","Deadly Poison"],"picked":"Backflip","floor":36.0},{"not_picked":["Prepared","Sucker Punch"],"picked":"Dodge and Roll","floor":38.0},{"not_picked":["Heel Hook+1","Flying Knee+1"],"picked":"Footwork+1","floor":41.0},{"not_picked":["Prepared+1","Dagger Spray+1"],"picked":"Flying Knee","floor":48.0}],"player_experience":260419,"relics_obtained":[{"floor":9.0,"key":"Frozen Egg 2"},{"floor":26.0,"key":"Tiny Chest"},{"floor":43.0,"key":"War Paint"},{"floor":46.0,"key":"Calipers"}],"event_choices":[{"event_name":"The Cleric","player_choice":"Card Removal","floor":4.0,"damage_taken":0.0},{"event_name":"The Lab","player_choice":"Got Potions","floor":22.0,"damage_taken":0.0},{"event_name":"Addict","player_choice":"Ignored","floor":23.0,"damage_taken":0.0},{"event_name":"The Joust","player_choice":"Bet on Owner","floor":30.0,"damage_taken":0.0},{"event_name":"Back to Basics","player_choice":"Elegance","floor":31.0,"damage_taken":0.0},{"event_name":"Mysterious Sphere","player_choice":"Ignore","floor":39.0,"damage_taken":0.0},{"event_name":"MindBloom","player_choice":"Fight","floor":46.0,"damage_taken":0.0}],"boss_relics":[{"not_picked":["Runic Pyramid","Coffee Dripper"],"picked":"Pandora\u0027s Box"},{"not_picked":["Empty Cage","Lizard Tail"],"picked":"Sozu"}],"items_purged_floors":[],"is_endless":false,"potions_floor_spawned":[1,7,16,25,27,28,33,35,41],"ascension_level":3}