{"path_per_floor":["M","M","M","?","?","R","?","$","T","M","M","M"],"character_chosen":"IRONCLAD","items_purchased":["Whirlwind","True Grit"],"gold_per_floor":[109,124,138,138,138,138,138,52,52,64,83,94,94],"floor_reached":13,"campfire_rested":1,"playtime":872,"item_purchase_floors":[8,8],"current_hp_per_floor":[80,80,80,80,68,80,80,80,80,73,62,57,0],"items_purged":[],"gold":94,"score":77,"play_id":"c3d2b2f8-ace2-4e91-b674-b22b6ceae7e8","local_time":"20180616124936","is_prod":false,"is_daily":false,"chose_seed":false,"is_ascension_mode":false,"campfire_upgraded":0,"win_rate":0.0,"timestamp":1529149776,"campfire_choices":[{"floor":6,"key":"REST"}],"path_taken":["M","?","M","?","?","R","?","?","T","M","?","M","E"],"build_version":"2018-06-14v2","seed_source_timestamp":150249352147833,"purchased_purges":0,"victory":false,"master_deck":["Strike_R","Strike_R","Strike_R","Strike_R","Strike_R","Defend_R","Defend_R+1","Defend_R+1","Defend_R","Bash","Corruption","Intimidate","Reckless Charge","Bludgeon","Whirlwind","True Grit","Carnage","Entrench","Cleave"],"max_hp_per_floor":[80,80,80,80,80,80,80,80,80,80,80,80,80],"relics":["Burning Blood","Dream Catcher","Mummified Hand"],"card_choices":[{"not_picked":["Clash","Headbutt"],"picked":"Corruption","floor":1},{"not_picked":["Anger","Clothesline"],"picked":"Intimidate","floor":2},{"not_picked":["Metallicize","Cleave"],"picked":"Reckless Charge","floor":3},{"not_picked":["Iron Wave","True Grit"],"picked":"Bludgeon","floor":6},{"not_picked":["Armaments","Feel No Pain"],"picked":"Carnage","floor":10},{"not_picked":["Iron Wave","Pommel Strike"],"picked":"Entrench","floor":11},{"not_picked":["Warcry","Bloodletting"],"picked":"Cleave","floor":12}],"player_experience":8562,"potions_floor_usage":[],"damage_taken":[{"damage":2,"enemies":"Cultist","floor":1,"turns":6},{"damage":6,"enemies":"Jaw Worm","floor":2,"turns":5},{"damage":0,"enemies":"2 Louse","floor":3,"turns":5},{"damage":13,"enemies":"2 Fungi Beasts","floor":10,"turns":4},{"damage":17,"enemies":"Exordium Wildlife","floor":11,"turns":6},{"damage":11,"enemies":"Blue Slaver","floor":12,"turns":4},{"damage":59,"enemies":"Gremlin Nob","floor":13,"turns":5}],"relics_obtained":[{"floor":9,"key":"Mummified Hand"}],"event_choices":[{"event_name":"Shining Light","player_choice":"Ignored","floor":4,"damage_taken":0},{"event_name":"Scrap Ooze","player_choice":"success","floor":5,"damage_taken":12},{"event_name":"Living Wall","player_choice":"Grow","floor":7,"damage_taken":0}],"boss_relics":[],"items_purged_floors":[],"is_endless":false,"potions_floor_spawned":[3,11,12],"seed_played":"7379118974048039399","killed_by":"Gremlin Nob","ascension_level":0,"potions_obtained":[{"floor":3,"key":"Regen Potion"},{"floor":11,"key":"Ancient Potion"},{"floor":12,"key":"SmokeBomb"}],"is_trial":false}