{"gold_per_floor":[116,130,141,141,141,141,182,182,260,118,134,154,104,140,140,264,264,285,306,405,405,405,448,468,468,543,561,210,210,229,104,104,225,225,241,265,280,280,295,295,339,358,358,378,35,76,76,0,0,0],"floor_reached":51,"playtime":3721,"items_purged":["Strike_B","Pain","Strike_B","Clumsy"],"score":721,"play_id":"0928b1fe-f63f-4ae1-abf7-669528eaba5b","local_time":"20190813194831","is_ascension_mode":true,"campfire_choices":[{"floor":6,"key":"REST"},{"data":"Machine Learning","floor":8,"key":"SMITH"},{"data":"Coolheaded","floor":15,"key":"SMITH"},{"data":"Loop","floor":25,"key":"SMITH"},{"data":"Zap","floor":29,"key":"SMITH"},{"floor":32,"key":"REST"},{"data":"Echo Form","floor":40,"key":"SMITH"},{"floor":47,"key":"REST"},{"floor":49,"key":"REST"}],"neow_cost":"NONE","seed_source_timestamp":594786248442005,"circlet_count":0,"master_deck":["Defend_B","Defend_B","Defend_B","Defend_B","Zap+1","Dualcast","Ball Lightning","Cold Snap","Leap","Machine Learning+1","Sunder+1","Barrage+1","Gash+1","Coolheaded+1","All For One+1","Loop+1","Blizzard+1","Go for the Eyes+1","Conserve Battery","Echo Form+1","Glacier","Gash+1","FTL+1","Gash+1"],"relics":["Cracked Core","Blood Vial","Potion Belt","Golden Idol","Molten Egg 2","Pear","Bottled Tornado","Cursed Key","Nilry\u0027s Codex","CultistMask","Bag of Preparation","Ornamental Fan","Mercury Hourglass","Orrery","PreservedInsect","Darkstone Periapt","Regal Pillow","Orichalcum","Red Mask"],"potions_floor_usage":[33,41,41,50,50,50,50,50,50,50,50,50],"damage_taken":[{"damage":1,"enemies":"Cultist","floor":1,"turns":4},{"damage":2,"enemies":"2 Louse","floor":2,"turns":3},{"damage":5,"enemies":"Small Slimes","floor":3,"turns":4},{"damage":16,"enemies":"Gremlin Nob","floor":7,"turns":4},{"damage":0,"enemies":"3 Louse","floor":11,"turns":4},{"damage":0,"enemies":"Exordium Wildlife","floor":12,"turns":2},{"damage":13,"enemies":"Lagavulin","floor":14,"turns":5},{"damage":12,"enemies":"Slime Boss","floor":16,"turns":8},{"damage":10,"enemies":"Chosen","floor":18,"turns":4},{"damage":1,"enemies":"Spheric Guardian","floor":19,"turns":3},{"damage":2,"enemies":"Gremlin Leader","floor":23,"turns":8},{"damage":0,"enemies":"3 Cultists","floor":24,"turns":4},{"damage":10,"enemies":"Shelled Parasite and Fungi","floor":27,"turns":4},{"damage":0,"enemies":"Snecko","floor":30,"turns":3},{"damage":17,"enemies":"Champ","floor":33,"turns":10},{"damage":0,"enemies":"Orb Walker","floor":35,"turns":3},{"damage":0,"enemies":"3 Shapes","floor":36,"turns":2},{"damage":10,"enemies":"Maw","floor":37,"turns":7},{"damage":3,"enemies":"Sphere and 2 Shapes","floor":39,"turns":5},{"damage":45,"enemies":"Reptomancer","floor":41,"turns":7},{"damage":3,"enemies":"3 Darklings","floor":42,"turns":5},{"damage":6,"enemies":"Spire Growth","floor":44,"turns":5},{"damage":14,"enemies":"Nemesis","floor":46,"turns":7},{"damage":16,"enemies":"Awakened One","floor":50,"turns":9}],"seed_played":"-3682321889844035680","potions_obtained":[{"floor":2,"key":"Fire Potion"},{"floor":7,"key":"Dexterity Potion"},{"floor":14,"key":"SpeedPotion"},{"floor":16,"key":"EntropicBrew"},{"floor":23,"key":"Weak Potion"},{"floor":30,"key":"GamblersBrew"},{"floor":37,"key":"Strength Potion"},{"floor":41,"key":"SteroidPotion"},{"floor":42,"key":"Swift Potion"}],"is_trial":false,"path_per_floor":["M","M","M","?","?","R","E","R","T","$","M","M","?","E","R","B",null,"M","M","?","?","?","E","M","R","T","M","$","R","M","$","R","B",null,"M","M","M","?","M","R","E","M","T","M","$","E","R","?","R","B",null],"character_chosen":"DEFECT","items_purchased":["Sunder+1","Mercury Hourglass","Gash+1","Regal Pillow"],"campfire_rested":4,"item_purchase_floors":[10,28,45,45],"current_hp_per_floor":[74,73,70,58,40,62,48,48,58,58,60,62,62,51,51,41,85,75,76,76,60,60,60,62,62,62,54,54,54,56,56,81,66,85,85,85,75,75,74,74,31,30,30,26,26,14,54,54,85,69],"gold":0,"neow_bonus":"RANDOM_COMMON_RELIC","is_prod":false,"is_daily":false,"chose_seed":false,"campfire_upgraded":5,"win_rate":0,"timestamp":1565718511,"path_taken":["M","M","?","?","?","R","E","R","T","$","M","M","?","E","R","BOSS","M","M","?","?","?","E","M","R","T","?","?","R","M","$","R","BOSS","M","M","?","?","?","R","E","M","T","M","$","E","R","?","R","BOSS"],"build_version":"2019-07-17","purchased_purges":4,"victory":true,"max_hp_per_floor":[75,75,75,75,75,75,75,75,85,85,85,85,85,85,85,85,85,85,85,85,85,85,85,85,85,85,85,85,85,85,85,85,85,85,85,85,85,85,85,85,85,85,85,85,85,85,85,85,85,85],"card_choices":[{"not_picked":["Stack","Fusion"],"picked":"Ball Lightning","floor":1},{"not_picked":["Compile Driver","Turbo"],"picked":"Cold Snap","floor":2},{"not_picked":["Consume","Reinforced Body"],"picked":"Leap","floor":3},{"not_picked":["Barrage","Blizzard"],"picked":"Machine Learning","floor":7},{"not_picked":["Self Repair","Steam"],"picked":"Barrage+1","floor":11},{"not_picked":["Tempest","Redo"],"picked":"Gash+1","floor":12},{"not_picked":["Compile Driver+1","Barrage+1"],"picked":"Coolheaded","floor":14},{"not_picked":["Electrodynamics","Buffer"],"picked":"All For One+1","floor":16},{"not_picked":["Coolheaded","Turbo","Capacitor"],"picked":"SKIP","floor":18},{"not_picked":["Stack+1","Force Field+1"],"picked":"Loop","floor":19},{"not_picked":["Sunder+1","Meteor Strike+1"],"picked":"Blizzard+1","floor":23},{"not_picked":["Sweeping Beam+1","Beam Cell+1"],"picked":"Go for the Eyes+1","floor":24},{"not_picked":["Turbo","Redo","Compile Driver+1"],"picked":"SKIP","floor":27},{"not_picked":["Coolheaded","Consume+1"],"picked":"Conserve Battery","floor":30},{"not_picked":["Electrodynamics","Multi-Cast"],"picked":"Echo Form","floor":33},{"not_picked":["Compile Driver+1","Cold Snap+1"],"picked":"Glacier","floor":34},{"not_picked":["Fission","Skim"],"picked":"Gash+1","floor":34},{"not_picked":["Coolheaded","Stack"],"picked":"FTL+1","floor":34},{"not_picked":["Blizzard+1","Ball Lightning+1","Sweeping Beam+1"],"picked":"SKIP","floor":35},{"not_picked":["Blizzard+1","Ball Lightning+1","Sweeping Beam+1"],"picked":"SKIP","floor":35},{"not_picked":["Turbo","Doom and Gloom+1","Barrage+1"],"picked":"SKIP","floor":36},{"not_picked":["Turbo","Coolheaded+1","Barrage+1"],"picked":"SKIP","floor":37},{"not_picked":["Compile Driver+1","Sweeping Beam+1","Static Discharge+1"],"picked":"SKIP","floor":39},{"not_picked":["Buffer","Steam+1","Streamline+1"],"picked":"SKIP","floor":41},{"not_picked":["Ball Lightning+1","Heatsinks+1","Hologram"],"picked":"SKIP","floor":42},{"not_picked":["Static Discharge+1","Compile Driver+1","Hologram+1"],"picked":"SKIP","floor":44},{"not_picked":["Darkness","Reinforced Body","Thunder Strike+1"],"picked":"SKIP","floor":46}],"player_experience":91065,"relics_obtained":[{"floor":7,"key":"Molten Egg 2"},{"floor":9,"key":"Pear"},{"floor":14,"key":"Bottled Tornado"},{"floor":21,"key":"Nilry\u0027s Codex"},{"floor":23,"key":"Bag of Preparation"},{"floor":26,"key":"Ornamental Fan"},{"floor":41,"key":"PreservedInsect"},{"floor":43,"key":"Darkstone Periapt"},{"floor":46,"key":"Orichalcum"}],"event_choices":[{"damage_healed":0,"gold_gain":0,"player_choice":"Success","damage_taken":12,"relics_obtained":["Potion Belt"],"max_hp_gain":0,"max_hp_loss":0,"event_name":"Scrap Ooze","floor":4,"gold_loss":0},{"damage_healed":0,"gold_gain":0,"player_choice":"Take Damage","damage_taken":18,"relics_obtained":["Golden Idol"],"max_hp_gain":0,"max_hp_loss":0,"event_name":"Golden Idol","floor":5,"gold_loss":0},{"cards_removed":["Strike_B"],"damage_healed":0,"gold_gain":0,"player_choice":"Card Removal","damage_taken":0,"max_hp_gain":0,"max_hp_loss":0,"event_name":"The Cleric","floor":13,"gold_loss":50},{"damage_healed":0,"gold_gain":99,"player_choice":"Stole From Cult","damage_taken":0,"max_hp_gain":0,"max_hp_loss":0,"event_name":"Nest","floor":20,"gold_loss":0},{"damage_healed":0,"gold_gain":0,"player_choice":"Obtained Book","damage_taken":16,"max_hp_gain":0,"max_hp_loss":0,"event_name":"Cursed Tome","floor":21,"gold_loss":0},{"damage_healed":0,"gold_gain":0,"player_choice":"Trade","damage_taken":0,"relics_obtained":["CultistMask"],"max_hp_gain":0,"max_hp_loss":0,"event_name":"FaceTrader","floor":22,"gold_loss":0},{"cards_removed":["Strike_B"],"damage_healed":0,"gold_gain":0,"player_choice":"Purged","damage_taken":0,"max_hp_gain":0,"max_hp_loss":0,"event_name":"Purifier","floor":38,"gold_loss":0},{"damage_healed":0,"gold_gain":0,"player_choice":"Paid","damage_taken":0,"relics_obtained":["Red Mask"],"max_hp_gain":0,"max_hp_loss":0,"event_name":"Tomb of Lord Red Mask","floor":48,"gold_loss":76}],"is_beta":false,"boss_relics":[{"not_picked":["White Beast Statue","Sozu"],"picked":"Cursed Key"},{"not_picked":["Philosopher\u0027s Stone","Calling Bell"],"picked":"Orrery"}],"items_purged_floors":[10,28,31,45],"is_endless":false,"potions_floor_spawned":[2,7,14,16,23,24,30,37,39,41,42],"ascension_level":1}