{"gold_per_floor":[112,26,26,26,45,45,78,97,97,112,112],"floor_reached":11,"playtime":351,"items_purged":[],"score":113,"play_id":"61e2bcc3-df4c-4cda-bec9-0d5ed5da7fa6","local_time":"20190809144050","is_ascension_mode":true,"campfire_choices":[{"data":"Bash","floor":6,"key":"SMITH"}],"neow_cost":"NONE","seed_source_timestamp":399139605942500,"circlet_count":0,"master_deck":["AscendersBane","Strike_R","Strike_R","Strike_R","Strike_R","Defend_R","Defend_R","Defend_R","Defend_R","Bash+1","Reaper","Pommel Strike","Shrug It Off","Whirlwind","Shrug It Off","Spot Weakness","Pummel"],"relics":["Burning Blood","Dream Catcher","Shuriken"],"potions_floor_usage":[10,11],"damage_taken":[{"damage":10,"enemies":"Small Slimes","floor":1,"turns":4},{"damage":14,"enemies":"Jaw Worm","floor":5,"turns":4},{"damage":78,"enemies":"Lagavulin","floor":7,"turns":10},{"damage":6,"enemies":"2 Louse","floor":8,"turns":3},{"damage":7,"enemies":"Looter","floor":10,"turns":4},{"damage":19,"enemies":"Large Slime","floor":11,"turns":5}],"seed_played":"395163794541015397","potions_obtained":[{"floor":8,"key":"SkillPotion"},{"floor":10,"key":"Weak Potion"}],"is_trial":false,"path_per_floor":["M","$","?","?","M","R","E","M","T","M","M"],"character_chosen":"IRONCLAD","items_purchased":["Shrug It Off","Whirlwind"],"campfire_rested":0,"item_purchase_floors":[2,2],"current_hp_per_floor":[76,76,76,81,79,79,7,15,15,14,0],"gold":112,"neow_bonus":"ONE_RANDOM_RARE_CARD","is_prod":false,"is_daily":false,"chose_seed":false,"campfire_upgraded":1,"win_rate":0,"timestamp":1565376050,"path_taken":["M","$","?","?","M","R","E","M","T","M","?"],"build_version":"2019-07-17","purchased_purges":0,"victory":false,"max_hp_per_floor":[80,80,80,85,85,85,85,85,85,85,85],"card_choices":[{"not_picked":["Fire Breathing","Sword Boomerang"],"picked":"Pommel Strike","floor":1},{"not_picked":["Thunderclap","Flex"],"picked":"Shrug It Off","floor":5},{"not_picked":["Feel No Pain","Sword Boomerang"],"picked":"Spot Weakness","floor":7},{"not_picked":["Body Slam","Pommel Strike","Headbutt"],"picked":"SKIP","floor":8},{"not_picked":["Clothesline","Dropkick"],"picked":"Pummel","floor":10}],"player_experience":680505,"relics_obtained":[{"floor":7,"key":"Dream Catcher"},{"floor":9,"key":"Shuriken"}],"event_choices":[{"cards_removed":["Strike_R"],"damage_healed":0,"gold_gain":0,"player_choice":"Forget","damage_taken":0,"max_hp_gain":0,"max_hp_loss":0,"event_name":"Living Wall","floor":3,"gold_loss":0},{"damage_healed":0,"gold_gain":0,"player_choice":"Donut","damage_taken":0,"max_hp_gain":5,"max_hp_loss":0,"event_name":"Big Fish","floor":4,"gold_loss":0}],"is_beta":false,"boss_relics":[],"items_purged_floors":[],"is_endless":false,"potions_floor_spawned":[8,10],"killed_by":"Large Slime","ascension_level":11}