{"gold_per_floor":[16,16,34,51,71,99,112,112,112,112,153,2,2,67,67,67],"floor_reached":16,"playtime":605,"items_purged":["Strike_R"],"score":165,"play_id":"89d51515-e9b2-4244-a25f-de8ced843731","local_time":"20190801172415","is_ascension_mode":true,"campfire_choices":[{"data":"Uppercut","floor":8,"key":"SMITH"},{"data":"Feed","floor":13,"key":"SMITH"},{"data":"Clothesline","floor":15,"key":"SMITH"}],"neow_cost":"NO_GOLD","seed_source_timestamp":960461422227500,"circlet_count":0,"master_deck":["AscendersBane","Strike_R","Defend_R","Defend_R","Defend_R","Defend_R","Bash","Combust","Double Tap","Iron Wave","Feed+1","Spot Weakness","Clothesline+1","Uppercut+1","Feel No Pain"],"relics":["Burning Blood","Mercury Hourglass","Charon\u0027s Ashes","Golden Idol","Prayer Wheel"],"potions_floor_usage":[6,11,16],"damage_taken":[{"damage":2,"enemies":"Small Slimes","floor":1,"turns":4},{"damage":5,"enemies":"Cultist","floor":3,"turns":5},{"damage":4,"enemies":"2 Louse","floor":4,"turns":4},{"damage":1,"enemies":"Looter","floor":5,"turns":4},{"damage":45,"enemies":"Lagavulin","floor":6,"turns":9},{"damage":18,"enemies":"Exordium Wildlife","floor":7,"turns":4},{"damage":14,"enemies":"Gremlin Nob","floor":11,"turns":3},{"damage":36,"enemies":"Hexaghost","floor":16,"turns":11}],"seed_played":"-8488860477782671877","potions_obtained":[{"floor":5,"key":"SteroidPotion"},{"floor":7,"key":"Poison Potion"},{"floor":11,"key":"Dexterity Potion"}],"is_trial":false,"path_per_floor":["M","?","M","M","M","E","M","R","T","?","E","$","R","?","R","B"],"character_chosen":"IRONCLAD","items_purchased":["Feel No Pain"],"campfire_rested":0,"item_purchase_floors":[12],"current_hp_per_floor":[76,76,77,82,86,50,41,41,41,41,33,33,33,33,33,0],"gold":67,"neow_bonus":"TRANSFORM_TWO_CARDS","is_prod":false,"is_daily":false,"chose_seed":false,"campfire_upgraded":3,"win_rate":0,"timestamp":1564694655,"path_taken":["M","?","M","M","?","E","M","R","T","?","E","$","R","?","R","BOSS"],"build_version":"2019-07-17","purchased_purges":1,"victory":false,"max_hp_per_floor":[80,80,80,83,86,89,92,92,92,85,85,85,85,85,85,85],"card_choices":[{"not_picked":["Thunderclap","Perfected Strike"],"picked":"Iron Wave","floor":1},{"not_picked":["Rupture","Perfected Strike"],"picked":"Feed","floor":3},{"not_picked":["Armaments","Heavy Blade"],"picked":"Spot Weakness","floor":4},{"not_picked":["Wild Strike","Flex","Cleave"],"picked":"SKIP","floor":5},{"not_picked":["Headbutt","Juggernaut"],"picked":"Clothesline","floor":6},{"not_picked":["Bloodletting","Seeing Red"],"picked":"Uppercut","floor":7},{"not_picked":["Pommel Strike","Perfected Strike","Exhume"],"picked":"SKIP","floor":11}],"player_experience":614114,"relics_obtained":[{"floor":6,"key":"Mercury Hourglass"},{"floor":9,"key":"Charon\u0027s Ashes"},{"floor":11,"key":"Prayer Wheel"}],"event_choices":[{"cards_removed":["Strike_R"],"damage_healed":0,"gold_gain":0,"player_choice":"Offered Basic","damage_taken":0,"max_hp_gain":0,"max_hp_loss":0,"event_name":"Bonfire Elementals","floor":2,"gold_loss":0},{"damage_healed":0,"gold_gain":0,"player_choice":"Lose Max HP","damage_taken":0,"relics_obtained":["Golden Idol"],"max_hp_gain":0,"max_hp_loss":7,"event_name":"Golden Idol","floor":10,"gold_loss":0},{"damage_healed":0,"gold_gain":65,"player_choice":"Gained Gold","damage_taken":0,"max_hp_gain":0,"max_hp_loss":0,"event_name":"Golden Wing","floor":14,"gold_loss":0}],"is_beta":false,"boss_relics":[],"items_purged_floors":[12],"is_endless":false,"potions_floor_spawned":[5,7,11],"killed_by":"Hexaghost","ascension_level":10}