{"gold_per_floor":[14,14,32,49,49,384,559,594,665,472,472],"floor_reached":11,"playtime":450,"items_purged":["Doubt"],"score":97,"play_id":"27bfafda-fff9-4500-b978-941a326580a0","local_time":"20190715124803","is_ascension_mode":true,"campfire_choices":[],"neow_cost":"NO_GOLD","seed_source_timestamp":228092879623300,"circlet_count":0,"master_deck":["Strike_R+1","Strike_R","Strike_R","Defend_R","Defend_R","Defend_R","Defend_R+1","Bash+1","Metallicize","Armaments+1","Hemokinesis","Body Slam","Clothesline","Entrench"],"relics":["Burning Blood","Old Coin","Whetstone","Letter Opener"],"potions_floor_usage":[6,8,11],"damage_taken":[{"damage":5,"enemies":"Small Slimes","floor":1,"turns":4},{"damage":1,"enemies":"Cultist","floor":3,"turns":3},{"damage":5,"enemies":"Jaw Worm","floor":4,"turns":6},{"damage":30,"enemies":"Lagavulin","floor":6,"turns":10},{"damage":29,"enemies":"Gremlin Nob","floor":8,"turns":4},{"damage":24,"enemies":"3 Sentries","floor":11,"turns":4}],"seed_played":"7660560405468795383","potions_obtained":[{"floor":3,"key":"EssenceOfSteel"},{"floor":4,"key":"Strength Potion"},{"floor":8,"key":"LiquidBronze"}],"is_trial":false,"path_per_floor":["M","?","M","M","?","E","?","E","T","$","E"],"character_chosen":"IRONCLAD","items_purchased":["Clothesline","Entrench"],"campfire_rested":0,"item_purchase_floors":[10,10],"current_hp_per_floor":[80,80,80,80,64,40,40,17,17,17,0],"gold":472,"neow_bonus":"REMOVE_TWO","is_prod":false,"is_daily":false,"chose_seed":false,"campfire_upgraded":0,"win_rate":0,"timestamp":1563209283,"path_taken":["M","?","M","?","?","E","?","E","T","$","E"],"build_version":"2019-07-05","purchased_purges":1,"victory":false,"max_hp_per_floor":[80,80,80,80,80,80,80,80,80,80,80],"card_choices":[{"not_picked":["True Grit","Clash"],"picked":"Rupture","floor":1},{"not_picked":["Twin Strike","Heavy Blade"],"picked":"Metallicize","floor":3},{"not_picked":["Clash","Thunderclap"],"picked":"Armaments","floor":4},{"not_picked":["Havoc","Cleave"],"picked":"Hemokinesis","floor":6},{"not_picked":["Clothesline","Carnage"],"picked":"Body Slam","floor":8}],"player_experience":352511,"relics_obtained":[{"floor":6,"key":"Old Coin"},{"floor":8,"key":"Whetstone"},{"floor":9,"key":"Letter Opener"}],"event_choices":[{"cards_removed":["Rupture"],"damage_healed":0,"gold_gain":0,"player_choice":"Offered Uncommon","damage_taken":0,"max_hp_gain":0,"max_hp_loss":0,"event_name":"Bonfire Elementals","floor":2,"gold_loss":0},{"damage_healed":0,"gold_gain":0,"player_choice":"Entered Light","damage_taken":16,"max_hp_gain":0,"max_hp_loss":0,"event_name":"Shining Light","floor":5,"gold_loss":0,"cards_upgraded":["Armaments","Defend_R"]},{"damage_healed":0,"gold_gain":175,"player_choice":"AGREE","damage_taken":0,"max_hp_gain":0,"max_hp_loss":0,"event_name":"Liars Game","floor":7,"gold_loss":0,"cards_obtained":["Doubt"]}],"is_beta":false,"boss_relics":[],"items_purged_floors":[10],"is_endless":false,"potions_floor_spawned":[3,4,8],"killed_by":"3 Sentries","ascension_level":4}