{"gold_per_floor":[112,78,89,64,64,64,64,64,89,99,109,109,61,75,75,172,172,127,127,127,127,127,127,127,127,127,127,52,52,52,52,52,52,52,52,52,52,52,52,52,52,52,52,52,52,52,52,52,52,52],"floor_reached":50,"playtime":5002,"items_purged":["Strike_R"],"score":527,"play_id":"29ceba33-1ae6-40ea-95cb-3096792aaab9","local_time":"20180625213656","is_ascension_mode":false,"campfire_choices":[{"data":"Whirlwind","floor":6,"key":"SMITH"},{"data":"Body Slam","floor":8,"key":"SMITH"},{"data":"Double Tap","floor":12,"key":"SMITH"},{"data":"Inflame","floor":15,"key":"SMITH"},{"floor":24,"key":"REST"},{"data":"Barricade","floor":27,"key":"SMITH"},{"data":"Heavy Blade","floor":32,"key":"SMITH"},{"floor":42,"key":"REST"},{"floor":47,"key":"REST"},{"floor":49,"key":"REST"}],"neow_cost":"NONE","seed_source_timestamp":583648432207365,"circlet_count":0,"master_deck":["Strike_R","Strike_R","Strike_R","Strike_R","Defend_R","Defend_R","Defend_R+1","Defend_R","Whirlwind+1","Battle Trance","Body Slam+1","Heavy Blade+1","Double Tap+1","Shrug It Off","Inflame+1","Barricade+1","Flash of Steel","Shrug It Off","True Grit+1","Shrug It Off+1","Bandage Up+1","Shrug It Off+1","Madness+1","Madness+1"],"relics":["Burning Blood","Juzu Bracelet","Ectoplasm","Toxic Egg 2","Question Card","Omamori","Philosopher\u0027s Stone","Bag of Preparation"],"potions_floor_usage":[33,33,33,45,45,45],"damage_taken":[{"damage":3,"enemies":"Small Slimes","floor":1,"turns":3},{"damage":8,"enemies":"Cultist","floor":3,"turns":5},{"damage":0,"enemies":"2 Louse","floor":10,"turns":1},{"damage":5,"enemies":"Looter","floor":11,"turns":4},{"damage":0,"enemies":"3 Louse","floor":14,"turns":1},{"damage":0,"enemies":"Slime Boss","floor":16,"turns":7},{"damage":17,"enemies":"2 Thieves","floor":18,"turns":3},{"damage":9,"enemies":"3 Byrds","floor":21,"turns":4},{"damage":12,"enemies":"Centurion and Healer","floor":22,"turns":7},{"damage":18,"enemies":"Sentry and Sphere","floor":23,"turns":5},{"damage":8,"enemies":"Gremlin Leader","floor":30,"turns":6},{"damage":12,"enemies":"3 Cultists","floor":31,"turns":4},{"damage":35,"enemies":"Champ","floor":33,"turns":11},{"damage":35,"enemies":"3 Shapes","floor":35,"turns":2},{"damage":8,"enemies":"Orb Walker","floor":36,"turns":5},{"damage":7,"enemies":"Maw","floor":39,"turns":6},{"damage":30,"enemies":"3 Darklings","floor":40,"turns":6},{"damage":25,"enemies":"4 Shapes","floor":44,"turns":3},{"damage":70,"enemies":"Sphere and 2 Shapes","floor":45,"turns":9},{"damage":79,"enemies":"Awakened One","floor":50,"turns":16}],"seed_played":"-7648412802242143405","potions_obtained":[{"floor":3,"key":"Block Potion"},{"floor":10,"key":"Strength Potion"},{"floor":11,"key":"Explosive Potion"},{"floor":22,"key":"BloodPotion"},{"floor":31,"key":"Dexterity Potion"},{"floor":33,"key":"EssenceOfSteel"},{"floor":35,"key":"GamblersBrew"},{"floor":36,"key":"Regen Potion"},{"floor":44,"key":"BloodPotion"}],"is_trial":false,"path_per_floor":["M","$","M","$","?","R","?","R","T","M","M","R","$","M","R","B",null,"M","?","?","M","M","M","R","?","T","R","$","T","E","M","R","B",null,"M","M","$","?","M","M","?","R","T","M","M","?","R","$","R"],"character_chosen":"IRONCLAD","items_purchased":["Battle Trance","Heavy Blade","Shrug It Off"],"campfire_rested":4,"item_purchase_floors":[2,4,13],"current_hp_per_floor":[88,88,86,86,86,86,68,68,68,74,75,75,75,81,81,87,88,77,77,77,74,68,56,82,82,82,82,82,82,80,74,74,53,88,59,57,57,57,62,44,33,59,59,46,11,11,37,37,63,0],"gold":52,"neow_bonus":"TEN_PERCENT_HP_BONUS","is_prod":false,"is_daily":false,"chose_seed":false,"campfire_upgraded":6,"win_rate":0.0,"timestamp":1529959016,"path_taken":["M","$","M","$","?","R","?","R","T","M","M","R","$","M","R","BOSS","M","?","?","M","M","M","R","?","T","R","?","?","E","M","R","BOSS","M","M","$","?","M","M","?","R","T","M","M","?","R","?","R","BOSS"],"build_version":"2018-06-21v2","purchased_purges":1,"victory":false,"max_hp_per_floor":[88,88,88,88,88,88,88,88,88,88,88,88,88,88,88,88,88,88,88,88,88,88,88,88,88,88,88,88,88,88,88,88,88,88,88,88,88,88,88,88,88,88,88,88,88,88,88,88,88,88],"card_choices":[{"not_picked":["Warcry","Intimidate"],"picked":"Whirlwind","floor":1},{"not_picked":["Anger","Headbutt"],"picked":"Body Slam","floor":3},{"not_picked":["Carnage","Clash","Havoc"],"picked":"SKIP","floor":10},{"not_picked":["Sentinel","Heavy Blade"],"picked":"Double Tap","floor":11},{"not_picked":["True Grit","Heavy Blade"],"picked":"Inflame","floor":14},{"not_picked":["Warcry","Clothesline+1","Headbutt"],"picked":"SKIP","floor":18},{"not_picked":["Brutality","Armaments","Spot Weakness"],"picked":"SKIP","floor":21},{"not_picked":["Heavy Blade","Battle Trance","Spot Weakness+1"],"picked":"SKIP","floor":22},{"not_picked":["Burning Pact+1","Rampage+1","Pummel"],"picked":"SKIP","floor":23},{"not_picked":["Perfected Strike+1","Iron Wave+1","Heavy Blade","Twin Strike+1"],"picked":"SKIP","floor":30},{"not_picked":["Metallicize","Warcry+1","Flex+1"],"picked":"True Grit+1","floor":31},{"not_picked":["True Grit+1","Havoc+1","Twin Strike+1"],"picked":"Shrug It Off+1","floor":35},{"not_picked":["Headbutt","Carnage","Sword Boomerang","Twin Strike+1"],"picked":"SKIP","floor":36},{"not_picked":["Magnetism","Trip+1","Transmutation+1"],"picked":"Bandage Up+1","floor":38},{"not_picked":["Thunderclap","Havoc+1","Anger+1","Body Slam"],"picked":"SKIP","floor":39},{"not_picked":["Havoc+1","Heavy Blade","Pommel Strike"],"picked":"Shrug It Off+1","floor":40},{"not_picked":["Sentinel+1","Pommel Strike","True Grit+1","Reckless Charge+1"],"picked":"SKIP","floor":44},{"not_picked":["Iron Wave+1","True Grit+1","Seeing Red+1","Ghostly Armor+1"],"picked":"SKIP","floor":45}],"player_experience":150096,"relics_obtained":[{"floor":9,"key":"Juzu Bracelet"},{"floor":26,"key":"Toxic Egg 2"},{"floor":29,"key":"Question Card"},{"floor":30,"key":"Omamori"},{"floor":43,"key":"Bag of Preparation"}],"event_choices":[{"event_name":"Scrap Ooze","player_choice":"unsuccessful","floor":5,"damage_taken":0},{"event_name":"Shining Light","player_choice":"Entered Light","floor":7,"damage_taken":0},{"event_name":"Match and Keep!","player_choice":"2 cards matched","floor":19,"damage_taken":0},{"event_name":"The Library","player_choice":"Read","floor":20,"damage_taken":0},{"event_name":"Addict","player_choice":"Ignored","floor":25,"damage_taken":0},{"event_name":"SensoryStone","player_choice":"Memory 1","floor":38,"damage_taken":0},{"event_name":"Winding Halls","player_choice":"Embrace Madness","floor":41,"damage_taken":0},{"event_name":"Falling","player_choice":"Removed Attack","floor":46,"damage_taken":0}],"boss_relics":[{"not_picked":["Black Blood","Empty Cage"],"picked":"Ectoplasm"},{"not_picked":["Coffee Dripper","Runic Dome"],"picked":"Philosopher\u0027s Stone"}],"items_purged_floors":[28],"is_endless":false,"potions_floor_spawned":[3,10,11,22,31,33,35,36,44],"killed_by":"Awakened One","ascension_level":0}