{"gold_per_floor":[19,34,34,49,49,49,61,87,87,87,37,68,80,92,92,196,196,212,227,152,169,94,94,126,126,126,139,39,39,39,55,55,160,160,176,196,206,2,16,16,49,49,49,49],"floor_reached":44,"playtime":3597,"items_purged":["Strike_R","Strike_R"],"score":619,"play_id":"fd31843b-5b62-4e36-911f-47953dbf571e","local_time":"20190805144137","is_ascension_mode":true,"campfire_choices":[{"data":"Rampage","floor":6,"key":"SMITH"},{"data":"Bash","floor":10,"key":"SMITH"},{"data":"Shockwave","floor":15,"key":"SMITH"},{"data":"Shrug It Off","floor":23,"key":"SMITH"},{"data":"Demon Form","floor":25,"key":"SMITH"},{"data":"True Grit","floor":30,"key":"SMITH"},{"data":"Ghostly Armor","floor":32,"key":"SMITH"},{"floor":40,"key":"REST"},{"floor":42,"key":"REST"}],"neow_cost":"NO_GOLD","seed_source_timestamp":0,"circlet_count":0,"master_deck":["Defend_R","Defend_R","Bash+1","Rampage+1","Headbutt","Shockwave+1","Disarm","Ghostly Armor+1","Demon Form+1","Shrug It Off+1","Heavy Blade+1","True Grit+1","Seeing Red","Doubt"],"special_seed":0,"relics":["Burning Blood","Ornamental Fan","keyreminder:keyreminder","Meat on the Bone","Pear","Cursed Key","Blue Candle","Torii","Empty Cage","Orichalcum"],"potions_floor_usage":[12,16,16,24,31,33,33,41,41],"damage_taken":[{"damage":5,"enemies":"Small Slimes","floor":1,"turns":3},{"damage":1,"enemies":"Cultist","floor":2,"turns":4},{"damage":5,"enemies":"2 Louse","floor":4,"turns":3},{"damage":3,"enemies":"Looter","floor":7,"turns":3},{"damage":37,"enemies":"Gremlin Nob","floor":8,"turns":4},{"damage":30,"enemies":"Lagavulin","floor":12,"turns":4},{"damage":2,"enemies":"2 Fungi Beasts","floor":13,"turns":3},{"damage":3,"enemies":"Blue Slaver","floor":14,"turns":5},{"damage":37,"enemies":"Hexaghost","floor":16,"turns":10},{"damage":13,"enemies":"3 Byrds","floor":18,"turns":5},{"damage":0,"enemies":"Chosen","floor":19,"turns":4},{"damage":19,"enemies":"Snecko","floor":21,"turns":5},{"damage":24,"enemies":"Book of Stabbing","floor":24,"turns":5},{"damage":29,"enemies":"Shelled Parasite and Fungi","floor":27,"turns":6},{"damage":12,"enemies":"Centurion and Healer","floor":31,"turns":6},{"damage":45,"enemies":"Collector","floor":33,"turns":7},{"damage":25,"enemies":"Orb Walker","floor":35,"turns":5},{"damage":6,"enemies":"3 Shapes","floor":36,"turns":5},{"damage":19,"enemies":"Maw","floor":37,"turns":5},{"damage":48,"enemies":"3 Darklings","floor":39,"turns":7},{"damage":54,"enemies":"Reptomancer","floor":41,"turns":5},{"damage":77,"enemies":"4 Shapes","floor":44,"turns":3}],"seed_played":"-1539439551670119920","potions_obtained":[{"floor":4,"key":"Ancient Potion"},{"floor":7,"key":"BloodPotion"},{"floor":13,"key":"SteroidPotion"},{"floor":14,"key":"EssenceOfSteel"},{"floor":16,"key":"PowerPotion"},{"floor":18,"key":"Regen Potion"},{"floor":27,"key":"Weak Potion"},{"floor":39,"key":"Regen Potion"},{"floor":41,"key":"FearPotion"}],"is_trial":false,"path_per_floor":["M","M","?","M","$","R","M","E","T","R","?","E","M","M","R","B",null,"M","M","$","M","?","R","E","R","T","M","$","?","R","M","R","B",null,"M","M","M","$","M","R","E","R","T","M"],"character_chosen":"IRONCLAD","items_purchased":["Orichalcum","Swift Potion"],"campfire_rested":2,"item_purchase_floors":[38,38],"current_hp_per_floor":[80,80,72,73,73,73,76,45,45,45,45,63,67,70,70,51,80,73,79,79,66,66,66,60,60,60,49,49,49,49,55,55,43,78,59,59,58,58,28,55,33,60,60,0],"gold":49,"neow_bonus":"REMOVE_TWO","is_prod":false,"is_daily":false,"chose_seed":false,"campfire_upgraded":7,"win_rate":0,"timestamp":1565034097,"path_taken":["M","M","?","M","?","R","M","E","T","R","?","E","M","M","R","BOSS","M","M","$","M","?","R","E","R","T","M","$","?","R","M","R","BOSS","M","M","M","$","M","R","E","R","T","M"],"build_version":"2019-07-17","purchased_purges":2,"victory":false,"max_hp_per_floor":[80,80,80,80,80,80,80,80,80,80,80,90,90,90,90,90,90,90,90,90,90,90,90,90,90,90,90,90,90,90,90,90,90,90,90,90,90,90,90,90,90,90,90,90],"card_choices":[{"not_picked":["True Grit","Clash"],"picked":"Rampage","floor":1},{"not_picked":["Shockwave","Second Wind"],"picked":"Headbutt","floor":2},{"not_picked":["Searing Blow","Pummel"],"picked":"Shockwave","floor":4},{"not_picked":["Havoc","Corruption","Wild Strike"],"picked":"SKIP","floor":7},{"not_picked":["Searing Blow","Perfected Strike","Shockwave"],"picked":"SKIP","floor":8},{"not_picked":["Fiend Fire","Inflame"],"picked":"Disarm","floor":12},{"not_picked":["Sword Boomerang","Feel No Pain"],"picked":"Ghostly Armor","floor":13},{"not_picked":["Headbutt","Hemokinesis","Perfected Strike"],"picked":"SKIP","floor":14},{"not_picked":["Feed","Reaper"],"picked":"Demon Form","floor":16},{"not_picked":["Pummel+1","Uppercut"],"picked":"Shrug It Off","floor":18},{"not_picked":["Armaments","Clash+1"],"picked":"Heavy Blade+1","floor":19},{"not_picked":["Evolve","Flex","Wild Strike"],"picked":"SKIP","floor":21},{"not_picked":["Shockwave","Perfected Strike","Cleave+1"],"picked":"SKIP","floor":24},{"not_picked":["Pummel","Dark Embrace","Iron Wave"],"picked":"SKIP","floor":27},{"not_picked":["Combust","Ghostly Armor","Headbutt"],"picked":"SKIP","floor":31},{"not_picked":["Body Slam","Searing Blow+1","Twin Strike+1"],"picked":"SKIP","floor":35},{"not_picked":["True Grit+1","Dual Wield","Flex+1"],"picked":"SKIP","floor":36},{"not_picked":["Thunderclap+1","Havoc"],"picked":"Seeing Red","floor":37},{"not_picked":["True Grit","Thunderclap","Sever Soul"],"picked":"SKIP","floor":39},{"not_picked":["Offering","Sentinel","Headbutt"],"picked":"SKIP","floor":41}],"player_experience":365578,"relics_obtained":[{"floor":8,"key":"Ornamental Fan"},{"floor":9,"key":"Meat on the Bone"},{"floor":12,"key":"Pear"},{"floor":24,"key":"Blue Candle"},{"floor":26,"key":"Torii"}],"event_choices":[{"damage_healed":0,"gold_gain":0,"player_choice":"Damaged","damage_taken":8,"max_hp_gain":0,"max_hp_loss":0,"event_name":"Wheel of Change","floor":3,"gold_loss":0},{"cards_removed":["Strike_R"],"damage_healed":0,"gold_gain":0,"player_choice":"Card Removal","damage_taken":0,"max_hp_gain":0,"max_hp_loss":0,"event_name":"The Cleric","floor":11,"gold_loss":50},{"cards_removed":["Strike_R"],"damage_healed":0,"gold_gain":0,"player_choice":"Gave Gold","damage_taken":0,"max_hp_gain":0,"max_hp_loss":0,"event_name":"Beggar","floor":22,"gold_loss":75},{"damage_healed":0,"gold_gain":0,"player_choice":"Read","damage_taken":0,"max_hp_gain":0,"max_hp_loss":0,"event_name":"The Library","floor":29,"gold_loss":0,"cards_obtained":["True Grit"]}],"is_beta":false,"boss_relics":[{"not_picked":["Mark of Pain","Busted Crown"],"picked":"Cursed Key"},{"not_picked":["Fusion Hammer","Snecko Eye"],"picked":"Empty Cage"}],"items_purged_floors":[20,28],"is_endless":false,"potions_floor_spawned":[4,7,13,14,16,18,27,39,41],"killed_by":"4 Shapes","ascension_level":5}