{"gold_per_floor":[112,123,123,141,141,141,179,64,91,91,114,114,147,100,100,195,195,218,218,268,289,304,304,319,352,375,375,390,408,426,17,17,110,110,128,141,60,85,85,85],"floor_reached":40,"playtime":2877,"items_purged":["Strike_G","Strike_G"],"score":714,"play_id":"f9291c51-80d0-487e-8232-5a4050e02ec3","local_time":"20190803130551","is_ascension_mode":true,"campfire_choices":[{"data":"Neutralize","floor":6,"key":"SMITH"},{"floor":12,"key":"REST"},{"data":"Well Laid Plans","floor":15,"key":"SMITH"},{"floor":23,"key":"REST"},{"floor":27,"key":"REST"},{"floor":32,"key":"DIG"}],"neow_cost":"TEN_PERCENT_HP_LOSS","seed_source_timestamp":40875664872300,"circlet_count":0,"master_deck":["AscendersBane","Defend_G","Defend_G","Defend_G","Survivor","Neutralize+1","Masterful Stab","Deadly Poison","PiercingWail","Well Laid Plans+1","Backstab","Terror","After Image","Leg Sweep+1","Deadly Poison","Sucker Punch+1","Acrobatics","Riddle With Holes","Acrobatics","Reflex+1","Dagger Spray","Malaise","Choke+1","Dagger Spray+1","Sucker Punch+1","Deflect","Catalyst","Caltrops","Footwork"],"relics":["Ring of the Snake","Golden Idol","Bronze Scales","Bottled Lightning","Regal Pillow","Odd Mushroom","Fusion Hammer","Vajra","Bag of Marbles","Shovel","Ice Cream","Astrolabe"],"potions_floor_usage":[13,22,24,24,25,33,33,36],"damage_taken":[{"damage":7,"enemies":"Cultist","floor":1,"turns":6},{"damage":1,"enemies":"Small Slimes","floor":2,"turns":4},{"damage":2,"enemies":"Jaw Worm","floor":4,"turns":3},{"damage":32,"enemies":"3 Sentries","floor":7,"turns":13},{"damage":0,"enemies":"2 Fungi Beasts","floor":11,"turns":4},{"damage":0,"enemies":"The Mushroom Lair","floor":13,"turns":4},{"damage":17,"enemies":"The Guardian","floor":16,"turns":11},{"damage":5,"enemies":"Shell Parasite","floor":18,"turns":5},{"damage":9,"enemies":"Spheric Guardian","floor":21,"turns":7},{"damage":11,"enemies":"Snecko","floor":22,"turns":7},{"damage":2,"enemies":"Centurion and Healer","floor":24,"turns":10},{"damage":17,"enemies":"Book of Stabbing","floor":25,"turns":6},{"damage":0,"enemies":"Cultist and Chosen","floor":28,"turns":7},{"damage":1,"enemies":"Snecko","floor":29,"turns":5},{"damage":0,"enemies":"Shelled Parasite and Fungi","floor":30,"turns":4},{"damage":32,"enemies":"Automaton","floor":33,"turns":12},{"damage":0,"enemies":"3 Shapes","floor":35,"turns":6},{"damage":4,"enemies":"3 Darklings","floor":36,"turns":7},{"damage":8,"enemies":"Jaw Worm Horde","floor":38,"turns":5},{"damage":63,"enemies":"Giant Head","floor":40,"turns":8}],"seed_played":"7032984949799502590","potions_obtained":[{"floor":4,"key":"SpeedPotion"},{"floor":11,"key":"EntropicBrew"},{"floor":13,"key":"SteroidPotion"},{"floor":21,"key":"Regen Potion"},{"floor":24,"key":"Weak Potion"},{"floor":25,"key":"Regen Potion"},{"floor":29,"key":"Fire Potion"},{"floor":33,"key":"GhostInAJar"},{"floor":36,"key":"FearPotion"},{"floor":38,"key":"Explosive Potion"}],"is_trial":false,"path_per_floor":["M","M","?","M","?","R","E","$","T","?","M","R","?","?","R","B",null,"M","?","?","M","M","R","M","E","T","R","M","M","M","$","R","B",null,"M","M","$","M","?","E"],"character_chosen":"THE_SILENT","items_purchased":["Well Laid Plans","Shovel","Dagger Spray","Caltrops"],"campfire_rested":3,"item_purchase_floors":[8,31,31,37],"current_hp_per_floor":[52,51,51,49,38,38,6,6,6,6,6,37,37,37,37,20,46,41,41,41,32,36,54,52,44,44,54,54,53,53,53,53,35,49,49,45,45,37,37,0],"gold":85,"neow_bonus":"REMOVE_TWO","is_prod":false,"is_daily":false,"chose_seed":false,"campfire_upgraded":2,"win_rate":0,"timestamp":1564851951,"path_taken":["M","M","?","M","?","R","E","$","T","?","?","R","?","?","R","BOSS","M","?","?","M","M","R","M","E","T","R","M","M","M","$","R","BOSS","M","M","$","M","?","E"],"build_version":"2019-07-17","purchased_purges":2,"victory":false,"max_hp_per_floor":[60,60,54,54,54,54,54,54,54,54,54,54,54,54,54,54,54,54,54,54,54,54,54,54,54,54,54,54,54,54,54,54,54,54,54,54,54,54,54,54],"card_choices":[{"not_picked":["Cloak And Dagger","Heel Hook"],"picked":"Masterful Stab","floor":1},{"not_picked":["Poisoned Stab","Prepared"],"picked":"Deadly Poison","floor":2},{"not_picked":["Bane","Escape Plan","Dodge and Roll"],"picked":"SKIP","floor":4},{"not_picked":["Doppelganger","Outmaneuver"],"picked":"PiercingWail","floor":7},{"not_picked":["Slice","PiercingWail"],"picked":"Backstab","floor":11},{"not_picked":["Cloak And Dagger","Acrobatics"],"picked":"Terror","floor":13},{"not_picked":["Glass Knife","Bullet Time"],"picked":"After Image","floor":16},{"not_picked":["Infinite Blades","Backflip"],"picked":"Leg Sweep+1","floor":18},{"not_picked":["Prepared","Leg Sweep"],"picked":"Deadly Poison","floor":21},{"not_picked":["Dagger Throw","Acrobatics","PiercingWail"],"picked":"SKIP","floor":22},{"not_picked":["Flying Knee","Dagger Throw"],"picked":"Sucker Punch+1","floor":24},{"not_picked":["Setup","Bane"],"picked":"Acrobatics","floor":25},{"not_picked":["Terror","Dash"],"picked":"Riddle With Holes","floor":28},{"not_picked":["Phantasmal Killer","Deadly Poison"],"picked":"Acrobatics","floor":29},{"not_picked":["Backflip","Outmaneuver+1"],"picked":"Reflex+1","floor":30},{"not_picked":["Tools of the Trade","Envenom"],"picked":"Malaise","floor":33},{"not_picked":["Expertise+1","Quick Slash"],"picked":"Deflect","floor":35},{"not_picked":["Dodge and Roll","All Out Attack+1"],"picked":"Catalyst","floor":36},{"not_picked":["Leg Sweep+1","Dodge and Roll"],"picked":"Footwork","floor":38}],"player_experience":643513,"relics_obtained":[{"floor":7,"key":"Bottled Lightning"},{"floor":9,"key":"Regal Pillow"},{"floor":13,"key":"Odd Mushroom"},{"floor":25,"key":"Vajra"},{"floor":26,"key":"Bag of Marbles"},{"floor":32,"key":"Ice Cream"}],"event_choices":[{"damage_healed":0,"gold_gain":0,"player_choice":"Lose Max HP","damage_taken":0,"relics_obtained":["Golden Idol"],"max_hp_gain":0,"max_hp_loss":6,"event_name":"Golden Idol","floor":3,"gold_loss":0},{"damage_healed":0,"gold_gain":0,"player_choice":"Success","damage_taken":11,"relics_obtained":["Bronze Scales"],"max_hp_gain":0,"max_hp_loss":0,"event_name":"Scrap Ooze","floor":5,"gold_loss":0},{"damage_healed":0,"gold_gain":0,"player_choice":"Ignored","damage_taken":0,"max_hp_gain":0,"max_hp_loss":0,"event_name":"Liars Game","floor":10,"gold_loss":0},{"damage_healed":0,"gold_gain":0,"player_choice":"Fought Mushrooms","damage_taken":0,"max_hp_gain":0,"max_hp_loss":0,"event_name":"Mushrooms","floor":13,"gold_loss":0},{"damage_healed":0,"gold_gain":0,"player_choice":"Left Gold","damage_taken":0,"max_hp_gain":0,"max_hp_loss":0,"event_name":"World of Goop","floor":14,"gold_loss":47},{"damage_healed":0,"gold_gain":0,"player_choice":"Ignored","damage_taken":0,"max_hp_gain":0,"max_hp_loss":0,"event_name":"Cursed Tome","floor":19,"gold_loss":0},{"damage_healed":0,"gold_gain":50,"player_choice":"Stole From Cult","damage_taken":0,"max_hp_gain":0,"max_hp_loss":0,"event_name":"Nest","floor":20,"gold_loss":0},{"damage_healed":0,"gold_gain":0,"player_choice":"Ignored","damage_taken":0,"max_hp_gain":0,"max_hp_loss":0,"event_name":"Mysterious Sphere","floor":39,"gold_loss":0}],"is_beta":false,"boss_relics":[{"not_picked":["Runic Pyramid","Black Star"],"picked":"Fusion Hammer"},{"not_picked":["Calling Bell","Empty Cage"],"picked":"Astrolabe"}],"items_purged_floors":[8,31],"is_endless":false,"potions_floor_spawned":[4,11,13,21,24,25,29,33,36,38],"killed_by":"Giant Head","ascension_level":15}