{"gold_per_floor":[114,126,126,126,16,16,35,35,103,103,135,135,146,169,169,273,273,258,285,12,29,43,43,73,73,73,73,73,93,93,93,93,197,197,214,227,57,102,112,112,112,11,38,54,54,66,66,85,85,85],"floor_reached":50,"playtime":8710,"items_purged":["Strike_G","Strike_G"],"score":714,"play_id":"b550ce34-a142-4caa-af45-1a92ea2e45ed","local_time":"20180706121039","is_ascension_mode":true,"campfire_choices":[{"data":"Caltrops","floor":6,"key":"SMITH"},{"data":"Cloak And Dagger","floor":8,"key":"SMITH"},{"data":"Backstab","floor":12,"key":"SMITH"},{"data":"Escape Plan","floor":15,"key":"SMITH"},{"floor":23,"key":"REST"},{"floor":25,"key":"REST"},{"data":"Venomology","floor":28,"key":"SMITH"},{"data":"Glass Knife","floor":32,"key":"SMITH"},{"floor":40,"key":"REST"},{"floor":47,"key":"REST"},{"floor":49,"key":"REST"}],"neow_cost":"NONE","seed_source_timestamp":1496405957045817,"circlet_count":0,"master_deck":["Defend_G","Defend_G","Defend_G","Defend_G","Defend_G","Strike_G","Survivor","Neutralize+1","Dagger Throw","Backstab+1","Caltrops+1","Cloak And Dagger+1","Flying Knee","Escape Plan+1","Venomology+1","Flying Knee+1","Dagger Spray","Sucker Punch+1","Malaise+1","Glass Knife+1","Infinite Blades","All Out Attack+1","Outmaneuver+1","Escape Plan+1","PiercingWail+1","Concentrate","Terror+1","Slice+1","Secret Weapon","Backflip"],"relics":["Ring of the Snake","Pear","Potion Belt","Singing Bowl","Runic Pyramid","Red Mask","Bottled Lightning","Bag of Marbles","Vajra","Orrery","Unceasing Top","Art of War","Calipers"],"potions_floor_usage":[11,11,11,11,16,16,19,19,24,24,24,29,33,33,33,33,36,36,38,39,39,39,44,44,46,48,48,50,50,50,50],"damage_taken":[{"damage":0,"enemies":"Cultist","floor":1,"turns":4},{"damage":0,"enemies":"Small Slimes","floor":2,"turns":3},{"damage":0,"enemies":"2 Louse","floor":7,"turns":2},{"damage":4,"enemies":"Lagavulin","floor":11,"turns":7},{"damage":0,"enemies":"Exordium Thugs","floor":13,"turns":6},{"damage":38,"enemies":"Hexaghost","floor":16,"turns":11},{"damage":15,"enemies":"2 Thieves","floor":18,"turns":4},{"damage":44,"floor":19,"turns":8},{"damage":0,"enemies":"3 Byrds","floor":21,"turns":4},{"damage":3,"enemies":"Centurion and Healer","floor":22,"turns":7},{"damage":6,"enemies":"Slavers","floor":24,"turns":6},{"damage":2,"enemies":"Slaver and Parasite","floor":29,"turns":6},{"damage":54,"enemies":"Collector","floor":33,"turns":13},{"damage":4,"enemies":"3 Shapes","floor":35,"turns":5},{"damage":20,"enemies":"3 Darklings","floor":36,"turns":7},{"damage":21,"floor":38,"turns":11},{"damage":0,"enemies":"Maw","floor":39,"turns":6},{"damage":38,"enemies":"Sphere and 2 Shapes","floor":44,"turns":26},{"damage":0,"floor":45,"turns":7},{"damage":2,"enemies":"4 Shapes","floor":46,"turns":6},{"damage":9,"enemies":"Maw","floor":48,"turns":8},{"damage":100,"enemies":"Awakened One","floor":50,"turns":18}],"seed_played":"2429488810714143981","potions_obtained":[{"floor":1,"key":"PowerPotion"},{"floor":3,"key":"EntropicBrew"},{"floor":3,"key":"Fire Potion"},{"floor":13,"key":"Strength Potion"},{"floor":24,"key":"AttackPotion"},{"floor":29,"key":"AttackPotion"},{"floor":33,"key":"Swift Potion"},{"floor":36,"key":"Poison Potion"},{"floor":38,"key":"SteroidPotion"},{"floor":39,"key":"Poison Potion"},{"floor":45,"key":"GamblersBrew"},{"floor":46,"key":"Block Potion"}],"is_trial":false,"path_per_floor":["M","M","?","?","$","R","M","R","T","$","E","R","M","T","R","B",null,"M","?","$","M","M","R","E","R","T","?","R","M","$","?","R","B",null,"M","M","$","?","M","R","?","$","T","M","?","M","R","M","R"],"character_chosen":"THE_SILENT","items_purchased":["Caltrops","Dagger Spray","Bottled Lightning","Concentrate","Backflip","EssenceOfSteel"],"campfire_rested":5,"item_purchase_floors":[5,20,20,37,42,42],"current_hp_per_floor":[63,63,63,63,63,63,63,63,73,73,69,69,69,69,69,62,76,63,19,19,19,18,43,37,62,62,62,62,75,75,75,75,23,76,72,52,52,31,31,58,58,58,58,22,24,24,53,46,76,0],"gold":85,"neow_bonus":"UPGRADE_CARD","is_prod":false,"is_daily":false,"chose_seed":false,"campfire_upgraded":6,"win_rate":0,"timestamp":1530875439,"path_taken":["M","M","?","?","$","R","M","R","T","$","E","R","M","?","R","BOSS","M","?","$","M","M","R","E","R","T","?","R","M","$","?","R","BOSS","M","M","$","?","M","R","?","$","T","M","?","M","R","M","R","BOSS"],"build_version":"2018-07-05","purchased_purges":2,"victory":false,"max_hp_per_floor":[70,70,70,70,70,70,70,70,80,80,80,80,80,80,80,80,80,82,82,82,82,84,84,84,84,84,84,84,84,84,84,84,86,92,92,92,92,92,92,92,92,92,92,94,96,98,98,100,100,100],"card_choices":[{"not_picked":["Catalyst","Flechettes"],"picked":"Dagger Throw","floor":1},{"not_picked":["Choke","Quick Slash"],"picked":"Backstab","floor":2},{"not_picked":["Setup","Blur"],"picked":"Cloak And Dagger","floor":7},{"not_picked":["Choke","Reflex"],"picked":"Flying Knee","floor":11},{"not_picked":["Deflect","Flying Knee"],"picked":"Escape Plan","floor":13},{"not_picked":["Wraith Form v2","Grand Finale"],"picked":"Venomology","floor":16},{"not_picked":["Flechettes","Slice+1","Dodge and Roll"],"picked":"Singing Bowl","floor":18},{"not_picked":["Outmaneuver","Poisoned Stab"],"picked":"Flying Knee+1","floor":19},{"not_picked":["Slice","Expertise+1"],"picked":"Sucker Punch+1","floor":21},{"not_picked":["Sucker Punch","Blur","Deadly Poison+1"],"picked":"Singing Bowl","floor":22},{"not_picked":["Prepared+1","Caltrops"],"picked":"Malaise+1","floor":24},{"not_picked":["Quick Slash","Prepared"],"picked":"Glass Knife","floor":29},{"not_picked":["Night Terror","Doppelganger","Tools of the Trade"],"picked":"Singing Bowl","floor":33},{"not_picked":["Slice","Dagger Throw+1","Bane"],"picked":"Singing Bowl","floor":34},{"not_picked":["Sucker Punch","Leg Sweep","Prepared+1"],"picked":"Singing Bowl","floor":34},{"not_picked":["Choke","Deadly Poison"],"picked":"All Out Attack+1","floor":34},{"not_picked":["Masterful Stab","Reflex","Acrobatics"],"picked":"Singing Bowl","floor":34},{"not_picked":["Quick Slash","Deflect"],"picked":"Outmaneuver+1","floor":34},{"not_picked":["Setup","Quick Slash+1"],"picked":"Escape Plan+1","floor":35},{"not_picked":["Choke","Finisher"],"picked":"PiercingWail+1","floor":36},{"not_picked":["Poisoned Stab+1","Heel Hook"],"picked":"Terror+1","floor":38},{"not_picked":["Acrobatics+1","Unload"],"picked":"Slice+1","floor":39},{"not_picked":["Panacea","Purity"],"picked":"Secret Weapon","floor":41},{"not_picked":["Heel Hook+1","Noxious Fumes","Well Laid Plans+1"],"picked":"Singing Bowl","floor":44},{"not_picked":["Choke+1","Quick Slash+1","Sucker Punch+1"],"picked":"Singing Bowl","floor":45},{"not_picked":["Prepared+1","Accuracy+1","Slice+1"],"picked":"Singing Bowl","floor":46},{"not_picked":["Backstab","Acrobatics","Endless Agony+1"],"picked":"Singing Bowl","floor":48}],"player_experience":369700,"relics_obtained":[{"floor":9,"key":"Pear"},{"floor":11,"key":"Potion Belt"},{"floor":14,"key":"Singing Bowl"},{"floor":19,"key":"Red Mask"},{"floor":24,"key":"Bag of Marbles"},{"floor":26,"key":"Vajra"},{"floor":38,"key":"Unceasing Top"},{"floor":43,"key":"Art of War"},{"floor":45,"key":"Calipers"}],"event_choices":[{"event_name":"The Lab","player_choice":"Got Potions","floor":3,"damage_taken":0},{"event_name":"Purifier","player_choice":"One Purge","floor":4,"damage_taken":0},{"event_name":"Masked Bandits","player_choice":"Fought over 258 gold","floor":19,"damage_taken":0},{"event_name":"Drug Dealer","player_choice":"Ignored","floor":27,"damage_taken":0},{"event_name":"Transmorgrifier","player_choice":"Transform","floor":31,"damage_taken":0},{"event_name":"Mysterious Sphere","player_choice":"Fight","floor":38,"damage_taken":0},{"event_name":"SensoryStone","player_choice":"Memory 1","floor":41,"damage_taken":0},{"event_name":"MindBloom","player_choice":"Fight","floor":45,"damage_taken":0}],"boss_relics":[{"not_picked":["Philosopher\u0027s Stone","Empty Cage"],"picked":"Runic Pyramid"},{"not_picked":["Black Star","Coffee Dripper"],"picked":"Orrery"}],"items_purged_floors":[5,37],"is_endless":false,"potions_floor_spawned":[1,13,24,29,33,36,38,39,45,46],"killed_by":"Awakened One","ascension_level":9}