{"gold_per_floor":[119,130,280,280,292,292,124,137,186,186,217,230,230,230],"floor_reached":14,"playtime":359,"items_purged":["Doubt"],"score":158,"play_id":"46206bde-748c-4f67-b5af-5431aabbdfcc","local_time":"20190814132056","is_ascension_mode":true,"campfire_choices":[{"data":"Bash","floor":6,"key":"SMITH"},{"data":"Armaments","floor":10,"key":"SMITH"},{"data":"Rampage","floor":13,"key":"SMITH"}],"neow_cost":"NONE","seed_source_timestamp":186772744059500,"circlet_count":0,"master_deck":["AscendersBane","Strike_R","Strike_R","Strike_R","Strike_R","Defend_R","Defend_R","Defend_R","Defend_R","Bash+1","Sword Boomerang","Twin Strike","Armaments+1","Burning Pact","Rampage+1","Shrug It Off","Iron Wave"],"relics":["Burning Blood","Art of War","Boot","Regal Pillow"],"potions_floor_usage":[11],"damage_taken":[{"damage":5,"enemies":"Cultist","floor":1,"turns":4},{"damage":5,"enemies":"2 Louse","floor":2,"turns":3},{"damage":3,"enemies":"Jaw Worm","floor":5,"turns":5},{"damage":13,"enemies":"Red Slaver","floor":8,"turns":3},{"damage":32,"enemies":"Lagavulin","floor":11,"turns":6},{"damage":8,"enemies":"3 Louse","floor":12,"turns":3},{"damage":32,"enemies":"Gremlin Nob","floor":14,"turns":4}],"seed_played":"2710227833832532373","potions_obtained":[{"floor":2,"key":"Swift Potion"},{"floor":8,"key":"Ancient Potion"},{"floor":11,"key":"Dexterity Potion"}],"is_trial":false,"path_per_floor":["M","M","?","?","M","R","$","M","T","R","E","M","R","E"],"character_chosen":"IRONCLAD","items_purchased":["Armaments","Burning Pact"],"campfire_rested":0,"item_purchase_floors":[7,7],"current_hp_per_floor":[69,70,70,63,66,66,66,59,59,59,33,31,31,0],"gold":230,"neow_bonus":"RANDOM_COMMON_RELIC","is_prod":false,"is_daily":false,"chose_seed":false,"campfire_upgraded":3,"win_rate":0,"timestamp":1565803256,"path_taken":["M","M","?","?","M","R","$","M","T","R","E","M","R","E"],"build_version":"2019-07-17","purchased_purges":1,"victory":false,"max_hp_per_floor":[75,75,75,75,75,75,75,75,75,75,75,75,75,75],"card_choices":[{"not_picked":["Wild Strike","Evolve"],"picked":"Sword Boomerang","floor":1},{"not_picked":["Fire Breathing","Seeing Red","Heavy Blade"],"picked":"SKIP","floor":2},{"not_picked":["Headbutt","Heavy Blade"],"picked":"Twin Strike","floor":5},{"not_picked":["Perfected Strike","Clash"],"picked":"Rampage","floor":8},{"not_picked":["Power Through","Wild Strike"],"picked":"Shrug It Off","floor":11},{"not_picked":["Burning Pact","Havoc"],"picked":"Iron Wave","floor":12}],"player_experience":749057,"relics_obtained":[{"floor":9,"key":"Boot"},{"floor":11,"key":"Regal Pillow"}],"event_choices":[{"damage_healed":0,"gold_gain":150,"player_choice":"AGREE","damage_taken":0,"max_hp_gain":0,"max_hp_loss":0,"event_name":"Liars Game","floor":3,"gold_loss":0,"cards_obtained":["Doubt"]},{"cards_removed":["Strike_R"],"damage_healed":0,"gold_gain":0,"player_choice":"Card Removal","damage_taken":7,"max_hp_gain":0,"max_hp_loss":0,"event_name":"Golden Wing","floor":4,"gold_loss":0}],"is_beta":false,"boss_relics":[],"items_purged_floors":[7],"is_endless":false,"potions_floor_spawned":[2,8,11],"killed_by":"Gremlin Nob","ascension_level":15}