{"gold_per_floor":[367,385,403,383,315,315,325,341,412,412,7,7,88,102,102,102],"floor_reached":16,"playtime":637,"items_purged":[],"score":165,"play_id":"6819bd1d-721c-4d25-9fa8-3d5b55872c92","local_time":"20190802220022","is_ascension_mode":true,"campfire_choices":[{"data":"Neutralize","floor":6,"key":"SMITH"},{"floor":10,"key":"REST"},{"data":"Dash","floor":12,"key":"SMITH"},{"data":"Tools of the Trade","floor":15,"key":"SMITH"}],"neow_cost":"TEN_PERCENT_HP_LOSS","seed_source_timestamp":1063402091859299,"circlet_count":0,"master_deck":["AscendersBane","Strike_G","Strike_G","Strike_G","Strike_G","Strike_G","Defend_G","Defend_G","Defend_G","Defend_G","Defend_G","Survivor","Neutralize+1","Dash+1","Deflect","Backflip","PiercingWail","Tools of the Trade+1","After Image","Slice+1"],"relics":["Ring of the Snake","Unceasing Top","Gremlin Horn","Molten Egg 2","Frozen Egg 2"],"potions_floor_usage":[14,16],"damage_taken":[{"damage":5,"enemies":"Cultist","floor":1,"turns":5},{"damage":1,"enemies":"Jaw Worm","floor":2,"turns":4},{"damage":1,"enemies":"2 Louse","floor":3,"turns":4},{"damage":16,"enemies":"Exordium Thugs","floor":4,"turns":4},{"damage":0,"enemies":"Looter","floor":7,"turns":4},{"damage":13,"enemies":"Lots of Slimes","floor":8,"turns":10},{"damage":0,"enemies":"Exordium Thugs","floor":14,"turns":5},{"damage":51,"enemies":"Slime Boss","floor":16,"turns":12}],"seed_played":"-367170769493438032","potions_obtained":[{"floor":2,"key":"SteroidPotion"},{"floor":4,"key":"Ancient Potion"},{"floor":14,"key":"SkillPotion"}],"is_trial":false,"path_per_floor":["M","M","M","M","?","R","M","M","T","R","$","R","T","M","R","B"],"character_chosen":"THE_SILENT","items_purchased":["Molten Egg 2","After Image"],"campfire_rested":1,"item_purchase_floors":[11,11],"current_hp_per_floor":[54,53,52,36,36,36,36,23,23,41,41,41,41,41,41,0],"gold":102,"neow_bonus":"TWO_FIFTY_GOLD","is_prod":false,"is_daily":false,"chose_seed":false,"campfire_upgraded":3,"win_rate":0,"timestamp":1564797622,"path_taken":["M","M","M","?","?","R","?","M","T","R","$","R","?","M","R","BOSS"],"build_version":"2019-07-17","purchased_purges":0,"victory":false,"max_hp_per_floor":[60,60,60,60,60,60,60,60,60,60,60,60,60,60,60,60],"card_choices":[{"not_picked":["Blade Dance","Flying Knee"],"picked":"Dash","floor":1},{"not_picked":["Expertise","Prepared"],"picked":"Deflect","floor":2},{"not_picked":["Dash","Distraction"],"picked":"Backflip","floor":3},{"not_picked":["Dash","A Thousand Cuts","Distraction"],"picked":"SKIP","floor":4},{"not_picked":["Cloak And Dagger","Blade Dance"],"picked":"PiercingWail","floor":7},{"not_picked":["Deadly Poison","Poisoned Stab"],"picked":"Tools of the Trade","floor":8},{"not_picked":["Acrobatics","Distraction"],"picked":"Slice+1","floor":14}],"player_experience":634767,"relics_obtained":[{"floor":9,"key":"Gremlin Horn"},{"floor":13,"key":"Frozen Egg 2"}],"event_choices":[{"damage_healed":0,"gold_gain":0,"player_choice":"Paid Gold","damage_taken":0,"relics_obtained":["Unceasing Top"],"max_hp_gain":0,"max_hp_loss":0,"event_name":"WeMeetAgain","floor":5,"gold_loss":68}],"is_beta":false,"boss_relics":[],"items_purged_floors":[],"is_endless":false,"potions_floor_spawned":[2,4,7,14],"killed_by":"Slime Boss","ascension_level":15}