{"gold_per_floor":[117,135,59,12,12,12,40,57,105,2,15,15,15,15,15,88,88,106,106,125,141,36,36,36],"floor_reached":24,"playtime":1127,"items_purged":[],"score":340,"play_id":"c693db65-a1b6-4526-bc25-d8e2c6aded4d","local_time":"20190802201447","is_ascension_mode":true,"campfire_choices":[{"data":"Neutralize","floor":6,"key":"SMITH"},{"data":"Footwork","floor":13,"key":"SMITH"},{"data":"Tactician","floor":15,"key":"SMITH"},{"floor":23,"key":"REST"}],"neow_cost":"NONE","seed_source_timestamp":1056575418097100,"circlet_count":0,"master_deck":["AscendersBane","Strike_G","Strike_G","Strike_G","Strike_G","Strike_G","Defend_G","Defend_G","Defend_G","Defend_G","Defend_G","Survivor","Neutralize+1","Dagger Spray","Acrobatics+1","Tactician+1","Backstab","Cloak And Dagger+1","Footwork+1","Calculated Gamble+1","Terror+1","Malaise+1","Acrobatics+1","Blur+1","Predator+1","Footwork","Deflect+1"],"relics":["Ring of the Snake","Toxic Egg 2","Omamori","Blood Vial","Lizard Tail"],"potions_floor_usage":[7,24],"damage_taken":[{"damage":1,"enemies":"2 Louse","floor":1,"turns":5},{"damage":2,"enemies":"Jaw Worm","floor":2,"turns":4},{"damage":40,"enemies":"Gremlin Nob","floor":7,"turns":6},{"damage":0,"enemies":"Small Slimes","floor":8,"turns":2},{"damage":0,"enemies":"3 Louse","floor":11,"turns":4},{"damage":27,"enemies":"Hexaghost","floor":16,"turns":16},{"damage":6,"enemies":"Shell Parasite","floor":18,"turns":8},{"damage":24,"enemies":"Spheric Guardian","floor":20,"turns":11},{"damage":10,"enemies":"Centurion and Healer","floor":21,"turns":12},{"damage":95,"enemies":"Gremlin Leader","floor":24,"turns":9}],"seed_played":"-1243528671879891692","potions_obtained":[{"floor":2,"key":"SkillPotion"},{"floor":21,"key":"SkillPotion"}],"is_trial":false,"path_per_floor":["M","M","$","?","T","R","E","M","T","$","M","?","R","?","R","B",null,"M","?","M","M","$","R","E"],"character_chosen":"THE_SILENT","items_purchased":["Tactician","Footwork","Calculated Gamble+1","Footwork","Deflect+1"],"campfire_rested":1,"item_purchase_floors":[3,10,10,22,22],"current_hp_per_floor":[64,62,62,62,62,62,22,22,22,22,24,48,48,48,48,23,60,56,56,34,26,26,47,0],"gold":36,"neow_bonus":"TEN_PERCENT_HP_BONUS","is_prod":false,"is_daily":false,"chose_seed":false,"campfire_upgraded":3,"win_rate":0,"timestamp":1564791287,"path_taken":["M","M","$","?","?","R","E","M","T","$","M","?","R","?","R","BOSS","M","?","M","M","$","R","E"],"build_version":"2019-07-17","purchased_purges":0,"victory":false,"max_hp_per_floor":[72,72,72,72,72,72,72,72,72,72,72,72,72,72,72,72,72,72,72,72,72,72,72,72],"card_choices":[{"not_picked":["Prepared","Outmaneuver"],"picked":"Dagger Spray","floor":1},{"not_picked":["Setup","Blade Dance"],"picked":"Acrobatics","floor":2},{"not_picked":["PiercingWail+1","Acrobatics+1"],"picked":"Backstab","floor":7},{"not_picked":["Escape Plan+1","Outmaneuver+1"],"picked":"Cloak And Dagger+1","floor":8},{"not_picked":["Bouncing Flask+1","Eviscerate"],"picked":"Terror+1","floor":11},{"not_picked":["Bullet Time+1","Corpse Explosion+1"],"picked":"Malaise+1","floor":16},{"not_picked":["Blade Dance+1","Poisoned Stab"],"picked":"Acrobatics+1","floor":18},{"not_picked":["Prepared+1","Poisoned Stab"],"picked":"Blur+1","floor":20},{"not_picked":["Underhanded Strike","Expertise+1"],"picked":"Predator+1","floor":21}],"player_experience":631761,"relics_obtained":[{"floor":5,"key":"Toxic Egg 2"},{"floor":7,"key":"Omamori"},{"floor":9,"key":"Blood Vial"}],"event_choices":[{"damage_healed":0,"gold_gain":0,"player_choice":"Left Gold","damage_taken":0,"max_hp_gain":0,"max_hp_loss":0,"event_name":"World of Goop","floor":4,"gold_loss":47},{"damage_healed":24,"gold_gain":0,"player_choice":"Banana","damage_taken":0,"max_hp_gain":0,"max_hp_loss":0,"event_name":"Big Fish","floor":12,"gold_loss":0},{"damage_healed":0,"gold_gain":0,"player_choice":"Grow","damage_taken":0,"max_hp_gain":0,"max_hp_loss":0,"event_name":"Living Wall","floor":14,"gold_loss":0,"cards_upgraded":["Acrobatics"]},{"damage_healed":0,"gold_gain":0,"player_choice":"Smashed Altar","damage_taken":0,"max_hp_gain":0,"max_hp_loss":0,"event_name":"Forgotten Altar","floor":19,"gold_loss":0,"cards_obtained":["Decay"]}],"is_beta":false,"boss_relics":[{"not_picked":["Tiny House","Busted Crown"],"picked":"Lizard Tail"}],"items_purged_floors":[],"is_endless":false,"potions_floor_spawned":[2,21],"killed_by":"Gremlin Leader","ascension_level":15}