{"gold_per_floor":[369,319,319,23,23,23,53,65,65,65,76,94,269,296,296,296],"floor_reached":16,"playtime":522,"items_purged":[],"score":130,"play_id":"f7098147-4744-4f94-86b7-6894c7f5be08","local_time":"20190717083450","is_ascension_mode":true,"campfire_choices":[{"floor":6,"key":"DIG"},{"floor":10,"key":"REST"},{"floor":15,"key":"REST"}],"neow_cost":"TEN_PERCENT_HP_LOSS","seed_source_timestamp":44065374546500,"circlet_count":0,"master_deck":["Strike_G","Strike_G","Strike_G","Strike_G","Defend_G","Defend_G","Defend_G","Defend_G","Defend_G","Survivor","Neutralize","Quick Slash","Regret","Deflect","Leg Sweep","Flying Knee","Terror"],"relics":["Ring of the Snake","Orichalcum","Shovel","Omamori","Vajra","Paper Crane","Art of War"],"potions_floor_usage":[14,14],"damage_taken":[{"damage":0,"enemies":"Small Slimes","floor":1,"turns":3},{"damage":48,"enemies":"Gremlin Nob","floor":7,"turns":6},{"damage":5,"enemies":"Jaw Worm","floor":8,"turns":3},{"damage":4,"enemies":"2 Louse","floor":11,"turns":2},{"damage":5,"enemies":"Looter","floor":12,"turns":4},{"damage":17,"enemies":"Lagavulin","floor":14,"turns":7},{"damage":20,"enemies":"Hexaghost","floor":16,"turns":11}],"seed_played":"-7787846486892473495","potions_obtained":[{"floor":7,"key":"Poison Potion"},{"floor":11,"key":"Energy Potion"},{"floor":12,"key":"Explosive Potion"}],"is_trial":false,"path_per_floor":["M","?","?","$","?","R","E","M","T","R","M","M","?","E","R","B"],"character_chosen":"THE_SILENT","items_purchased":["Shovel"],"campfire_rested":2,"item_purchase_floors":[4],"current_hp_per_floor":[63,63,63,63,63,63,15,10,10,28,24,19,19,2,20,0],"gold":296,"neow_bonus":"TWO_FIFTY_GOLD","is_prod":false,"is_daily":false,"chose_seed":false,"campfire_upgraded":0,"win_rate":0,"timestamp":1563366890,"path_taken":["M","?","?","$","?","R","E","M","T","R","M","M","?","E","R","BOSS"],"build_version":"2019-07-05","purchased_purges":0,"victory":false,"max_hp_per_floor":[63,63,63,63,63,63,63,63,63,63,63,63,63,63,63,63],"card_choices":[{"not_picked":["PiercingWail","Outmaneuver"],"picked":"Quick Slash","floor":1},{"not_picked":["After Image","Tools of the Trade"],"picked":"Deflect","floor":7},{"not_picked":["Sucker Punch","Setup"],"picked":"Leg Sweep","floor":8},{"not_picked":["Poisoned Stab","Prepared"],"picked":"Flying Knee","floor":11},{"not_picked":["Slice","Acrobatics","Concentrate"],"picked":"SKIP","floor":12},{"not_picked":["Quick Slash","Slice"],"picked":"Terror","floor":14}],"player_experience":373576,"relics_obtained":[{"floor":6,"key":"Omamori"},{"floor":7,"key":"Vajra"},{"floor":9,"key":"Paper Crane"},{"floor":14,"key":"Art of War"}],"event_choices":[{"cards_removed":["Strike_G"],"damage_healed":0,"gold_gain":0,"player_choice":"Card Removal","damage_taken":0,"max_hp_gain":0,"max_hp_loss":0,"event_name":"The Cleric","floor":2,"gold_loss":50},{"damage_healed":0,"gold_gain":0,"player_choice":"Box","damage_taken":0,"relics_obtained":["Orichalcum"],"max_hp_gain":0,"max_hp_loss":0,"event_name":"Big Fish","floor":3,"gold_loss":0,"cards_obtained":["Regret"]},{"damage_healed":0,"gold_gain":0,"player_choice":"Ignored","damage_taken":0,"max_hp_gain":0,"max_hp_loss":0,"event_name":"Golden Idol","floor":5,"gold_loss":0},{"damage_healed":0,"gold_gain":175,"player_choice":"AGREE","damage_taken":0,"max_hp_gain":0,"max_hp_loss":0,"event_name":"Liars Game","floor":13,"gold_loss":0,"cards_obtained":["Doubt"]}],"is_beta":false,"boss_relics":[],"items_purged_floors":[],"is_endless":false,"potions_floor_spawned":[7,11,12],"killed_by":"Hexaghost","ascension_level":4}