{"gold_per_floor":[111,123,123,123,123,123,148,148,148,181,199,45,79,97,97,97],"floor_reached":16,"playtime":1291,"items_purged":["Strike_G"],"score":110,"play_id":"c5634469-e409-48ae-be5d-f037ae426bcb","local_time":"20181015114208","is_ascension_mode":true,"campfire_choices":[{"data":"Neutralize","floor":6,"key":"SMITH"},{"data":"Escape Plan","floor":8,"key":"SMITH"},{"floor":15,"key":"REST"}],"neow_cost":"NONE","seed_source_timestamp":263721805608936,"circlet_count":0,"master_deck":["Defend_G","Defend_G","Defend_G","Defend_G","Defend_G","Strike_G","Strike_G","Strike_G","Strike_G","Survivor","Neutralize+1","Escape Plan+1","Footwork+1","Dagger Spray","Dagger Spray","Caltrops","Die Die Die","Endless Agony"],"relics":["Ring of the Snake","NeowsBlessing","Golden Idol","Regal Pillow","Odd Mushroom","Potion Belt"],"potions_floor_usage":[13,16],"damage_taken":[{"damage":0,"enemies":"Cultist","floor":1,"turns":1},{"damage":0,"enemies":"Small Slimes","floor":2,"turns":1},{"damage":0,"enemies":"Jaw Worm","floor":7,"turns":1},{"damage":22,"enemies":"The Mushroom Lair","floor":10,"turns":8},{"damage":16,"enemies":"3 Louse","floor":11,"turns":2},{"damage":8,"enemies":"Lagavulin","floor":13,"turns":9},{"damage":4,"enemies":"Lots of Slimes","floor":14,"turns":4},{"damage":49,"enemies":"Hexaghost","floor":16,"turns":11}],"seed_played":"19670063139388873","potions_obtained":[{"floor":10,"key":"Poison Potion"},{"floor":14,"key":"Explosive Potion"}],"is_trial":false,"path_per_floor":["M","M","?","?","?","R","M","R","T","?","M","$","E","M","R"],"character_chosen":"THE_SILENT","items_purchased":["Caltrops"],"campfire_rested":1,"item_purchase_floors":[12],"current_hp_per_floor":[70,70,75,75,57,57,57,57,57,35,19,19,11,7,44,0],"gold":97,"neow_bonus":"THREE_ENEMY_KILL","is_prod":false,"is_daily":false,"chose_seed":false,"campfire_upgraded":2,"win_rate":0,"timestamp":1539600128,"path_taken":["M","?","?","?","?","R","M","R","T","?","M","$","E","?","R","BOSS"],"build_version":"2018-10-11","purchased_purges":1,"victory":false,"max_hp_per_floor":[70,70,75,75,75,75,75,75,75,75,75,75,75,75,75,75],"card_choices":[{"not_picked":["Poisoned Stab","Slice"],"picked":"Escape Plan","floor":1},{"not_picked":["Well Laid Plans","Heel Hook"],"picked":"Footwork","floor":2},{"not_picked":["Acrobatics","Eviscerate","Accuracy"],"picked":"SKIP","floor":7},{"not_picked":["Tactician","Underhanded Strike"],"picked":"Dagger Spray","floor":10},{"not_picked":["Bane","Acrobatics"],"picked":"Dagger Spray","floor":11},{"not_picked":["Deflect","Bullet Time"],"picked":"Die Die Die","floor":13},{"not_picked":["Outmaneuver","Distraction"],"picked":"Endless Agony","floor":14}],"player_experience":173724,"relics_obtained":[{"floor":9,"key":"Regal Pillow"},{"floor":10,"key":"Odd Mushroom"},{"floor":13,"key":"Potion Belt"}],"event_choices":[{"event_name":"Big Fish","player_choice":"Donut","floor":3,"damage_taken":0},{"event_name":"Upgrade Shrine","player_choice":"Upgraded","floor":4,"damage_taken":0},{"event_name":"Golden Idol","player_choice":"Take Damage","floor":5,"damage_taken":0},{"event_name":"Mushrooms","player_choice":"Fought Mushrooms","floor":10,"damage_taken":0}],"is_beta":false,"boss_relics":[],"items_purged_floors":[12],"is_endless":false,"potions_floor_spawned":[10,14],"killed_by":"Hexaghost","ascension_level":2}