{"gold_per_floor":[112,41,41,41,41,75,75,91,91,116,127,152,152,163,163,262,262,280,296,319,155,155,155,184,184,211,211,136,168,188,205,205,205],"floor_reached":33,"playtime":5475,"items_purged":["Strike_G"],"score":526,"play_id":"0f1d664d-a696-46a0-9088-008547f3d1c3","local_time":"20180704134101","is_ascension_mode":true,"campfire_choices":[{"data":"Venomology","floor":7.0,"key":"SMITH"},{"floor":13.0,"key":"REST"},{"floor":15.0,"key":"REST"},{"data":"A Thousand Cuts","floor":23.0,"key":"SMITH"},{"floor":25.0,"key":"REST"},{"floor":27.0,"key":"REST"},{"floor":32,"key":"REST"}],"neow_cost":"","seed_source_timestamp":1329933181380986,"circlet_count":0,"master_deck":["Defend_G","Defend_G","Defend_G","Defend_G","Defend_G","Strike_G","Strike_G","Strike_G","Survivor","Neutralize","Slice","Caltrops","Venomology+1","A Thousand Cuts+1","Flying Knee","Slice","All Out Attack","Endless Agony","Mind Blast","Caltrops","Backflip","Backflip","Sucker Punch","Cloak And Dagger"],"special_seed":0,"relics":["Ring of the Snake","NeowsBlessing","Bottled Flame","Orichalcum","Dodecahedron","Eternal Feather","Strawberry","Nloth\u0027s Gift","Gremlin Horn","Anchor","Ornamental Fan"],"potions_floor_usage":[29,29,30,30,30,31,31,33,33],"damage_taken":[{"damage":0.0,"enemies":"Small Slimes","floor":1.0,"turns":1.0},{"damage":0.0,"enemies":"Gremlin Nob","floor":6.0,"turns":1.0},{"damage":0.0,"enemies":"Cultist","floor":8.0,"turns":1.0},{"damage":32.0,"enemies":"Lagavulin","floor":10.0,"turns":11.0},{"damage":0.0,"enemies":"2 Louse","floor":11.0,"turns":3.0},{"damage":4.0,"enemies":"Gremlin Nob","floor":12.0,"turns":4.0},{"damage":0.0,"enemies":"Exordium Thugs","floor":14.0,"turns":6.0},{"damage":0.0,"enemies":"Slime Boss","floor":16.0,"turns":6.0},{"damage":0.0,"enemies":"3 Byrds","floor":18.0,"turns":5.0},{"damage":20.0,"enemies":"2 Thieves","floor":19.0,"turns":4.0},{"damage":56.0,"enemies":"Gremlin Leader","floor":24.0,"turns":9.0},{"damage":28,"enemies":"Book of Stabbing","floor":29,"turns":5},{"damage":0,"enemies":"Centurion and Healer","floor":30,"turns":6},{"damage":12,"enemies":"Snecko","floor":31,"turns":4},{"damage":64,"enemies":"Collector","floor":33,"turns":12}],"seed_played":"5975412057520175771","potions_obtained":[{"floor":10.0,"key":"Swift Potion"},{"floor":12.0,"key":"Ancient Potion"},{"floor":16.0,"key":"Block Potion"},{"floor":19.0,"key":"SpeedPotion"},{"floor":24.0,"key":"SkillPotion"},{"floor":29,"key":"SpeedPotion"},{"floor":31,"key":"Ancient Potion"}],"is_trial":false,"path_per_floor":["M","$","?","?","?","E","R","M","T","E","M","E","R","M","R","B",null,"M","M","T","$","?","R","E","R","T","R","$","E","M","M","R"],"character_chosen":"THE_SILENT","items_purchased":["Caltrops","Mind Blast","Caltrops"],"campfire_rested":5,"item_purchase_floors":[],"current_hp_per_floor":[63,63,63,63,63,63,63,63,63,31,31,27,48,48,69,69,70,70,50,57,57,57,65,9,40,40,71,71,43,43,31,62,0],"gold":205,"neow_bonus":"","is_prod":false,"is_daily":false,"chose_seed":false,"campfire_upgraded":2,"win_rate":0,"timestamp":1530708061,"path_taken":["M","$","?","?","?","E","R","?","T","E","M","E","R","M","R","BOSS","M","?","?","$","?","R","E","R","T","R","$","E","M","M","R","BOSS"],"build_version":"2018-06-28","purchased_purges":1,"victory":false,"max_hp_per_floor":[70,70,70,70,70,70,70,70,70,70,70,70,70,70,70,70,70,70,70,77,77,77,77,77,77,77,77,77,77,77,77,77,77],"card_choices":[{"not_picked":["Outmaneuver","Heel Hook"],"picked":"Slice","floor":1.0},{"not_picked":["Deflect","Bane"],"picked":"Venomology","floor":6.0},{"not_picked":["Deadly Poison","Acrobatics","Quick Slash"],"picked":"SKIP","floor":8.0},{"not_picked":["Sucker Punch","Backstab"],"picked":"A Thousand Cuts","floor":10.0},{"not_picked":["Setup","Reflex"],"picked":"Flying Knee","floor":11.0},{"not_picked":["Poisoned Stab","Heel Hook"],"picked":"Slice","floor":12.0},{"not_picked":["Masterful Stab","Skewer"],"picked":"All Out Attack","floor":14.0},{"not_picked":["Bouncing Flask","Deadly Poison"],"picked":"Endless Agony","floor":18.0},{"not_picked":["All Out Attack+1","Dagger Spray","Slice"],"picked":"SKIP","floor":19.0},{"not_picked":["Dagger Spray","Acrobatics"],"picked":"Backflip","floor":24.0},{"not_picked":["Prepared","Deflect"],"picked":"Backflip","floor":29},{"not_picked":["Caltrops","All Out Attack"],"picked":"Sucker Punch","floor":30},{"not_picked":["Crippling Poison","Flying Knee"],"picked":"Cloak And Dagger","floor":31}],"player_experience":345774,"relics_obtained":[{"floor":6.0,"key":"Pen Nib"},{"floor":9.0,"key":"Bottled Flame"},{"floor":10.0,"key":"Orichalcum"},{"floor":12.0,"key":"Dodecahedron"},{"floor":20.0,"key":"Strawberry"},{"floor":24.0,"key":"Gremlin Horn"},{"floor":26.0,"key":"Anchor"},{"floor":29,"key":"Ornamental Fan"}],"event_choices":[{"event_name":"Purifier","player_choice":"One Purge","floor":3.0,"damage_taken":0.0},{"event_name":"The Cleric","player_choice":"Leave","floor":4.0,"damage_taken":0.0},{"event_name":"Scrap Ooze","player_choice":"unsuccessful","floor":5.0,"damage_taken":0.0},{"event_name":"N\u0027loth","player_choice":"Traded a Pen Nib","floor":22.0,"damage_taken":0.0}],"boss_relics":[{"not_picked":["Calling Bell","Philosopher\u0027s Stone"],"picked":"Eternal Feather"}],"items_purged_floors":[],"is_endless":false,"potions_floor_spawned":[10,12,14,16,19,24,29,31],"killed_by":"Collector","ascension_level":8}