{"gold_per_floor":[214,232,232,134,153,153,185,185,267,267,292,292,333,254,254,375,375,399,399,414,438,438,479,479,500,500,322,322,338,338,362,362,482,482,500,525,858,878,448,448,480,480,480,495,514,514,532,10,10,10],"floor_reached":51,"playtime":5198,"items_purged":["Strike_G","Strike_G","Strike_G","Strike_G"],"score":848,"play_id":"7909724c-fad7-4afe-b822-9a96b9b9bad2","local_time":"20180703094949","is_ascension_mode":true,"campfire_choices":[{"data":"Leg Sweep","floor":6.0,"key":"SMITH"},{"data":"Neutralize","floor":8.0,"key":"SMITH"},{"data":"Backflip","floor":10.0,"key":"SMITH"},{"floor":15.0,"key":"REST"},{"floor":24.0,"key":"REST"},{"floor":28.0,"key":"REST"},{"floor":32.0,"key":"REST"},{"data":"Footwork","floor":40.0,"key":"SMITH"},{"floor":46,"key":"REST"},{"floor":49,"key":"REST"}],"neow_cost":"","seed_source_timestamp":0,"circlet_count":0,"master_deck":["Defend_G","Defend_G","Defend_G+1","Defend_G","Defend_G+1","Strike_G","Survivor","Neutralize+1","Leg Sweep+1","Backstab","Backflip+1","Slice","Caltrops","Well Laid Plans","Caltrops","A Thousand Cuts+1","Footwork","Footwork+1","Prepared+1","Parasite","PiercingWail","Deflect","Deflect","Footwork+1","Adrenaline","Malaise+1","Flying Knee+1","Escape Plan+1","Dodge and Roll+1","Prepared+1","Caltrops","PiercingWail","Master of Strategy","Escape Plan+1","Endless Agony","Die Die Die","Cloak And Dagger"],"special_seed":0,"relics":["Ring of the Snake","War Paint","Dodecahedron","Ancient Tea Set","Bag of Marbles","Cursed Key","Tingsha","Shuriken","Orrery","Pear","Bottled Lightning"],"potions_floor_usage":[44,50,50,50],"damage_taken":[{"damage":1.0,"enemies":"Small Slimes","floor":1.0,"turns":4.0},{"damage":0.0,"enemies":"Cultist","floor":2.0,"turns":5.0},{"damage":0.0,"enemies":"Jaw Worm","floor":5.0,"turns":4.0},{"damage":9.0,"enemies":"3 Sentries","floor":7.0,"turns":16.0},{"damage":37.0,"enemies":"Gremlin Nob","floor":11.0,"turns":7.0},{"damage":10.0,"enemies":"Lagavulin","floor":13.0,"turns":13.0},{"damage":4.0,"enemies":"Hexaghost","floor":16.0,"turns":14.0},{"damage":0.0,"enemies":"3 Byrds","floor":18.0,"turns":2.0},{"damage":0.0,"enemies":"Shell Parasite","floor":20.0,"turns":5.0},{"damage":14.0,"enemies":"Snake Plant","floor":21.0,"turns":5.0},{"damage":33.0,"enemies":"Slavers","floor":23.0,"turns":8.0},{"damage":3.0,"enemies":"Centurion and Healer","floor":25.0,"turns":9.0},{"damage":4.0,"enemies":"Sentry and Sphere","floor":29.0,"turns":6.0},{"damage":36.0,"enemies":"Cultist and Chosen","floor":31.0,"turns":9.0},{"damage":5.0,"enemies":"Automaton","floor":33.0,"turns":15.0},{"damage":0.0,"enemies":"Orb Walker","floor":35.0,"turns":4.0},{"damage":5.0,"enemies":"3 Shapes","floor":36.0,"turns":5.0},{"damage":0.0,"enemies":"Maw","floor":38.0,"turns":10.0},{"damage":17,"enemies":"2 Orb Walkers","floor":41,"turns":6},{"damage":4,"enemies":"Sphere and 2 Shapes","floor":44,"turns":7},{"damage":20,"enemies":"3 Darklings","floor":45,"turns":4},{"damage":0,"enemies":"Maw","floor":47,"turns":10},{"damage":35,"enemies":"Donu and Deca","floor":50,"turns":14}],"seed_played":"4563919195764460592","potions_obtained":[{"floor":2.0,"key":"SkillPotion"},{"floor":5.0,"key":"GamblersBrew"},{"floor":13.0,"key":"GhostInAJar"},{"floor":18.0,"key":"SpeedPotion"},{"floor":23.0,"key":"GamblersBrew"},{"floor":29.0,"key":"Block Potion"},{"floor":31.0,"key":"Poison Potion"},{"floor":33.0,"key":"AttackPotion"},{"floor":38.0,"key":"Strength Potion"},{"floor":41,"key":"Fire Potion"},{"floor":45,"key":"SpeedPotion"},{"floor":47,"key":"SkillPotion"}],"is_trial":false,"path_per_floor":["M","M","?","$","M","R","E","R","T","R","E","?","E","$","R","B",null,"M","?","M","M","?","E","R","M","T","$","R","M","?","M","R","B",null,"M","M","?","M","$","R","E","?","T","M","M","R","M","$","R","B"],"character_chosen":"THE_SILENT","items_purchased":["Backflip","Caltrops","PiercingWail","Deflect","Caltrops","PiercingWail","Master of Strategy","Die Die Die","Cloak And Dagger","Bottled Lightning"],"campfire_rested":6,"item_purchase_floors":[],"current_hp_per_floor":[69,69,69,69,69,69,60,60,60,60,23,23,13,13,32,28,65,65,65,65,51,51,18,37,34,34,34,53,49,49,13,32,27,65,65,60,60,60,60,60,53,53,53,49,29,51,51,51,73,38],"gold":10,"neow_bonus":"","is_prod":false,"is_daily":false,"chose_seed":false,"campfire_upgraded":4,"win_rate":0,"timestamp":1530607789,"path_taken":["M","M","?","?","?","R","E","R","T","R","E","?","E","$","R","BOSS","M","?","M","M","?","E","R","M","T","$","R","M","?","M","R","BOSS","M","?","?","M","$","R","E","?","T","?","M","R","M","$","R","BOSS"],"build_version":"2018-06-28","purchased_purges":4,"victory":true,"max_hp_per_floor":[70,70,70,70,70,70,70,70,70,70,70,65,65,65,65,65,65,65,65,65,65,65,65,65,65,65,65,65,65,65,65,65,65,65,65,65,65,65,65,65,75,75,75,75,75,75,75,75,75,75],"card_choices":[{"not_picked":["Prepared","Acrobatics"],"picked":"Leg Sweep","floor":1.0},{"not_picked":["Outmaneuver","Heel Hook"],"picked":"Backstab","floor":2.0},{"not_picked":["Quick Slash","Prepared"],"picked":"Slice","floor":5.0},{"not_picked":["Grand Finale","Distraction","Outmaneuver"],"picked":"SKIP","floor":7.0},{"not_picked":["Outmaneuver","Backflip"],"picked":"Caltrops","floor":11.0},{"not_picked":["Quick Slash","Deflect"],"picked":"Well Laid Plans","floor":13.0},{"not_picked":["Wraith Form v2","Doppelganger"],"picked":"A Thousand Cuts","floor":16.0},{"not_picked":["Dagger Throw","Cloak And Dagger"],"picked":"Footwork","floor":18.0},{"not_picked":["PiercingWail+1","Sucker Punch"],"picked":"Footwork","floor":20.0},{"not_picked":["Poisoned Stab","Burst","Quick Slash"],"picked":"SKIP","floor":21.0},{"not_picked":["Masterful Stab","Eviscerate"],"picked":"Prepared+1","floor":23.0},{"not_picked":["Distraction","Choke+1","Deadly Poison"],"picked":"SKIP","floor":25.0},{"not_picked":["Slice+1","Riddle With Holes+1"],"picked":"Deflect","floor":29.0},{"not_picked":["All Out Attack+1","Catalyst"],"picked":"Footwork+1","floor":31.0},{"not_picked":["Tools of the Trade","Phantasmal Killer"],"picked":"Adrenaline","floor":33.0},{"not_picked":["Cloak And Dagger","Infinite Blades+1"],"picked":"Malaise+1","floor":34.0},{"not_picked":["Footwork","Slice"],"picked":"Flying Knee+1","floor":34.0},{"not_picked":["Acrobatics","Masterful Stab"],"picked":"Escape Plan+1","floor":34.0},{"not_picked":["Outmaneuver+1","Bullet Time"],"picked":"Dodge and Roll+1","floor":35.0},{"not_picked":["Bane","Choke"],"picked":"Prepared+1","floor":36.0},{"not_picked":["Distraction+1","Finisher+1","Prepared+1"],"picked":"SKIP","floor":38.0},{"not_picked":["Corpse Explosion","Dagger Throw","Prepared"],"picked":"SKIP","floor":41},{"not_picked":["PiercingWail+1","Slice+1"],"picked":"Escape Plan+1","floor":44},{"not_picked":["Poisoned Stab","Calculated Gamble+1","Quick Slash+1"],"picked":"SKIP","floor":45},{"not_picked":["Outmaneuver+1","Skewer+1"],"picked":"Endless Agony","floor":47}],"player_experience":290088,"relics_obtained":[{"floor":7.0,"key":"War Paint"},{"floor":9.0,"key":"Dodecahedron"},{"floor":11.0,"key":"Ancient Tea Set"},{"floor":13.0,"key":"Bag of Marbles"},{"floor":23.0,"key":"Tingsha"},{"floor":26.0,"key":"Shuriken"},{"floor":41,"key":"Pear"}],"event_choices":[{"event_name":"Liars Game","player_choice":"disagreed","floor":3.0,"damage_taken":0.0},{"event_name":"Golden Idol","player_choice":"Lose Max HP","floor":12.0,"damage_taken":0.0},{"event_name":"Ghosts","player_choice":"Ignored","floor":19.0,"damage_taken":0.0},{"event_name":"Upgrade Shrine","player_choice":"Upgraded","floor":22.0,"damage_taken":0.0},{"event_name":"Cursed Tome","player_choice":"Ignored","floor":30.0,"damage_taken":0.0},{"event_name":"The Moai Head","player_choice":"Gave Idol","floor":37.0,"damage_taken":0.0},{"event_name":"Mysterious Sphere","player_choice":"Ignore","floor":42,"damage_taken":0}],"boss_relics":[{"not_picked":["Black Star","White Beast Statue"],"picked":"Cursed Key"},{"not_picked":["Lizard Tail","Busted Crown"],"picked":"Orrery"}],"items_purged_floors":[],"is_endless":false,"potions_floor_spawned":[2,5,13,18,23,29,31,33,38,41,45,47],"ascension_level":4}