{"gold_per_floor":[219,294,6,6,6,6,26,41,41,41,56,69,88,99,99,194,194,204,61,21,34,47,47,47,47,47,58,58,70,48,48,48,48],"floor_reached":33,"playtime":2308,"items_purged":["Strike_G"],"score":347,"play_id":"50af0ab7-a130-4e28-aab6-2a80225cdbf4","local_time":"20181203161811","is_ascension_mode":true,"campfire_choices":[{"data":"Leg Sweep","floor":6.0,"key":"SMITH"},{"data":"Footwork","floor":10.0,"key":"SMITH"},{"data":"Terror","floor":15.0,"key":"SMITH"},{"data":"Adrenaline","floor":23.0,"key":"SMITH"},{"data":"Noxious Fumes","floor":25.0,"key":"SMITH"},{"data":"Adrenaline","floor":28.0,"key":"SMITH"},{"data":"Caltrops","floor":32.0,"key":"SMITH"}],"neow_cost":"NONE","seed_source_timestamp":427968578716149,"circlet_count":0,"master_deck":["Defend_G","Defend_G","Defend_G","Defend_G","Defend_G","Strike_G","Strike_G","Strike_G","Strike_G","Survivor","Neutralize","Leg Sweep+1","Slice","Footwork+1","All Out Attack","Deflect","Endless Agony","Terror+1","Adrenaline+1","Escape Plan","Noxious Fumes+1","Bouncing Flask","Caltrops+1","Slice+1","Adrenaline+1","PiercingWail","Flying Knee"],"special_seed":0,"relics":["Ring of the Snake","Snake Skull","Oddly Smooth Stone","Cursed Key"],"potions_floor_usage":[33],"damage_taken":[{"damage":0.0,"enemies":"2 Louse","floor":1.0,"turns":4.0},{"damage":0.0,"enemies":"Cultist","floor":7.0,"turns":5.0},{"damage":0.0,"enemies":"Jaw Worm","floor":8.0,"turns":5.0},{"damage":0.0,"enemies":"Lots of Slimes","floor":11.0,"turns":8.0},{"damage":0.0,"enemies":"3 Louse","floor":12.0,"turns":4.0},{"damage":0.0,"enemies":"Exordium Thugs","floor":13.0,"turns":7.0},{"damage":0.0,"enemies":"Looter","floor":14.0,"turns":4.0},{"damage":0.0,"enemies":"Hexaghost","floor":16.0,"turns":14.0},{"damage":13.0,"enemies":"Spheric Guardian","floor":18.0,"turns":8.0},{"damage":0.0,"enemies":"Chosen","floor":21.0,"turns":4.0},{"damage":9.0,"enemies":"Shelled Parasite and Fungi","floor":22.0,"turns":5.0},{"damage":12.0,"enemies":"Snecko","floor":27.0,"turns":6.0},{"damage":10.0,"enemies":"Centurion and Healer","floor":29.0,"turns":7.0},{"damage":64,"enemies":"Automaton","floor":33,"turns":8}],"seed_played":"-4716308831986218111","potions_obtained":[{"floor":4.0,"key":"EntropicBrew"},{"floor":4.0,"key":"SneckoOil"},{"floor":4.0,"key":"GhostInAJar"},{"floor":8.0,"key":"FearPotion"},{"floor":11.0,"key":"Block Potion"},{"floor":13.0,"key":"Swift Potion"},{"floor":20.0,"key":"PowerPotion"},{"floor":20.0,"key":"FearPotion"},{"floor":20.0,"key":"Block Potion"},{"floor":21.0,"key":"Fruit Juice"},{"floor":29.0,"key":"GamblersBrew"}],"is_trial":false,"path_per_floor":["M","?","$","?","$","R","M","M","T","R","M","M","M","M","R","B",null,"M","$","?","M","M","R","?","R","T","M","R","M","$","$","R","B"],"character_chosen":"THE_SILENT","items_purchased":["Snake Skull","Leg Sweep","Noxious Fumes","Bouncing Flask","Flying Knee"],"campfire_rested":0,"item_purchase_floors":[3,3,19,19,30],"current_hp_per_floor":[70,59,59,59,59,59,59,59,59,59,59,59,59,59,59,59,70,57,57,57,57,53,53,75,75,75,63,63,53,53,53,53,0],"gold":48,"neow_bonus":"HUNDRED_GOLD","is_prod":false,"is_daily":false,"chose_seed":false,"campfire_upgraded":7,"win_rate":0,"timestamp":1543853891,"path_taken":["M","?","$","?","$","R","M","M","T","R","M","M","M","?","R","BOSS","M","$","?","M","?","R","?","R","T","M","R","M","?","$","R","BOSS"],"build_version":"2018-11-15","purchased_purges":1,"victory":false,"max_hp_per_floor":[70,70,70,70,70,70,70,70,70,70,70,70,70,70,70,70,70,70,70,70,70,75,75,75,75,75,75,75,75,75,75,75,75],"card_choices":[{"not_picked":["Deadly Poison","Quick Slash","Dagger Throw"],"picked":"SKIP","floor":1.0},{"not_picked":["Blur","Masterful Stab"],"picked":"Slice","floor":7.0},{"not_picked":["Underhanded Strike","Flying Knee"],"picked":"Footwork","floor":8.0},{"not_picked":["Catalyst","Grand Finale"],"picked":"All Out Attack","floor":11.0},{"not_picked":["Riddle With Holes","Deadly Poison"],"picked":"Deflect","floor":12.0},{"not_picked":["Underhanded Strike","Crippling Poison"],"picked":"Endless Agony","floor":13.0},{"not_picked":["Acrobatics","Underhanded Strike"],"picked":"Terror","floor":14.0},{"not_picked":["Wraith Form v2","A Thousand Cuts"],"picked":"Adrenaline","floor":16.0},{"not_picked":["Backflip","Underhanded Strike"],"picked":"Escape Plan","floor":18.0},{"not_picked":["Acrobatics+1","Infinite Blades"],"picked":"Caltrops","floor":21.0},{"not_picked":["Expertise","Blade Dance"],"picked":"Slice+1","floor":22.0},{"not_picked":["Backflip","Dash+1"],"picked":"Adrenaline","floor":27.0},{"not_picked":["Endless Agony","Blade Dance"],"picked":"PiercingWail","floor":29.0}],"player_experience":273721,"relics_obtained":[{"floor":9.0,"key":"Oddly Smooth Stone"}],"event_choices":[{"damage_healed":0.0,"max_hp_gain":0.0,"max_hp_loss":0.0,"gold_gain":75.0,"event_name":"World of Goop","player_choice":"Gather Gold","floor":2.0,"gold_loss":0.0,"damage_taken":11.0},{"damage_healed":0.0,"max_hp_gain":0.0,"max_hp_loss":0.0,"gold_gain":0.0,"event_name":"Lab","player_choice":"Got Potions","floor":4.0,"gold_loss":0.0,"damage_taken":0.0},{"damage_healed":0.0,"max_hp_gain":0.0,"max_hp_loss":0.0,"gold_gain":0.0,"event_name":"The Woman in Blue","player_choice":"Bought 3 Potions","floor":20.0,"gold_loss":0.0,"damage_taken":0.0},{"damage_healed":22.0,"max_hp_gain":0.0,"max_hp_loss":0.0,"gold_gain":0.0,"event_name":"Wheel of Change","player_choice":"Full Heal","floor":24.0,"gold_loss":0.0,"damage_taken":0.0}],"is_beta":false,"boss_relics":[{"not_picked":["Busted Crown","Astrolabe"],"picked":"Cursed Key"}],"items_purged_floors":[3],"is_endless":false,"potions_floor_spawned":[8,11,13,21,29],"killed_by":"Automaton","ascension_level":4}