{"gold_per_floor":[113,132,142,142,142,153,153,173,197,209,209,223,234,250,250,250],"floor_reached":16,"playtime":785,"items_purged":[],"score":98,"play_id":"23a48867-c272-4451-845f-02570a90d30e","local_time":"20180624102207","is_ascension_mode":false,"campfire_choices":[{"floor":11,"key":"REST"},{"floor":15,"key":"REST"}],"neow_cost":"NONE","seed_source_timestamp":460906347025006,"circlet_count":0,"master_deck":["Strike_R","Strike_R","Strike_R","Strike_R","Strike_R","Defend_R","Defend_R","Defend_R","Defend_R","Bash","Clothesline+1","Anger","Shrug It Off","Regret","Cleave","Body Slam","Clothesline","Iron Wave","Perfected Strike","Perfected Strike"],"relics":["Burning Blood","NeowsBlessing","Lantern","Anchor"],"potions_floor_usage":[6,8,10,14],"damage_taken":[{"damage":0,"enemies":"Cultist","floor":1,"turns":1},{"damage":0,"enemies":"Jaw Worm","floor":2,"turns":1},{"damage":0,"enemies":"Small Slimes","floor":3,"turns":1},{"damage":22,"enemies":"Exordium Thugs","floor":6,"turns":6},{"damage":10,"enemies":"Looter","floor":8,"turns":3},{"damage":2,"enemies":"Large Slime","floor":10,"turns":5},{"damage":28,"enemies":"Gremlin Gang","floor":12,"turns":5},{"damage":1,"enemies":"Red Slaver","floor":13,"turns":2},{"damage":11,"enemies":"2 Fungi Beasts","floor":14,"turns":3},{"damage":80,"enemies":"Hexaghost","floor":16,"turns":15}],"seed_played":"4604902296064507187","potions_obtained":[{"floor":3,"key":"FearPotion"},{"floor":6,"key":"FearPotion"},{"floor":8,"key":"SteroidPotion"},{"floor":13,"key":"LiquidBronze"}],"is_trial":false,"path_per_floor":["M","M","M","?","?","M","$","M","T","M","R","M","M","M","R"],"character_chosen":"IRONCLAD","items_purchased":[],"campfire_rested":2,"item_purchase_floors":[],"current_hp_per_floor":[80,80,80,80,80,64,64,60,60,64,80,58,63,58,80,0],"gold":250,"neow_bonus":"THREE_ENEMY_KILL","is_prod":false,"is_daily":false,"chose_seed":false,"campfire_upgraded":0,"win_rate":0.0,"timestamp":1529832127,"path_taken":["M","M","?","?","?","M","$","M","T","M","R","?","M","M","R","BOSS"],"build_version":"2018-06-21v2","purchased_purges":0,"victory":false,"max_hp_per_floor":[80,80,80,80,80,80,80,80,80,80,80,80,80,80,80,80],"card_choices":[{"not_picked":["Armaments","Spot Weakness"],"picked":"Clothesline","floor":1},{"not_picked":["Shrug It Off","Evolve"],"picked":"Anger","floor":2},{"not_picked":["Evolve","Burning Pact"],"picked":"Shrug It Off","floor":3},{"not_picked":["Shrug It Off","Body Slam"],"picked":"Cleave","floor":6},{"not_picked":["Feel No Pain","Burning Pact"],"picked":"Body Slam","floor":8},{"not_picked":["Warcry","Wild Strike"],"picked":"Clothesline","floor":10},{"not_picked":["Evolve","Second Wind"],"picked":"Iron Wave","floor":12},{"not_picked":["Power Through","Dropkick"],"picked":"Perfected Strike","floor":13},{"not_picked":["Rage","Battle Trance"],"picked":"Perfected Strike","floor":14}],"player_experience":99313,"relics_obtained":[{"floor":9,"key":"Anchor"}],"event_choices":[{"event_name":"Big Fish","player_choice":"Box","floor":4,"damage_taken":0},{"event_name":"Upgrade Shrine","player_choice":"Upgraded","floor":5,"damage_taken":0}],"boss_relics":[],"items_purged_floors":[],"is_endless":false,"potions_floor_spawned":[3,6,8,13],"killed_by":"Hexaghost","ascension_level":0}