{"gold_per_floor":[116,116,127,14,32,32,65,84,84,84,116,116,135,135,135,233,233,243,156,172,133,133,133,165,177,203,203,222,222,249,249,249,350,350,365,375,214,226,79,109,109,109,189,189,209,2,2,12,12,12],"floor_reached":51,"playtime":4843,"items_purged":[],"score":866,"play_id":"01ec5683-06ec-424b-9d33-e5abe5d85ac7","local_time":"20180703120554","is_ascension_mode":true,"campfire_choices":[{"data":"Well Laid Plans","floor":6.0,"key":"SMITH"},{"data":"Footwork","floor":10.0,"key":"SMITH"},{"floor":12.0,"key":"REST"},{"data":"Cloak And Dagger","floor":15.0,"key":"SMITH"},{"data":"A Thousand Cuts","floor":23.0,"key":"SMITH"},{"floor":27.0,"key":"REST"},{"data":"Noxious Fumes","floor":29.0,"key":"SMITH"},{"floor":32.0,"key":"REST"},{"floor":41,"key":"REST"},{"data":"Noxious Fumes","floor":44,"key":"SMITH"},{"floor":49,"key":"REST"}],"neow_cost":"","seed_source_timestamp":1240261410535264,"circlet_count":0,"master_deck":["Defend_G+1","Defend_G+1","Defend_G+1","Defend_G+1","Strike_G+1","Strike_G+1","Survivor","Neutralize+1","Backflip","Backstab","Predator","All Out Attack","Well Laid Plans+1","Predator","Footwork+1","Cloak And Dagger+1","Backflip","A Thousand Cuts+1","Malaise+1","Infinite Blades","Sucker Punch","Sucker Punch","Noxious Fumes+1","Backflip+1","Bane+1","Bouncing Flask","After Image","Bane+1","Dash+1","Bouncing Flask+1","Noxious Fumes+1","Backflip+1","After Image","Caltrops","Adrenaline","Infinite Blades","Heel Hook","Infinite Blades","Bandage Up","Madness","Madness","Malaise+1"],"special_seed":0,"relics":["Ring of the Snake","Bag of Preparation","Shuriken","Question Card","Mummified Hand","Sozu","Ornamental Fan","Art of War","Anchor","Astrolabe","Snake Skull","Bottled Lightning","Toolbox"],"potions_floor_usage":[],"damage_taken":[{"damage":0.0,"enemies":"Cultist","floor":1.0,"turns":4.0},{"damage":12.0,"enemies":"Small Slimes","floor":3.0,"turns":8.0},{"damage":0.0,"enemies":"2 Louse","floor":5.0,"turns":2.0},{"damage":14.0,"enemies":"Lagavulin","floor":7.0,"turns":9.0},{"damage":0.0,"enemies":"Looter","floor":8.0,"turns":2.0},{"damage":24.0,"enemies":"Gremlin Nob","floor":11.0,"turns":4.0},{"damage":0.0,"enemies":"Exordium Thugs","floor":13.0,"turns":3.0},{"damage":5.0,"enemies":"Hexaghost","floor":16.0,"turns":11.0},{"damage":1.0,"enemies":"Shell Parasite","floor":18.0,"turns":4.0},{"damage":6.0,"enemies":"2 Thieves","floor":20.0,"turns":4.0},{"damage":15.0,"enemies":"Book of Stabbing","floor":24.0,"turns":5.0},{"damage":0.0,"enemies":"Centurion and Healer","floor":25.0,"turns":4.0},{"damage":18.0,"enemies":"Snecko","floor":28.0,"turns":4.0},{"damage":53.0,"enemies":"Champ","floor":33.0,"turns":9.0},{"damage":3.0,"enemies":"3 Shapes","floor":35.0,"turns":3.0},{"damage":0.0,"enemies":"3 Darklings","floor":36.0,"turns":3.0},{"damage":0.0,"enemies":"Sphere and 2 Shapes","floor":38.0,"turns":6.0},{"damage":10,"enemies":"Nemesis","floor":40,"turns":7},{"damage":2,"enemies":"Maw","floor":45,"turns":6},{"damage":0,"enemies":"3 Darklings","floor":48,"turns":3},{"damage":19,"enemies":"Donu and Deca","floor":50,"turns":7}],"seed_played":"-6430667921268867513","potions_obtained":[{"floor":1.0,"key":"Block Potion"},{"floor":3.0,"key":"Regen Potion"},{"floor":8.0,"key":"PowerPotion"},{"floor":13.0,"key":"Regen Potion"}],"is_trial":false,"path_per_floor":["M","$","M","$","M","R","E","M","T","R","E","R","M","?","R","B",null,"M","$","M","$","?","R","E","M","T","R","M","R","T","?","R","B",null,"M","M","$","M","$","E","R","?","T","R","M","$","?","M","R","B"],"character_chosen":"THE_SILENT","items_purchased":["Predator","All Out Attack","Infinite Blades","Sucker Punch","Noxious Fumes","After Image","Snake Skull","Heel Hook","Infinite Blades","Bandage Up"],"campfire_rested":5,"item_purchase_floors":[],"current_hp_per_floor":[70,70,58,58,58,58,59,59,59,59,35,56,56,56,56,66,69,68,68,62,62,62,62,47,47,47,68,50,50,50,50,70,17,57,54,54,54,54,54,44,65,65,65,65,63,63,54,58,70,55],"gold":12,"neow_bonus":"","is_prod":false,"is_daily":false,"chose_seed":false,"campfire_upgraded":6,"win_rate":0,"timestamp":1530615954,"path_taken":["M","$","M","$","M","R","E","M","T","R","E","R","M","?","R","BOSS","M","$","?","$","?","R","E","?","T","R","?","R","?","?","R","BOSS","M","M","$","M","$","E","R","?","T","R","M","$","?","?","R","BOSS"],"build_version":"2018-06-28","purchased_purges":0,"victory":true,"max_hp_per_floor":[70,70,70,70,70,70,70,70,70,70,70,70,70,70,70,70,70,70,70,70,70,70,70,70,70,70,70,70,70,70,70,70,70,70,70,70,70,70,70,70,70,70,70,70,70,70,70,70,70,70],"card_choices":[{"not_picked":["Catalyst","Bane"],"picked":"Backflip","floor":1.0},{"not_picked":["Quick Slash","Finisher"],"picked":"Backstab","floor":3.0},{"not_picked":["Concentrate","Endless Agony"],"picked":"Well Laid Plans","floor":5.0},{"not_picked":["Masterful Stab","Skewer"],"picked":"Predator","floor":7.0},{"not_picked":["Slice","Cloak And Dagger"],"picked":"Footwork","floor":8.0},{"not_picked":["Blur","Crippling Poison","Poisoned Stab"],"picked":"Cloak And Dagger","floor":11.0},{"not_picked":["Slice","Backstab","Bane"],"picked":"Backflip","floor":13.0},{"not_picked":["Venomology","Night Terror","Tactician"],"picked":"A Thousand Cuts","floor":16.0},{"not_picked":["Dagger Throw+1","Dash","Bouncing Flask+1"],"picked":"Malaise+1","floor":18.0},{"not_picked":["Acrobatics+1","Flechettes+1","Dagger Throw+1"],"picked":"Sucker Punch","floor":20.0},{"not_picked":["Deflect+1","Leg Sweep+1","PiercingWail"],"picked":"Backflip+1","floor":24.0},{"not_picked":["Underhanded Strike","Slice+1","Dagger Spray"],"picked":"Bane+1","floor":25.0},{"not_picked":["Quick Slash","Reflex+1","Dodge and Roll"],"picked":"Bouncing Flask","floor":28.0},{"not_picked":["A Thousand Cuts","Tools of the Trade","Envenom"],"picked":"After Image","floor":33.0},{"not_picked":["Dodge and Roll","Slice+1","Dagger Throw+1"],"picked":"Noxious Fumes","floor":35.0},{"not_picked":["Sucker Punch+1","Deadly Poison+1","Dagger Spray+1"],"picked":"Backflip+1","floor":36.0},{"not_picked":["Choke","Slice","Dagger Spray"],"picked":"Caltrops","floor":38.0},{"not_picked":["Adrenaline","Dagger Spray","Unload","Well Laid Plans+1"],"picked":"SKIP","floor":40},{"not_picked":["Dagger Spray","Unload","Well Laid Plans+1"],"picked":"Adrenaline","floor":40},{"not_picked":["Eviscerate+1","Deadly Poison","Choke"],"picked":"Infinite Blades","floor":45},{"not_picked":["Deadly Poison","Dagger Spray+1","Sucker Punch+1"],"picked":"Malaise+1","floor":48}],"player_experience":296762,"relics_obtained":[{"floor":7.0,"key":"Shuriken"},{"floor":9.0,"key":"Question Card"},{"floor":11.0,"key":"Mummified Hand"},{"floor":24.0,"key":"Ornamental Fan"},{"floor":26.0,"key":"Art of War"},{"floor":30.0,"key":"Anchor"},{"floor":40,"key":"Bottled Lightning"},{"floor":43,"key":"Toolbox"}],"event_choices":[{"event_name":"Upgrade Shrine","player_choice":"Upgraded","floor":14.0,"damage_taken":0.0},{"event_name":"Back to Basics","player_choice":"Simplicity","floor":22.0,"damage_taken":0.0},{"event_name":"Cursed Tome","player_choice":"Ignored","floor":31.0,"damage_taken":0.0},{"event_name":"Falling","player_choice":"Removed Skill","floor":42,"damage_taken":0},{"event_name":"Winding Halls","player_choice":"Embrace Madness","floor":47,"damage_taken":0}],"boss_relics":[{"not_picked":["Pandora\u0027s Box","Snecko Eye"],"picked":"Sozu"},{"not_picked":["Runic Pyramid","Tiny House"],"picked":"Astrolabe"}],"items_purged_floors":[],"is_endless":false,"potions_floor_spawned":[1,3,8,13,20,24,28,33,35,36,45,48],"ascension_level":5}