{"gold_per_floor":[114,124,141,91,106,132,132,163,210,210,210,246,266,290,290,420,420,444,460,385,385],"floor_reached":21,"playtime":1483,"items_purged":[],"score":261,"play_id":"10cc9395-91cf-4ca4-9566-24915679d39f","local_time":"20190814215907","is_ascension_mode":true,"campfire_choices":[{"floor":7.0,"key":"REST"},{"floor":10.0,"key":"REST"},{"floor":15.0,"key":"REST"}],"neow_cost":"PERCENT_DAMAGE","seed_source_timestamp":251039469796400,"circlet_count":0,"master_deck":["Strike_R","Defend_R","Defend_R","Defend_R","Defend_R","Bash","Bloodletting","Infernal Blade","Searing Blow","Combust","Sword Boomerang","Rupture","Metallicize","Disarm","Limit Break","Iron Wave","Shrug It Off+1"],"special_seed":0,"relics":["Burning Blood","Mummified Hand","Paper Frog","Potion Belt","Golden Idol","Omamori","Fusion Hammer"],"potions_floor_usage":[21],"damage_taken":[{"damage":14.0,"enemies":"Jaw Worm","floor":1.0,"turns":5.0},{"damage":0.0,"enemies":"Small Slimes","floor":2.0,"turns":3.0},{"damage":1.0,"enemies":"2 Louse","floor":3.0,"turns":4.0},{"damage":2.0,"enemies":"Large Slime","floor":5.0,"turns":4.0},{"damage":42.0,"enemies":"Gremlin Nob","floor":6.0,"turns":5.0},{"damage":36.0,"enemies":"Lagavulin","floor":8.0,"turns":4.0},{"damage":18.0,"enemies":"Gremlin Nob","floor":12.0,"turns":3.0},{"damage":22.0,"enemies":"Exordium Thugs","floor":13.0,"turns":7.0},{"damage":3.0,"enemies":"Exordium Wildlife","floor":14.0,"turns":3.0},{"damage":24.0,"enemies":"Hexaghost","floor":16.0,"turns":9.0},{"damage":21.0,"enemies":"Shell Parasite","floor":18.0,"turns":4.0},{"damage":7.0,"enemies":"Chosen","floor":19.0,"turns":3.0},{"damage":58,"enemies":"Masked Bandits","floor":21,"turns":3}],"seed_played":"3763240039838585342","potions_obtained":[{"floor":1.0,"key":"Strength Potion"},{"floor":2.0,"key":"Energy Potion"},{"floor":8.0,"key":"GamblersBrew"},{"floor":12.0,"key":"Ancient Potion"}],"is_trial":false,"path_per_floor":["M","M","M","?","M","E","R","E","T","R","?","E","M","M","R","B",null,"M","M","?","?"],"character_chosen":"IRONCLAD","items_purchased":[],"campfire_rested":3,"item_purchase_floors":[],"current_hp_per_floor":[43,49,54,54,58,22,46,16,16,40,40,28,12,15,37,19,60,45,44,44,0],"gold":385,"neow_bonus":"TRANSFORM_TWO_CARDS","is_prod":false,"is_daily":false,"chose_seed":false,"campfire_upgraded":0,"win_rate":0,"timestamp":1565809147,"path_taken":["M","M","M","?","M","E","R","E","T","R","?","E","M","M","R","BOSS","M","M","?","?"],"build_version":"2019-07-17","purchased_purges":0,"victory":false,"max_hp_per_floor":[80,80,80,80,80,80,80,80,80,80,74,74,74,74,74,74,74,74,74,74,74],"card_choices":[{"not_picked":["Rage","Warcry"],"picked":"Searing Blow","floor":1.0},{"not_picked":["Twin Strike","Pommel Strike"],"picked":"Combust","floor":2.0},{"not_picked":["Flex","Cleave","Wild Strike"],"picked":"SKIP","floor":3.0},{"not_picked":["Cleave","Twin Strike","Fire Breathing"],"picked":"SKIP","floor":5.0},{"not_picked":["Pummel","Flex"],"picked":"Sword Boomerang","floor":6.0},{"not_picked":["Iron Wave","Power Through"],"picked":"Rupture","floor":8.0},{"not_picked":["Dark Embrace","Cleave","Clash"],"picked":"SKIP","floor":12.0},{"not_picked":["Shrug It Off","Havoc"],"picked":"Metallicize","floor":13.0},{"not_picked":["Thunderclap","Dark Embrace"],"picked":"Disarm","floor":14.0},{"not_picked":["Immolate","Fiend Fire"],"picked":"Limit Break","floor":16.0},{"not_picked":["Burning Pact","Clothesline+1"],"picked":"Iron Wave","floor":18.0},{"not_picked":["Disarm","Heavy Blade+1"],"picked":"Shrug It Off+1","floor":19.0}],"player_experience":211540,"relics_obtained":[{"floor":6.0,"key":"Mummified Hand"},{"floor":8.0,"key":"Paper Frog"},{"floor":9.0,"key":"Potion Belt"},{"floor":12.0,"key":"Omamori"}],"event_choices":[{"cards_removed":["Strike_R"],"damage_healed":0.0,"max_hp_gain":0.0,"max_hp_loss":0.0,"gold_gain":0.0,"event_name":"The Cleric","player_choice":"Card Removal","floor":4.0,"gold_loss":50.0,"damage_taken":0.0},{"damage_healed":0.0,"max_hp_gain":0.0,"max_hp_loss":6.0,"gold_gain":0.0,"event_name":"Golden Idol","player_choice":"Lose Max HP","floor":11.0,"gold_loss":0.0,"damage_taken":0.0,"relics_obtained":["Golden Idol"]},{"cards_removed":["Strike_R"],"damage_healed":0.0,"max_hp_gain":0.0,"max_hp_loss":0.0,"gold_gain":0.0,"event_name":"Beggar","player_choice":"Gave Gold","floor":20.0,"gold_loss":75.0,"damage_taken":0.0},{"damage_healed":0,"gold_gain":0,"player_choice":"Fought Bandits","damage_taken":0,"max_hp_gain":0,"max_hp_loss":0,"event_name":"Masked Bandits","floor":21,"gold_loss":0}],"is_beta":false,"boss_relics":[{"not_picked":["White Beast Statue","Orrery"],"picked":"Fusion Hammer"}],"items_purged_floors":[],"is_endless":false,"potions_floor_spawned":[1,2,8,12],"killed_by":"Masked Bandits","ascension_level":6}