{"gold_per_floor":[109,120,48,59,69,95,95,60,108,108,132,132,132,146,146,249,249,268,268,279,158,172,172,201,201,201,234,234,263,279,86,86,86],"floor_reached":33,"playtime":2557,"items_purged":["Strike_G"],"score":395,"play_id":"79bd37b6-16bd-419a-94b1-28ff0c6eef1e","local_time":"20180702120359","is_ascension_mode":true,"campfire_choices":[{"floor":7,"key":"REST"},{"data":"Malaise","floor":10,"key":"SMITH"},{"data":"Noxious Fumes","floor":12,"key":"SMITH"},{"data":"Noxious Fumes","floor":15,"key":"SMITH"},{"data":"Adrenaline","floor":23,"key":"SMITH"},{"floor":25,"key":"REST"},{"data":"Noxious Fumes","floor":32,"key":"SMITH"}],"neow_cost":"","seed_source_timestamp":1156425766955479,"circlet_count":0,"master_deck":["Defend_G","Defend_G","Defend_G","Defend_G","Defend_G","Survivor","Neutralize+1","Deflect","Malaise+1","Noxious Fumes+1","Bouncing Flask","Noxious Fumes+1","Bane","Adrenaline+1","Noxious Fumes+1","Bane","All Out Attack","Flying Knee","Bouncing Flask+1","Catalyst","Sucker Punch","Deadly Poison+1","Backstab+1","Backflip","Bite","Bite","Bite","Bite","Bite","Leg Sweep","Dagger Spray","Backflip"],"special_seed":0,"relics":["Ring of the Snake","Darkstone Periapt","Ancient Tea Set","Orrery","Potion Belt","Boot","Ornamental Fan","Red Mask","Regal Pillow"],"potions_floor_usage":[6,16,29,30,33],"damage_taken":[{"damage":0.0,"enemies":"Small Slimes","floor":1.0,"turns":4.0},{"damage":0.0,"enemies":"Jaw Worm","floor":2.0,"turns":5.0},{"damage":0.0,"enemies":"2 Louse","floor":4.0,"turns":4.0},{"damage":6.0,"enemies":"2 Fungi Beasts","floor":5.0,"turns":5.0},{"damage":32,"enemies":"Gremlin Nob","floor":6,"turns":5},{"damage":0,"enemies":"Exordium Wildlife","floor":14,"turns":4},{"damage":8,"enemies":"Hexaghost","floor":16,"turns":8},{"damage":5,"enemies":"Chosen","floor":18,"turns":5},{"damage":8,"enemies":"3 Byrds","floor":20,"turns":6},{"damage":3,"enemies":"Snecko","floor":22,"turns":5},{"damage":16,"enemies":"Book of Stabbing","floor":24,"turns":5},{"damage":0,"enemies":"Gremlin Leader","floor":27,"turns":6},{"damage":21,"floor":29,"turns":4},{"damage":8,"enemies":"3 Cultists","floor":30,"turns":5},{"damage":80,"enemies":"Champ","floor":33,"turns":9}],"seed_played":"2223885597577988573","potions_obtained":[{"floor":1.0,"key":"FearPotion"},{"floor":6,"key":"Block Potion"},{"floor":14,"key":"GhostInAJar"},{"floor":18,"key":"SpeedPotion"},{"floor":29,"key":"FearPotion"},{"floor":30,"key":"EssenceOfSteel"}],"is_trial":false,"path_per_floor":["M","M","$","M","M","E","R","?","T","R","T","R","$","M","R","B",null,"M","?","M","$","M","R","E","R","T","E","?","?","M","$","R"],"character_chosen":"THE_SILENT","items_purchased":["Noxious Fumes","Sucker Punch","Backflip","Regal Pillow"],"campfire_rested":2,"item_purchase_floors":[],"current_hp_per_floor":[70,70,70,70,64,32,53,70,70,70,70,70,70,70,70,62,70,65,65,59,59,58,58,44,65,65,67,67,54,54,54,54,0],"gold":86,"neow_bonus":"","is_prod":false,"is_daily":false,"chose_seed":false,"campfire_upgraded":5,"win_rate":0,"timestamp":1530529439,"path_taken":["M","M","$","M","M","E","R","?","T","R","?","R","?","M","R","BOSS","M","?","M","$","M","R","E","R","T","E","?","?","M","$","R","BOSS"],"build_version":"2018-06-28","purchased_purges":1,"victory":false,"max_hp_per_floor":[70,70,70,70,70,70,70,70,70,70,70,70,70,70,70,70,70,70,70,70,70,70,70,70,70,70,70,70,70,70,70,70,70],"card_choices":[{"not_picked":["Dagger Spray","Bane"],"picked":"Deflect","floor":1.0},{"not_picked":["Predator","Dagger Throw"],"picked":"Malaise","floor":2.0},{"not_picked":["Escape Plan","Backflip"],"picked":"Bouncing Flask","floor":4.0},{"not_picked":["Dagger Throw","Outmaneuver"],"picked":"Noxious Fumes","floor":5.0},{"not_picked":["Bullet Time","Quick Slash","Prepared"],"picked":"SKIP","floor":6},{"not_picked":["Accuracy","Backstab"],"picked":"Bane","floor":14},{"not_picked":["Bullet Time","A Thousand Cuts"],"picked":"Adrenaline","floor":16},{"not_picked":["Acrobatics","Dagger Throw"],"picked":"Noxious Fumes","floor":17},{"not_picked":["Infinite Blades","Blade Dance"],"picked":"Bane","floor":17},{"not_picked":["Predator","Prepared"],"picked":"All Out Attack","floor":17},{"not_picked":["Finisher","Deflect"],"picked":"Flying Knee","floor":17},{"not_picked":["Outmaneuver","Dagger Spray"],"picked":"Bouncing Flask+1","floor":18},{"not_picked":["Reflex+1","All Out Attack+1"],"picked":"Catalyst","floor":20},{"not_picked":["Setup","Expertise"],"picked":"Deadly Poison+1","floor":22},{"not_picked":["Eviscerate","Night Terror"],"picked":"Backstab+1","floor":24},{"not_picked":["Predator","Underhanded Strike"],"picked":"Backflip","floor":27},{"not_picked":["Distraction+1","Outmaneuver"],"picked":"Leg Sweep","floor":29},{"not_picked":["Noxious Fumes+1","Deflect"],"picked":"Dagger Spray","floor":30}],"player_experience":281113,"relics_obtained":[{"floor":6,"key":"Darkstone Periapt"},{"floor":9,"key":"Blood Vial"},{"floor":11,"key":"Ancient Tea Set"},{"floor":24,"key":"Potion Belt"},{"floor":26,"key":"Boot"},{"floor":27,"key":"Ornamental Fan"},{"floor":29,"key":"Red Mask"}],"event_choices":[{"event_name":"The Cleric","player_choice":"Healed","floor":8,"damage_taken":0},{"event_name":"Cursed Tome","player_choice":"Ignored","floor":19,"damage_taken":0},{"event_name":"Vampires","player_choice":"Became a vampire (Vial)","floor":28,"damage_taken":0},{"event_name":"Masked Bandits","player_choice":"Fought over 234 gold","floor":29,"damage_taken":0}],"boss_relics":[{"not_picked":["Pandora\u0027s Box","Velvet Choker"],"picked":"Orrery"}],"items_purged_floors":[21],"is_endless":false,"potions_floor_spawned":[1,6,14,18,29,30],"killed_by":"Champ","ascension_level":4}