{"gold_per_floor":[213,213,231,331,352,352,527,551,574,598,598,598,29,104,104,235,235,248,262,262],"floor_reached":20,"playtime":1581,"items_purged":[],"score":164,"play_id":"41ebbd51-a67c-47e2-b84b-5167abc89bac","local_time":"20180623145340","is_ascension_mode":false,"campfire_choices":[{"floor":6,"key":"REST"},{"floor":11,"key":"REST"},{"floor":15,"key":"REST"}],"neow_cost":"NONE","seed_source_timestamp":390079173052900,"circlet_count":0,"master_deck":["Defend_G","Defend_G","Defend_G","Defend_G","Defend_G","Strike_G","Strike_G","Strike_G","Strike_G","Strike_G","Survivor","Neutralize","Dagger Spray","Injury","Sucker Punch","Underhanded Strike","Doubt","Bane","Poisoned Stab","Phantasmal Killer","Noxious Fumes","Bane+1"],"relics":["Ring of the Snake","Golden Idol","Bronze Scales","Bottled Lightning","Bottled Flame","Letter Opener","Velvet Choker"],"potions_floor_usage":[8,16,16],"damage_taken":[{"damage":6,"enemies":"Jaw Worm","floor":1,"turns":7},{"damage":0,"enemies":"2 Louse","floor":3,"turns":2},{"damage":0,"enemies":"Cultist","floor":5,"turns":3},{"damage":12,"enemies":"Looter","floor":8,"turns":4},{"damage":4,"enemies":"Red Slaver","floor":10,"turns":5},{"damage":48,"enemies":"Hexaghost","floor":16,"turns":13},{"damage":29,"enemies":"Spheric Guardian","floor":18,"turns":6},{"damage":19,"enemies":"Shell Parasite","floor":19,"turns":7},{"damage":25,"enemies":"Snake Plant","floor":20,"turns":2}],"seed_played":"-5257736797575249229","potions_obtained":[{"floor":5,"key":"Ancient Potion"},{"floor":10,"key":"SpeedPotion"}],"is_trial":false,"path_per_floor":["M","?","M","?","M","R","?","M","T","M","R","T","$","?","R","B",null,"M","M"],"character_chosen":"THE_SILENT","items_purchased":["Bottled Flame","Letter Opener","Fire Potion"],"campfire_rested":3,"item_purchase_floors":[13,13,13],"current_hp_per_floor":[64,64,64,64,64,70,70,58,58,54,70,70,70,59,70,22,70,41,22,0],"gold":262,"neow_bonus":"HUNDRED_GOLD","is_prod":false,"is_daily":false,"chose_seed":false,"campfire_upgraded":0,"win_rate":0.0,"timestamp":1529762020,"path_taken":["M","?","M","?","?","R","?","M","T","M","R","?","$","?","R","BOSS","M","?","M"],"build_version":"2018-06-21v2","purchased_purges":0,"victory":false,"max_hp_per_floor":[70,70,70,70,70,70,70,70,70,70,70,70,70,70,70,70,70,70,70,70],"card_choices":[{"not_picked":["Calculated Gamble","PiercingWail"],"picked":"Dagger Spray","floor":1},{"not_picked":["Acrobatics","Choke"],"picked":"Sucker Punch","floor":3},{"not_picked":["Acrobatics","Blur"],"picked":"Underhanded Strike","floor":5},{"not_picked":["Flying Knee","Escape Plan"],"picked":"Bane","floor":8},{"not_picked":["Heel Hook","Deflect"],"picked":"Poisoned Stab","floor":10},{"not_picked":["Glass Knife","Bullet Time"],"picked":"Phantasmal Killer","floor":16},{"not_picked":["Sucker Punch","Backflip"],"picked":"Noxious Fumes","floor":18},{"not_picked":["Underhanded Strike","Crippling Poison"],"picked":"Bane+1","floor":19}],"player_experience":82218,"relics_obtained":[{"floor":9,"key":"Bronze Scales"},{"floor":12,"key":"Bottled Lightning"}],"event_choices":[{"event_name":"Golden Idol","player_choice":"Take Wound","floor":2,"damage_taken":0},{"event_name":"Wheel of Change","player_choice":"Gold","floor":4,"damage_taken":0},{"event_name":"Liars Game","player_choice":"agreed","floor":7,"damage_taken":0},{"event_name":"World of Goop","player_choice":"Gather Gold","floor":14,"damage_taken":0}],"boss_relics":[{"not_picked":["Empty Cage","Runic Dome"],"picked":"Velvet Choker"}],"items_purged_floors":[],"is_endless":false,"potions_floor_spawned":[5,10],"killed_by":"Snake Plant","ascension_level":0}