{"gold_per_floor":[12,25,42,42,53,78,78,95,125,145,145,164,198,123,123,123],"floor_reached":16,"playtime":848,"items_purged":["Strike_R"],"score":165,"play_id":"0da98308-d8a0-4eec-8971-3fcc5add306c","local_time":"20190801082805","is_ascension_mode":true,"campfire_choices":[{"data":"Bash","floor":7,"key":"SMITH"},{"data":"Armaments","floor":11,"key":"SMITH"},{"data":"True Grit","floor":15,"key":"SMITH"}],"neow_cost":"NO_GOLD","seed_source_timestamp":928048419315000,"circlet_count":0,"master_deck":["Strike_R","Defend_R","Defend_R","Defend_R","Defend_R","Bash+1","Anger","Pommel Strike","Shrug It Off","Shrug It Off","True Grit+1","Feel No Pain","Armaments+1","True Grit","Hemokinesis"],"relics":["Burning Blood","Oddly Smooth Stone","Tiny Chest","Juzu Bracelet"],"potions_floor_usage":[13,16,16],"damage_taken":[{"damage":2,"enemies":"2 Louse","floor":1,"turns":3},{"damage":1,"enemies":"Cultist","floor":2,"turns":4},{"damage":0,"enemies":"Small Slimes","floor":3,"turns":2},{"damage":5,"enemies":"Exordium Wildlife","floor":5,"turns":3},{"damage":29,"enemies":"Lagavulin","floor":6,"turns":6},{"damage":5,"enemies":"3 Louse","floor":8,"turns":4},{"damage":0,"enemies":"Blue Slaver","floor":10,"turns":4},{"damage":0,"enemies":"Large Slime","floor":12,"turns":9},{"damage":46,"enemies":"Gremlin Nob","floor":13,"turns":5},{"damage":44,"enemies":"Hexaghost","floor":16,"turns":14}],"seed_played":"1273383247902414055","potions_obtained":[{"floor":1,"key":"EssenceOfSteel"},{"floor":5,"key":"PowerPotion"},{"floor":8,"key":"SkillPotion"},{"floor":13,"key":"FairyPotion"}],"is_trial":false,"path_per_floor":["M","M","M","?","M","E","R","M","T","M","R","M","E","$","R","B"],"character_chosen":"IRONCLAD","items_purchased":[],"campfire_rested":0,"item_purchase_floors":[],"current_hp_per_floor":[76,80,80,80,80,57,57,58,58,64,64,70,30,30,30,0],"gold":123,"neow_bonus":"REMOVE_TWO","is_prod":false,"is_daily":false,"chose_seed":false,"campfire_upgraded":3,"win_rate":0,"timestamp":1564662485,"path_taken":["M","M","M","?","?","E","R","M","T","M","R","M","E","$","R","BOSS"],"build_version":"2019-07-17","purchased_purges":1,"victory":false,"max_hp_per_floor":[80,80,80,80,80,80,80,80,80,80,80,80,80,80,80,80],"card_choices":[{"not_picked":["Rage","Metallicize"],"picked":"Anger","floor":1},{"not_picked":["Clash","Headbutt"],"picked":"Pommel Strike","floor":2},{"not_picked":["Headbutt","Armaments"],"picked":"Shrug It Off","floor":3},{"not_picked":["Exhume","Headbutt"],"picked":"Shrug It Off","floor":5},{"not_picked":["Entrench","Warcry"],"picked":"True Grit","floor":6},{"not_picked":["Body Slam","Shrug It Off"],"picked":"Feel No Pain","floor":8},{"not_picked":["Headbutt","Havoc"],"picked":"Armaments","floor":10},{"not_picked":["Entrench","Thunderclap"],"picked":"True Grit","floor":12},{"not_picked":["Pummel","Dual Wield"],"picked":"Hemokinesis","floor":13}],"player_experience":605108,"relics_obtained":[{"floor":6,"key":"Oddly Smooth Stone"},{"floor":9,"key":"Tiny Chest"},{"floor":13,"key":"Juzu Bracelet"}],"event_choices":[{"cards_removed":["Strike_R"],"damage_healed":0,"gold_gain":0,"player_choice":"Offered Basic","damage_taken":0,"max_hp_gain":0,"max_hp_loss":0,"event_name":"Bonfire Elementals","floor":4,"gold_loss":0}],"is_beta":false,"boss_relics":[],"items_purged_floors":[14],"is_endless":false,"potions_floor_spawned":[1,5,8,13],"killed_by":"Hexaghost","ascension_level":9}