{"gold_per_floor":[117,136,153,2,20,20,45,65,89,103,120,120,120,18,18,18],"floor_reached":16,"playtime":1480,"items_purged":["Clumsy"],"score":130,"play_id":"3d6d6cc5-1d29-4212-881e-3cdb567900a4","local_time":"20190812102258","is_ascension_mode":true,"campfire_choices":[{"data":"Immolate","floor":6,"key":"SMITH"},{"data":"Bash","floor":13,"key":"SMITH"},{"data":"Shrug It Off","floor":15,"key":"SMITH"}],"neow_cost":"CURSE","seed_source_timestamp":487862731001502,"circlet_count":0,"master_deck":["Strike_R","Strike_R","Strike_R","Strike_R","Defend_R","Defend_R","Defend_R","Defend_R","Bash+1","Immolate+1","Pommel Strike","Thunderclap","Shrug It Off+1","Dropkick","Sentinel","Fire Breathing","Flame Barrier","Battle Trance"],"relics":["Burning Blood","Nunchaku","Ancient Tea Set"],"potions_floor_usage":[5,7,8,16],"damage_taken":[{"damage":13,"enemies":"Small Slimes","floor":1,"turns":3},{"damage":0,"enemies":"Cultist","floor":2,"turns":2},{"damage":9,"enemies":"2 Louse","floor":3,"turns":3},{"damage":30,"enemies":"Exordium Wildlife","floor":5,"turns":6},{"damage":22,"enemies":"Lagavulin","floor":7,"turns":5},{"damage":5,"enemies":"Gremlin Gang","floor":8,"turns":3},{"damage":0,"enemies":"2 Fungi Beasts","floor":10,"turns":1},{"damage":0,"enemies":"Exordium Thugs","floor":11,"turns":2},{"damage":58,"enemies":"Slime Boss","floor":16,"turns":10}],"seed_played":"6175866782805197976","potions_obtained":[{"floor":1,"key":"GamblersBrew"},{"floor":7,"key":"Regen Potion"},{"floor":11,"key":"EssenceOfSteel"}],"is_trial":false,"path_per_floor":["M","M","M","$","M","R","E","M","T","M","M","?","R","$","R","B"],"character_chosen":"IRONCLAD","items_purchased":["Shrug It Off","Weak Potion","Flame Barrier","Battle Trance"],"campfire_rested":0,"item_purchase_floors":[4,4,14,14],"current_hp_per_floor":[73,79,76,76,52,52,36,46,46,52,58,58,58,58,58,0],"gold":18,"neow_bonus":"THREE_RARE_CARDS","is_prod":false,"is_daily":false,"chose_seed":false,"campfire_upgraded":3,"win_rate":0,"timestamp":1565623378,"path_taken":["M","M","M","$","M","R","E","M","T","M","M","?","R","?","R","BOSS"],"build_version":"2019-07-17","purchased_purges":1,"victory":false,"max_hp_per_floor":[80,80,80,80,80,80,80,80,80,80,80,80,80,80,80,80],"card_choices":[{"not_picked":["Bludgeon","Demon Form"],"picked":"Immolate","floor":0},{"not_picked":["Sever Soul","Iron Wave"],"picked":"Pommel Strike","floor":1},{"not_picked":["Iron Wave","Spot Weakness"],"picked":"Thunderclap","floor":2},{"not_picked":["Feel No Pain","Corruption","Hemokinesis"],"picked":"SKIP","floor":3},{"not_picked":["Sword Boomerang","Armaments","Power Through"],"picked":"SKIP","floor":5},{"not_picked":["Shrug It Off","Sever Soul"],"picked":"Dropkick","floor":7},{"not_picked":["Warcry","Heavy Blade","Fire Breathing"],"picked":"SKIP","floor":8},{"not_picked":["Havoc","Perfected Strike"],"picked":"Sentinel","floor":10},{"not_picked":["Shrug It Off","Cleave","Sword Boomerang"],"picked":"SKIP","floor":11}],"player_experience":378473,"relics_obtained":[{"floor":7,"key":"Nunchaku"},{"floor":9,"key":"Ancient Tea Set"}],"event_choices":[{"damage_healed":0,"gold_gain":0,"cards_transformed":["Strike_R"],"player_choice":"Transformed","damage_taken":0,"max_hp_gain":0,"max_hp_loss":0,"event_name":"Transmorgrifier","floor":12,"gold_loss":0,"cards_obtained":["Fire Breathing"]}],"is_beta":false,"boss_relics":[],"items_purged_floors":[4],"is_endless":false,"potions_floor_spawned":[1,7,11],"killed_by":"Slime Boss","ascension_level":5}