{"gold_per_floor":[116,116,116,41,53,53,71,71,94,119,19,30,30,30,30,135,135,149,167,167,183,31,31,65,65,119,119,51,71,81,100,100,204,204,224,234,234,334,209,235,235,267,267,117,135,146,157,75,75,75],"floor_reached":51,"playtime":5232,"items_purged":["Regret","Strike_G","Strike_G","Strike_G+1"],"score":665,"play_id":"a8de5420-46a6-47b3-bcb9-78d00d2e4690","local_time":"20190807233618","is_ascension_mode":false,"campfire_choices":[{"data":"Neutralize","floor":6,"key":"SMITH"},{"data":"Infinite Blades","floor":8,"key":"SMITH"},{"floor":15,"key":"REST"},{"floor":23,"key":"REST"},{"floor":25,"key":"REST"},{"floor":32,"key":"REST"},{"floor":41,"key":"REST"},{"floor":49,"key":"REST"}],"neow_cost":"NONE","seed_source_timestamp":451555798178828,"circlet_count":0,"master_deck":["Defend_G","Defend_G","Defend_G+1","Defend_G","Defend_G","Survivor","Neutralize+1","Leg Sweep","Poisoned Stab","Infinite Blades+1","Terror","Dagger Throw+1","Adrenaline","Deadly Poison","Backflip","Distraction","Venomology","Blade Dance+1","Glass Knife","Bouncing Flask","Well Laid Plans","Adrenaline","Noxious Fumes","Dagger Spray+1","Master of Strategy","Dodge and Roll+1","Tools of the Trade","Noxious Fumes+1","Backflip+1","Flash of Steel"],"relics":["WristBlade","Kunai","Strawberry","Odd Mushroom","Orichalcum","Fusion Hammer","Ornamental Fan","Tiny Chest","Enchiridion","Orrery","Ice Cream","Whetstone","Gremlin Horn","Prayer Wheel"],"potions_floor_usage":[24,47,50],"damage_taken":[{"damage":0,"enemies":"2 Louse","floor":1,"turns":4},{"damage":2,"enemies":"Small Slimes","floor":5,"turns":5},{"damage":2,"enemies":"Jaw Worm","floor":7,"turns":4},{"damage":12,"enemies":"The Mushroom Lair","floor":10,"turns":6},{"damage":0,"enemies":"Blue Slaver","floor":12,"turns":4},{"damage":9,"enemies":"Hexaghost","floor":16,"turns":10},{"damage":0,"enemies":"Chosen","floor":18,"turns":5},{"damage":0,"enemies":"Shell Parasite","floor":19,"turns":5},{"damage":13,"enemies":"3 Cultists","floor":21,"turns":7},{"damage":36,"enemies":"Gremlin Leader","floor":24,"turns":9},{"damage":0,"enemies":"Snecko","floor":29,"turns":4},{"damage":6,"enemies":"Shelled Parasite and Fungi","floor":30,"turns":5},{"damage":11,"enemies":"Snake Plant","floor":31,"turns":4},{"damage":4,"enemies":"Collector","floor":33,"turns":9},{"damage":13,"enemies":"3 Darklings","floor":35,"turns":7},{"damage":6,"enemies":"Orb Walker","floor":36,"turns":3},{"damage":7,"enemies":"Mind Bloom Boss Battle","floor":38,"turns":5},{"damage":4,"enemies":"Nemesis","floor":40,"turns":7},{"damage":12,"enemies":"Giant Head","floor":42,"turns":8},{"damage":9,"enemies":"Sphere and 2 Shapes","floor":45,"turns":4},{"damage":18,"enemies":"4 Shapes","floor":46,"turns":5},{"damage":14,"enemies":"Transient","floor":47,"turns":5},{"damage":31,"enemies":"Awakened One","floor":50,"turns":15}],"seed_played":"-7212434129027185039","potions_obtained":[{"floor":5,"key":"SteroidPotion"},{"floor":12,"key":"Energy Potion"},{"floor":21,"key":"SteroidPotion"},{"floor":30,"key":"GhostInAJar"},{"floor":47,"key":"Swift Potion"}],"is_trial":false,"path_per_floor":["M","?","?","$","M","R","M","R","T","?","$","M","T","$","R","B",null,"M","M","?","M","$","R","E","R","T","?","$","M","M","M","R","B",null,"M","M","?","?","$","E","R","E","T","$","M","M","M","$","R","B",null],"character_chosen":"THE_SILENT","items_purchased":["Glass Knife","Well Laid Plans","Flash of Steel"],"campfire_rested":6,"item_purchase_floors":[22,28,48],"current_hp_per_floor":[70,56,56,56,54,54,52,52,59,47,47,47,47,47,70,61,77,77,77,77,64,64,77,41,64,64,48,48,48,42,31,54,50,77,64,58,58,51,51,47,70,58,58,58,49,31,17,17,40,9],"gold":75,"neow_bonus":"BOSS_RELIC","is_prod":false,"is_daily":false,"chose_seed":false,"campfire_upgraded":2,"win_rate":0.0,"timestamp":1565213778,"path_taken":["M","?","?","$","M","R","M","R","T","?","?","M","?","$","R","BOSS","M","?","?","M","$","R","E","R","T","?","$","M","M","M","R","BOSS","M","M","?","?","?","E","R","E","T","$","M","?","?","?","R","BOSS"],"build_version":"2019-07-17","purchased_purges":4,"victory":true,"max_hp_per_floor":[70,70,70,70,70,70,70,70,77,77,77,77,77,77,77,77,77,77,77,77,77,77,77,77,77,77,77,77,77,77,77,77,77,77,77,77,77,77,77,77,77,77,77,77,77,77,77,77,77,77],"card_choices":[{"not_picked":["Prepared","Outmaneuver"],"picked":"Leg Sweep","floor":1},{"not_picked":["Deadly Poison","Prepared"],"picked":"Poisoned Stab","floor":5},{"not_picked":["Skewer","Sucker Punch"],"picked":"Infinite Blades","floor":7},{"not_picked":["Dagger Throw","Poisoned Stab"],"picked":"Terror","floor":10},{"not_picked":["Wraith Form v2","Deflect"],"picked":"Dagger Throw","floor":12},{"not_picked":["A Thousand Cuts","Envenom"],"picked":"Adrenaline","floor":16},{"not_picked":["PiercingWail","Masterful Stab"],"picked":"Deadly Poison","floor":18},{"not_picked":["Predator","Flying Knee"],"picked":"Backflip","floor":19},{"not_picked":["Infinite Blades","Die Die Die"],"picked":"Blade Dance+1","floor":21},{"not_picked":["Slice","Leg Sweep"],"picked":"Bouncing Flask","floor":24},{"not_picked":["Blade Dance","Distraction","Flechettes"],"picked":"SKIP","floor":29},{"not_picked":["Riddle With Holes","Blur","Dagger Spray"],"picked":"SKIP","floor":30},{"not_picked":["Acrobatics","Slice","Outmaneuver"],"picked":"SKIP","floor":31},{"not_picked":["Unload","A Thousand Cuts"],"picked":"Adrenaline","floor":33},{"not_picked":["Prepared","Dagger Throw"],"picked":"Noxious Fumes","floor":34},{"not_picked":["Bouncing Flask","Underhanded Strike+1"],"picked":"Dagger Spray","floor":35},{"not_picked":["Heel Hook+1","Sucker Punch","Bane"],"picked":"SKIP","floor":36},{"not_picked":["Transmutation","Madness"],"picked":"Master of Strategy","floor":37},{"not_picked":["Acrobatics+1","Eviscerate"],"picked":"Dodge and Roll+1","floor":40},{"not_picked":["Flying Knee","Dagger Throw+1"],"picked":"Tools of the Trade","floor":42},{"not_picked":["Underhanded Strike+1","Masterful Stab"],"picked":"Noxious Fumes+1","floor":45},{"not_picked":["Blade Dance","Poisoned Stab+1","Deflect+1"],"picked":"SKIP","floor":45},{"not_picked":["Calculated Gamble+1","Acrobatics"],"picked":"Backflip+1","floor":46},{"not_picked":["Slice+1","Blade Dance+1","Night Terror"],"picked":"SKIP","floor":46},{"not_picked":["Terror","Dagger Spray","Sucker Punch+1"],"picked":"SKIP","floor":47},{"not_picked":["Blur+1","Endless Agony","Expertise"],"picked":"SKIP","floor":47}],"player_experience":39745,"relics_obtained":[{"floor":9,"key":"Strawberry"},{"floor":10,"key":"Odd Mushroom"},{"floor":13,"key":"Orichalcum"},{"floor":24,"key":"Ornamental Fan"},{"floor":26,"key":"Tiny Chest"},{"floor":27,"key":"Enchiridion"},{"floor":38,"key":"Ice Cream"},{"floor":40,"key":"Whetstone"},{"floor":42,"key":"Gremlin Horn"},{"floor":43,"key":"Prayer Wheel"}],"event_choices":[{"damage_healed":0,"gold_gain":0,"player_choice":"Entered Light","damage_taken":14,"max_hp_gain":0,"max_hp_loss":0,"event_name":"Shining Light","floor":2,"gold_loss":0,"cards_upgraded":["Defend_G","Strike_G"]},{"damage_healed":0,"gold_gain":0,"player_choice":"Box","damage_taken":0,"relics_obtained":["Kunai"],"max_hp_gain":0,"max_hp_loss":0,"event_name":"Big Fish","floor":3,"gold_loss":0,"cards_obtained":["Regret"]},{"damage_healed":0,"gold_gain":0,"player_choice":"Fought Mushrooms","damage_taken":0,"max_hp_gain":0,"max_hp_loss":0,"event_name":"Mushrooms","floor":10,"gold_loss":0},{"damage_healed":0,"gold_gain":0,"cards_transformed":["Strike_G","Strike_G"],"player_choice":"Became Test Subject","damage_taken":0,"max_hp_gain":0,"max_hp_loss":0,"event_name":"Drug Dealer","floor":20,"gold_loss":0,"cards_obtained":["Distraction","Venomology"]},{"damage_healed":0,"gold_gain":0,"player_choice":"Obtained Book","damage_taken":16,"max_hp_gain":0,"max_hp_loss":0,"event_name":"Cursed Tome","floor":27,"gold_loss":0},{"damage_healed":0,"gold_gain":0,"player_choice":"Memory 1","damage_taken":0,"max_hp_gain":0,"max_hp_loss":0,"event_name":"SensoryStone","floor":37,"gold_loss":0},{"damage_healed":0,"gold_gain":0,"player_choice":"Fight","damage_taken":0,"max_hp_gain":0,"max_hp_loss":0,"event_name":"MindBloom","floor":38,"gold_loss":0}],"is_beta":false,"boss_relics":[{"not_picked":["Tiny House","Ectoplasm"],"picked":"Fusion Hammer"},{"not_picked":["Lizard Tail","Snecko Eye"],"picked":"Orrery"}],"items_purged_floors":[4,11,39,44],"is_endless":false,"potions_floor_spawned":[5,12,21,30,33,40,42,45,46,47],"ascension_level":0}