{"gold_per_floor":[117,117,135,154,169,169,202,212,236,236,252,271,301,314,314,386,386,401,66,66,66,16,16,33,64,88,119,130,145,145,161,161,238,238,254,254,254,254,264,274,299,299,348,365,365,375,375,109,109,109,109,109,109,5,39,39],"floor_reached":57,"playtime":3713,"items_purged":["Aggregate","Zap","Gash","Gash"],"score":2672,"play_id":"5f1cb4ce-39a2-4c0b-b9fc-ee3d90415cd4","local_time":"20190815114425","is_ascension_mode":true,"campfire_choices":[{"data":"Streamline","floor":6.0,"key":"SMITH"},{"data":"Self Repair","floor":10.0,"key":"SMITH"},{"data":"Hologram","floor":15.0,"key":"SMITH"},{"data":"Consume","floor":23.0,"key":"SMITH"},{"data":"Capacitor","floor":30.0,"key":"SMITH"},{"data":"Skim","floor":32.0,"key":"SMITH"},{"floor":45.0,"key":"REST"},{"floor":47.0,"key":"RECALL"},{"data":"Echo Form","floor":49.0,"key":"SMITH"},{"data":"Panacea","floor":53.0,"key":"SMITH"}],"neow_cost":"NONE","seed_source_timestamp":0,"circlet_count":0,"master_deck":["AscendersBane","Dualcast+1","Self Repair+1","Ball Lightning","Streamline+1","Glacier","Loop","Reinforced Body","FTL","Hologram+1","Echo Form+1","Genetic Algorithm","Biased Cognition","Tempest","Hologram","Capacitor+1","Double Energy","Glacier","Consume+1","Stack+1","Skim+1","Capacitor","Rainbow","Conserve Battery","Panacea+1","Skim+1","Barrage","Stack+1","Echo Form"],"special_seed":0,"relics":["Cracked Core","Orichalcum","Omamori","Smiling Mask","Vajra","Pandora\u0027s Box","Mummified Hand","Oddly Smooth Stone","Art of War","Cables","Nuclear Battery","Shuriken","Blood Vial","Runic Capacitor","Bird Faced Urn"],"potions_floor_usage":[56],"damage_taken":[{"damage":0.0,"enemies":"2 Louse","floor":1.0,"turns":2.0},{"damage":0.0,"enemies":"Cultist","floor":3.0,"turns":3.0},{"damage":8.0,"enemies":"Jaw Worm","floor":4.0,"turns":4.0},{"damage":0.0,"enemies":"2 Fungi Beasts","floor":5.0,"turns":3.0},{"damage":28.0,"enemies":"Lagavulin","floor":7.0,"turns":5.0},{"damage":7.0,"enemies":"Blue Slaver","floor":8.0,"turns":3.0},{"damage":13.0,"enemies":"Exordium Thugs","floor":11.0,"turns":4.0},{"damage":20.0,"enemies":"Exordium Wildlife","floor":12.0,"turns":5.0},{"damage":2.0,"enemies":"Gremlin Nob","floor":13.0,"turns":3.0},{"damage":0.0,"enemies":"Lots of Slimes","floor":14.0,"turns":3.0},{"damage":35.0,"enemies":"Hexaghost","floor":16.0,"turns":10.0},{"damage":0.0,"enemies":"3 Byrds","floor":18.0,"turns":7.0},{"damage":5.0,"enemies":"Chosen","floor":24.0,"turns":7.0},{"damage":0.0,"enemies":"Book of Stabbing","floor":25.0,"turns":6.0},{"damage":32.0,"enemies":"Slavers","floor":27.0,"turns":7.0},{"damage":4.0,"enemies":"Snake Plant","floor":28.0,"turns":5.0},{"damage":2.0,"enemies":"Centurion and Healer","floor":29.0,"turns":6.0},{"damage":12.0,"enemies":"Cultist and Chosen","floor":31.0,"turns":4.0},{"damage":2.0,"enemies":"Champ","floor":33.0,"turns":12.0},{"damage":0.0,"enemies":"3 Shapes","floor":35.0,"turns":3.0},{"damage":24.0,"enemies":"3 Darklings","floor":39.0,"turns":5.0},{"damage":14.0,"enemies":"Writhing Mass","floor":40.0,"turns":6.0},{"damage":53.0,"enemies":"Reptomancer","floor":41.0,"turns":7.0},{"damage":0.0,"enemies":"Sphere and 2 Shapes","floor":44.0,"turns":4.0},{"damage":0.0,"enemies":"3 Darklings","floor":46.0,"turns":7.0},{"damage":22.0,"enemies":"Awakened One","floor":50.0,"turns":17.0},{"damage":48.0,"enemies":"Time Eater","floor":51.0,"turns":10.0},{"damage":15.0,"enemies":"Shield and Spear","floor":55.0,"turns":8.0},{"damage":48,"enemies":"The Heart","floor":56,"turns":13}],"seed_played":"8515560577660277330","potions_obtained":[{"floor":1.0,"key":"Dexterity Potion"},{"floor":4.0,"key":"Swift Potion"},{"floor":11.0,"key":"SkillPotion"},{"floor":16.0,"key":"LiquidBronze"},{"floor":24.0,"key":"Poison Potion"},{"floor":28.0,"key":"Dexterity Potion"},{"floor":33.0,"key":"Dexterity Potion"},{"floor":35.0,"key":"Fruit Juice"},{"floor":41.0,"key":"Swift Potion"},{"floor":44.0,"key":"Regen Potion"},{"floor":46.0,"key":"Ancient Potion"}],"is_trial":false,"path_per_floor":["M","?","M","M","M","R","E","M","T","R","M","M","E","M","R","B",null,"M","$","?","?","$","R","M","E","T","E","M","M","R","M","R","B",null,"M","?","?","?","M","M","E","T","T","M","R","M","R","$","R","B","B",null,"R","$","E","B",null],"character_chosen":"DEFECT","items_purchased":["Mummified Hand","Runic Capacitor","PowerPotion"],"campfire_rested":1,"item_purchase_floors":[19,48,54],"current_hp_per_floor":[64,64,64,63,70,70,49,49,49,49,46,36,34,44,44,19,58,68,68,68,68,68,68,71,71,71,49,55,63,63,61,61,69,71,76,76,66,66,62,68,25,25,25,27,49,76,76,76,76,74,48,69,69,69,66,52],"gold":39,"neow_bonus":"UPGRADE_CARD","is_prod":false,"is_daily":false,"chose_seed":false,"campfire_upgraded":8,"win_rate":0,"timestamp":1565837065,"path_taken":["M","?","M","M","M","R","E","M","T","R","M","?","E","M","R","BOSS","M","$","?","?","$","R","M","E","T","E","M","M","R","M","R","BOSS","M","?","?","?","?","M","E","?","T","M","R","M","R","?","R","BOSS","BOSS","R","$","E","BOSS"],"build_version":"2019-07-17","purchased_purges":4,"victory":true,"max_hp_per_floor":[71,71,71,71,71,71,71,71,71,71,71,71,71,71,71,71,71,71,71,71,71,71,71,71,71,71,71,71,71,71,71,71,71,71,76,76,76,76,76,76,76,76,76,76,76,76,76,76,76,76,76,76,76,76,76,76],"card_choices":[{"not_picked":["Hello World","Steam"],"picked":"Gash","floor":1.0},{"not_picked":["Leap","Beam Cell"],"picked":"Self Repair","floor":3.0},{"not_picked":["Consume","Static Discharge"],"picked":"Ball Lightning","floor":4.0},{"not_picked":["Barrage","White Noise"],"picked":"Streamline","floor":5.0},{"not_picked":["Barrage","Doom and Gloom"],"picked":"Glacier","floor":7.0},{"not_picked":["Stack","Leap"],"picked":"Gash","floor":8.0},{"not_picked":["Heatsinks","Turbo"],"picked":"Loop","floor":11.0},{"not_picked":["Steam","Gash"],"picked":"Reinforced Body","floor":12.0},{"not_picked":["Cold Snap","Chill"],"picked":"FTL","floor":13.0},{"not_picked":["Turbo","Steam"],"picked":"Hologram","floor":14.0},{"not_picked":["Multi-Cast","Thunder Strike"],"picked":"Echo Form","floor":16.0},{"not_picked":["Ball Lightning","Sweeping Beam","Beam Cell"],"picked":"SKIP","floor":18.0},{"not_picked":["Leap","Chill"],"picked":"Stack+1","floor":24.0},{"not_picked":["BootSequence","Ball Lightning","Aggregate"],"picked":"SKIP","floor":25.0},{"not_picked":["Reboot","Cold Snap","Reprogram"],"picked":"SKIP","floor":27.0},{"not_picked":["Compile Driver","Ball Lightning"],"picked":"Skim","floor":28.0},{"not_picked":["Lockon","Scrape","Aggregate"],"picked":"SKIP","floor":29.0},{"not_picked":["Genetic Algorithm","Darkness"],"picked":"Capacitor","floor":31.0},{"not_picked":["All For One","Echo Form"],"picked":"Rainbow","floor":33.0},{"not_picked":["Cold Snap","Scrape+1"],"picked":"Conserve Battery","floor":35.0},{"not_picked":["Finesse","Jack Of All Trades"],"picked":"Panacea","floor":37.0},{"not_picked":["Stack","Barrage","Streamline+1"],"picked":"SKIP","floor":39.0},{"not_picked":["Stack","Streamline+1"],"picked":"Barrage","floor":39.0},{"not_picked":["Redo","FTL","Steam+1"],"picked":"SKIP","floor":40.0},{"not_picked":["Rebound","Reinforced Body"],"picked":"Stack+1","floor":41.0},{"not_picked":["Heatsinks","Reprogram","Hologram+1"],"picked":"SKIP","floor":44.0},{"not_picked":["Stack+1","Ball Lightning","Beam Cell"],"picked":"SKIP","floor":46.0},{"not_picked":["Ball Lightning+1","Steam Power","Echo Form"],"picked":"SKIP","floor":55.0},{"not_picked":["Ball Lightning+1","Steam Power","Echo Form"],"picked":"SKIP","floor":55.0},{"not_picked":["Ball Lightning+1","Steam Power"],"picked":"Echo Form","floor":55.0}],"player_experience":1070723,"relics_obtained":[{"floor":7.0,"key":"Omamori"},{"floor":9.0,"key":"Smiling Mask"},{"floor":13.0,"key":"Vajra"},{"floor":25.0,"key":"Oddly Smooth Stone"},{"floor":26.0,"key":"Art of War"},{"floor":27.0,"key":"Cables"},{"floor":41.0,"key":"Shuriken"},{"floor":43.0,"key":"Blood Vial"},{"floor":55.0,"key":"Bird Faced Urn"}],"event_choices":[{"damage_healed":0.0,"max_hp_gain":0.0,"max_hp_loss":0.0,"gold_gain":0.0,"event_name":"WeMeetAgain","player_choice":"Gave Potion","floor":2.0,"gold_loss":0.0,"damage_taken":0.0,"relics_obtained":["Orichalcum"]},{"damage_healed":0.0,"max_hp_gain":0.0,"max_hp_loss":0.0,"gold_gain":0.0,"event_name":"The Library","player_choice":"Read","floor":20.0,"gold_loss":0.0,"damage_taken":0.0,"cards_obtained":["Consume"]},{"damage_healed":0.0,"max_hp_gain":0.0,"max_hp_loss":0.0,"gold_gain":0.0,"event_name":"Vampires","player_choice":"Ignored","floor":21.0,"gold_loss":0.0,"damage_taken":0.0},{"damage_healed":0.0,"max_hp_gain":0.0,"max_hp_loss":0.0,"gold_gain":0.0,"event_name":"Tomb of Lord Red Mask","player_choice":"Ignored","floor":36.0,"gold_loss":0.0,"damage_taken":0.0},{"damage_healed":0.0,"max_hp_gain":0.0,"max_hp_loss":0.0,"gold_gain":0.0,"event_name":"SensoryStone","player_choice":"Memory 3","floor":37.0,"gold_loss":0.0,"damage_taken":10.0},{"damage_healed":0.0,"max_hp_gain":0.0,"max_hp_loss":0.0,"gold_gain":0.0,"event_name":"Duplicator","player_choice":"Copied","floor":38.0,"gold_loss":0.0,"damage_taken":0.0,"cards_obtained":["Skim"]}],"is_beta":false,"boss_relics":[{"not_picked":["Calling Bell","FrozenCore"],"picked":"Pandora\u0027s Box"},{"not_picked":["Runic Pyramid","Inserter"],"picked":"Nuclear Battery"}],"items_purged_floors":[19,22,48,54],"is_endless":false,"potions_floor_spawned":[1,4,11,12,13,16,24,28,33,35,41,44,46],"ascension_level":20}