{"gold_per_floor":[118,193,210,84,99,130,130,140,192,217,217,118,118,136,136,236,236,210,228,72,72,72,72,89,89,89,89,89,89,55,71,71,175,175,192,99,79,92,106,106,153,199,199,199,199],"floor_reached":45,"playtime":6074,"items_purged":["Strike_G","Strike_G","Strike_G"],"score":461,"play_id":"e4375f25-f253-4577-a598-b1752dceba11","local_time":"20181015103748","is_ascension_mode":true,"campfire_choices":[{"floor":7.0,"key":"REST"},{"data":"Well Laid Plans","floor":13.0,"key":"SMITH"},{"floor":15.0,"key":"REST"},{"data":"Malaise","floor":23.0,"key":"SMITH"},{"data":"Caltrops","floor":25.0,"key":"SMITH"},{"data":"Caltrops","floor":27.0,"key":"SMITH"},{"data":"Leg Sweep","floor":29.0,"key":"SMITH"},{"floor":32.0,"key":"REST"},{"data":"Burst","floor":40.0,"key":"SMITH"},{"data":"Caltrops","floor":44.0,"key":"SMITH"}],"neow_cost":"NONE","seed_source_timestamp":0,"circlet_count":0,"master_deck":["Defend_G+1","Defend_G+1","Defend_G+1","Defend_G+1","Defend_G+1","Survivor","Neutralize","Well Laid Plans+1","Backstab","Caltrops+1","Leg Sweep+1","Terror+1","Flying Knee","Dagger Throw","Malaise+1","Dagger Spray","Slice","Caltrops+1","Backstab","Slice","Backstab","Burst+1","Slice+1","Caltrops+1","Backflip","Dodge and Roll+1"],"special_seed":0,"relics":["Ring of the Snake","Smiling Mask","Ornamental Fan","Bag of Preparation","Centennial Puzzle","Empty Cage","Meat on the Bone","Eternal Feather","Bird Faced Urn","Bronze Scales","FossilizedHelix","Mummified Hand"],"potions_floor_usage":[45],"damage_taken":[{"damage":7.0,"enemies":"Jaw Worm","floor":1.0,"turns":6.0},{"damage":0.0,"enemies":"Small Slimes","floor":3.0,"turns":5.0},{"damage":0.0,"enemies":"2 Louse","floor":5.0,"turns":4.0},{"damage":14.0,"enemies":"3 Sentries","floor":6.0,"turns":13.0},{"damage":0.0,"enemies":"Looter","floor":8.0,"turns":4.0},{"damage":16.0,"enemies":"Gremlin Nob","floor":10.0,"turns":5.0},{"damage":2.0,"enemies":"Gremlin Gang","floor":14.0,"turns":5.0},{"damage":20.0,"enemies":"Hexaghost","floor":16.0,"turns":15.0},{"damage":9.0,"enemies":"2 Thieves","floor":18.0,"turns":5.0},{"damage":0.0,"enemies":"Shell Parasite","floor":19.0,"turns":9.0},{"damage":15.0,"enemies":"Cultist and Chosen","floor":24.0,"turns":9.0},{"damage":13.0,"enemies":"3 Cultists","floor":31.0,"turns":7.0},{"damage":37.0,"enemies":"Collector","floor":33.0,"turns":14.0},{"damage":0.0,"enemies":"3 Shapes","floor":35.0,"turns":11.0},{"damage":17.0,"enemies":"3 Darklings","floor":38.0,"turns":8.0},{"damage":12.0,"enemies":"Transient","floor":39.0,"turns":5.0},{"damage":9.0,"enemies":"Mind Bloom Boss Battle","floor":41.0,"turns":8.0},{"damage":15.0,"enemies":"Mysterious Sphere","floor":42.0,"turns":9.0},{"damage":84,"enemies":"Giant Head","floor":45,"turns":14}],"seed_played":"-1316870745658009050","potions_obtained":[{"floor":5.0,"key":"Block Potion"},{"floor":6.0,"key":"Fruit Juice"},{"floor":24.0,"key":"SpeedPotion"},{"floor":31.0,"key":"Strength Potion"},{"floor":33.0,"key":"Fire Potion"},{"floor":37.0,"key":"EssenceOfSteel"}],"is_trial":false,"path_per_floor":["M","?","M","$","M","E","R","M","T","E","?","$","R","M","R","B",null,"M","M","$","?","$","R","M","R","T","R","$","R","$","M","R","B",null,"M","$","?","M","M","R","T","?","T","R"],"character_chosen":"THE_SILENT","items_purchased":["Caltrops","Flying Knee","Caltrops","Backstab","Backstab","Caltrops","Backflip"],"campfire_rested":3,"item_purchase_floors":[4,12,20,20,30,36,36],"current_hp_per_floor":[63,52,52,52,52,38,59,59,59,43,43,43,43,41,62,42,70,61,61,61,61,61,61,46,46,46,46,46,46,46,45,66,41,70,75,75,75,58,46,61,52,45,45,60,0],"gold":199,"neow_bonus":"RANDOM_COMMON_RELIC","is_prod":false,"is_daily":false,"chose_seed":false,"campfire_upgraded":7,"win_rate":0,"timestamp":1539596268,"path_taken":["M","?","M","$","M","E","R","M","T","E","?","$","R","M","R","BOSS","M","M","$","?","$","R","M","R","T","R","$","R","?","M","R","BOSS","M","$","?","M","M","R","?","?","T","R","E"],"build_version":"2018-10-11","purchased_purges":3,"victory":false,"max_hp_per_floor":[70,70,70,70,70,70,70,70,70,70,70,70,70,70,70,70,70,70,70,70,70,70,70,70,70,70,70,70,70,70,70,70,70,70,75,75,75,75,75,75,75,75,75,75,75],"card_choices":[{"not_picked":["PiercingWail","Distraction"],"picked":"Well Laid Plans","floor":1.0},{"not_picked":["Underhanded Strike","Bouncing Flask"],"picked":"Backstab","floor":3.0},{"not_picked":["Dodge and Roll","Quick Slash","Bane"],"picked":"SKIP","floor":5.0},{"not_picked":["Well Laid Plans","Underhanded Strike"],"picked":"Leg Sweep","floor":6.0},{"not_picked":["Flying Knee","Venomology"],"picked":"Terror","floor":8.0},{"not_picked":["Deadly Poison","Bane","Deflect"],"picked":"SKIP","floor":10.0},{"not_picked":["Prepared","Deadly Poison"],"picked":"Dagger Throw","floor":14.0},{"not_picked":["A Thousand Cuts","Phantasmal Killer"],"picked":"Malaise","floor":16.0},{"not_picked":["Quick Slash","Deflect"],"picked":"Dagger Spray","floor":18.0},{"not_picked":["Well Laid Plans","Riddle With Holes+1"],"picked":"Slice","floor":19.0},{"not_picked":["Accuracy+1","Eviscerate+1"],"picked":"Slice","floor":24.0},{"not_picked":["Prepared+1","Backflip","Finisher"],"picked":"SKIP","floor":31.0},{"not_picked":["Bullet Time","Wraith Form v2"],"picked":"Burst","floor":33.0},{"not_picked":["Poisoned Stab","Finisher+1"],"picked":"Slice+1","floor":35.0},{"not_picked":["Underhanded Strike+1","Prepared","Reflex"],"picked":"SKIP","floor":38.0},{"not_picked":["Blade Dance","Reflex+1","Acrobatics"],"picked":"SKIP","floor":39.0},{"not_picked":["Dagger Spray+1","Poisoned Stab"],"picked":"Dodge and Roll+1","floor":42.0}],"player_experience":165592,"relics_obtained":[{"floor":6.0,"key":"Ornamental Fan"},{"floor":9.0,"key":"Bag of Preparation"},{"floor":10.0,"key":"Centennial Puzzle"},{"floor":26.0,"key":"Meat on the Bone"},{"floor":41.0,"key":"Bird Faced Urn"},{"floor":41.0,"key":"Bronze Scales"},{"floor":42.0,"key":"FossilizedHelix"},{"floor":43.0,"key":"Mummified Hand"}],"event_choices":[{"event_name":"World of Goop","player_choice":"Gather Gold","floor":2.0,"damage_taken":0.0},{"event_name":"Living Wall","player_choice":"Grow","floor":11.0,"damage_taken":0.0},{"event_name":"Back to Basics","player_choice":"Simplicity","floor":21.0,"damage_taken":0.0},{"event_name":"The Woman in Blue","player_choice":"Bought 1 Potion","floor":37.0,"damage_taken":0.0},{"event_name":"MindBloom","player_choice":"Fight","floor":41.0,"damage_taken":0.0},{"event_name":"Mysterious Sphere","player_choice":"Fight","floor":42.0,"damage_taken":0.0}],"is_beta":false,"boss_relics":[{"not_picked":["Ectoplasm","Runic Pyramid"],"picked":"Empty Cage"},{"not_picked":["Lizard Tail","HoveringKite"],"picked":"Eternal Feather"}],"items_purged_floors":[4,12,20],"is_endless":false,"potions_floor_spawned":[5,6,24,31,33,38],"killed_by":"Giant Head","ascension_level":2}