{"gold_per_floor":[115,115,115,133,146,146,165,198,198,198,212,137,150,211,211,308,308,321,340,193,212,212,212,244,244,301,328,328,340,354,373,373,471,471,487,278,278,278,128,128,143,178,204,54,70,18,31,49,49,49],"floor_reached":51,"playtime":3428,"items_purged":["Strike_B","Strike_B","Defend_B","Strike_B"],"score":1029,"play_id":"ef953a14-a4d0-45c0-af70-44007352658b","local_time":"20190720221923","is_ascension_mode":true,"campfire_choices":[{"data":"Steam","floor":6,"key":"SMITH"},{"data":"Biased Cognition","floor":10,"key":"SMITH"},{"data":"Coolheaded","floor":15,"key":"SMITH"},{"data":"Dualcast","floor":23,"key":"SMITH"},{"data":"Darkness","floor":25,"key":"SMITH"},{"floor":32,"key":"REST"},{"data":"Core Surge","floor":40,"key":"SMITH"},{"data":"Ball Lightning","floor":49,"key":"SMITH"}],"neow_cost":"NONE","seed_source_timestamp":349834119104600,"circlet_count":0,"master_deck":["Strike_B","Defend_B","Defend_B","Zap+1","Dualcast+1","Amplify","Steam+1","Ball Lightning+1","Darkness+1","Biased Cognition+1","Coolheaded+1","Electrodynamics","Steam+1","Coolheaded+1","Hologram+1","BootSequence+1","Conserve Battery+1","Core Surge+1","BootSequence+1","Dark Shackles+1","Fusion+1","Reinforced Body+1","Glacier+1"],"relics":["Cracked Core","Pantograph","Symbiotic Virus","Toxic Egg 2","Inserter","Omamori","Tiny Chest","Mummified Hand","Singing Bowl","Runic Pyramid","DataDisk","Dream Catcher","Ancient Tea Set"],"potions_floor_usage":[21,24,27,33,47,50],"damage_taken":[{"damage":4,"enemies":"2 Louse","floor":1,"turns":3},{"damage":0,"enemies":"Cultist","floor":4,"turns":3},{"damage":2,"enemies":"Jaw Worm","floor":5,"turns":3},{"damage":0,"enemies":"Looter","floor":7,"turns":2},{"damage":4,"enemies":"Gremlin Nob","floor":8,"turns":3},{"damage":0,"enemies":"Blue Slaver","floor":11,"turns":3},{"damage":0,"enemies":"Large Slime","floor":13,"turns":2},{"damage":5,"enemies":"3 Sentries","floor":14,"turns":6},{"damage":0,"enemies":"Slime Boss","floor":16,"turns":6},{"damage":1,"enemies":"Shell Parasite","floor":18,"turns":3},{"damage":0,"enemies":"Spheric Guardian","floor":19,"turns":3},{"damage":0,"enemies":"Centurion and Healer","floor":21,"turns":6},{"damage":11,"enemies":"Gremlin Leader","floor":24,"turns":5},{"damage":21,"enemies":"Slavers","floor":27,"turns":5},{"damage":0,"enemies":"Cultist and Chosen","floor":29,"turns":5},{"damage":3,"enemies":"Snake Plant","floor":30,"turns":3},{"damage":0,"enemies":"Chosen and Byrds","floor":31,"turns":5},{"damage":12,"enemies":"Champ","floor":33,"turns":8},{"damage":0,"enemies":"3 Darklings","floor":35,"turns":5},{"damage":0,"enemies":"3 Shapes","floor":41,"turns":5},{"damage":5,"enemies":"Giant Head","floor":42,"turns":10},{"damage":0,"enemies":"3 Darklings","floor":45,"turns":4},{"damage":0,"enemies":"Jaw Worm Horde","floor":47,"turns":4},{"damage":0,"enemies":"Maw","floor":48,"turns":6},{"damage":1,"enemies":"Time Eater","floor":50,"turns":7}],"seed_played":"1719406578727696999","potions_obtained":[{"floor":4,"key":"Block Potion"},{"floor":5,"key":"Ancient Potion"},{"floor":7,"key":"FocusPotion"},{"floor":27,"key":"Fire Potion"},{"floor":29,"key":"Poison Potion"},{"floor":41,"key":"Block Potion"},{"floor":48,"key":"Ancient Potion"}],"is_trial":false,"path_per_floor":["M","?","?","M","M","R","M","E","T","R","M","$","M","?","R","B",null,"M","M","$","M","?","R","E","R","T","E","T","M","M","M","R","B",null,"M","$","?","?","$","R","M","E","T","$","M","$","M","M","R","B",null],"character_chosen":"DEFECT","items_purchased":["Coolheaded+1","Dark Shackles+1","DataDisk","PowerPotion"],"campfire_rested":1,"item_purchase_floors":[20,36,39,46],"current_hp_per_floor":[64,64,64,64,62,62,62,58,58,58,58,58,58,53,53,75,75,74,74,74,74,74,74,63,63,63,42,42,44,41,43,66,67,76,76,76,76,78,78,78,80,75,75,75,77,77,77,77,77,84],"gold":49,"neow_bonus":"ONE_RANDOM_RARE_CARD","is_prod":false,"is_daily":false,"chose_seed":false,"campfire_upgraded":7,"win_rate":0,"timestamp":1563675563,"path_taken":["M","?","?","M","?","R","M","E","T","R","M","$","M","?","R","BOSS","M","M","$","M","?","R","E","R","T","E","?","M","M","M","R","BOSS","M","$","?","?","$","R","M","E","T","?","M","$","?","M","R","BOSS"],"build_version":"2019-07-17","purchased_purges":4,"victory":true,"max_hp_per_floor":[75,75,75,75,75,75,75,75,75,75,75,75,75,75,75,75,75,75,75,75,75,75,75,75,75,75,75,75,77,77,79,79,79,79,79,79,79,81,81,81,83,83,83,83,85,85,85,85,85,85],"card_choices":[{"not_picked":["Rebound","Tempest"],"picked":"Steam","floor":1},{"not_picked":["Steam Power","Gash","Force Field"],"picked":"SKIP","floor":4},{"not_picked":["Barrage","Lockon"],"picked":"Ball Lightning","floor":5},{"not_picked":["Sweeping Beam","Go for the Eyes"],"picked":"Darkness","floor":7},{"not_picked":["Leap","Undo"],"picked":"Biased Cognition","floor":8},{"not_picked":["Steam","Conserve Battery"],"picked":"Coolheaded","floor":11},{"not_picked":["Genetic Algorithm","Stack","Tempest"],"picked":"SKIP","floor":13},{"not_picked":["Gash","Turbo"],"picked":"Sweeping Beam","floor":14},{"not_picked":["Buffer","Echo Form"],"picked":"Electrodynamics","floor":16},{"not_picked":["Cold Snap","Sweeping Beam"],"picked":"Steam+1","floor":18},{"not_picked":["Stack+1","Reprogram+1","Turbo+1"],"picked":"SKIP","floor":19},{"not_picked":["BootSequence+1","Ball Lightning"],"picked":"Hologram+1","floor":21},{"not_picked":["Steam+1","Rebound"],"picked":"BootSequence+1","floor":24},{"not_picked":["Gash","Stack+1","Reboot+1"],"picked":"SKIP","floor":27},{"not_picked":["Rebound+1","Aggregate+1","Steam+1"],"picked":"Singing Bowl","floor":29},{"not_picked":["Lockon+1","Auto Shields+1"],"picked":"Conserve Battery+1","floor":30},{"not_picked":["Hello World+1","Chaos+1","Coolheaded+1"],"picked":"Singing Bowl","floor":31},{"not_picked":["Thunder Strike","Fission+1"],"picked":"Core Surge","floor":33},{"not_picked":["Doom and Gloom+1","Compile Driver"],"picked":"BootSequence+1","floor":35},{"not_picked":["Dramatic Entrance","Impatience+1","Chrysalis+1"],"picked":"Singing Bowl","floor":38},{"not_picked":["Sweeping Beam","Aggregate+1","Turbo+1"],"picked":"Singing Bowl","floor":41},{"not_picked":["Gash+1","Genetic Algorithm+1"],"picked":"Fusion+1","floor":42},{"not_picked":["Blizzard","Turbo+1","Streamline"],"picked":"Singing Bowl","floor":45},{"not_picked":["Undo+1","Stack+1"],"picked":"Reinforced Body+1","floor":47},{"not_picked":["Gash","Blizzard+1"],"picked":"Glacier+1","floor":48}],"player_experience":455829,"relics_obtained":[{"floor":8,"key":"Pantograph"},{"floor":9,"key":"Symbiotic Virus"},{"floor":14,"key":"Toxic Egg 2"},{"floor":24,"key":"Omamori"},{"floor":26,"key":"Tiny Chest"},{"floor":27,"key":"Mummified Hand"},{"floor":28,"key":"Singing Bowl"},{"floor":42,"key":"Dream Catcher"},{"floor":43,"key":"Ancient Tea Set"}],"event_choices":[{"damage_healed":0,"gold_gain":0,"player_choice":"Grow","damage_taken":0,"max_hp_gain":0,"max_hp_loss":0,"event_name":"Living Wall","floor":2,"gold_loss":0,"cards_upgraded":["Zap"]},{"cards_removed":["Defend_B"],"damage_healed":0,"gold_gain":0,"player_choice":"Offered Basic","damage_taken":0,"max_hp_gain":0,"max_hp_loss":0,"event_name":"Bonfire Elementals","floor":3,"gold_loss":0},{"damage_healed":0,"gold_gain":0,"player_choice":"Searched \u00271\u0027 times","damage_taken":0,"max_hp_gain":0,"max_hp_loss":0,"event_name":"Dead Adventurer","floor":14,"gold_loss":0},{"damage_healed":0,"gold_gain":0,"player_choice":"Ignored","damage_taken":0,"max_hp_gain":0,"max_hp_loss":0,"event_name":"Cursed Tome","floor":22,"gold_loss":0},{"cards_removed":["Sweeping Beam"],"damage_healed":0,"gold_gain":0,"player_choice":"Removed Attack","damage_taken":0,"max_hp_gain":0,"max_hp_loss":0,"event_name":"Falling","floor":37,"gold_loss":0},{"damage_healed":0,"gold_gain":0,"player_choice":"Memory 1","damage_taken":0,"max_hp_gain":0,"max_hp_loss":0,"event_name":"SensoryStone","floor":38,"gold_loss":0}],"is_beta":false,"boss_relics":[{"not_picked":["Lizard Tail","Cursed Key"],"picked":"Inserter"},{"not_picked":["Black Star","Calling Bell"],"picked":"Runic Pyramid"}],"items_purged_floors":[12,20,36,44],"is_endless":false,"potions_floor_spawned":[4,5,7,11,16,18,27,29,41,48],"ascension_level":7}