{"path_per_floor":["M","$","?","M","M","R","E","?","T","R","M","R","M","$","R"],"character_chosen":"DEFECT","items_purchased":["Auto Shields","Streamline","Dark Shackles","Self Repair"],"gold_per_floor":[114,21,21,36,54,54,86,86,154,154,167,167,187,21,21,21],"floor_reached":16,"campfire_rested":2,"playtime":1023,"item_purchase_floors":[2,2,14,14],"current_hp_per_floor":[71,71,71,66,66,75,44,75,75,75,75,75,67,67,75,0],"items_purged":[],"gold":21,"score":100,"play_id":"38e6e5e9-2057-4623-ab8f-9817b40ac090","local_time":"20180616121009","is_prod":false,"is_daily":false,"chose_seed":false,"is_ascension_mode":false,"campfire_upgraded":2,"win_rate":0.0,"timestamp":1529147409,"campfire_choices":[{"floor":6,"key":"REST"},{"data":"Zap","floor":10,"key":"SMITH"},{"data":"Strike_B","floor":12,"key":"SMITH"},{"floor":15,"key":"REST"}],"path_taken":["M","$","?","M","?","R","E","?","T","R","?","R","M","$","R","BOSS"],"build_version":"2018-06-14v2","seed_source_timestamp":147723437012775,"purchased_purges":0,"victory":false,"master_deck":["Strike_B+1","Strike_B","Strike_B+1","Strike_B+1","Defend_B","Defend_B","Defend_B","Defend_B","Zap+1","Dualcast","Auto Shields","Streamline","Hologram","Darkness","Steam","Fission","Rip and Tear","Dark Shackles","Self Repair"],"max_hp_per_floor":[75,75,75,75,75,75,75,75,75,75,75,75,75,75,75,75],"special_seed":17698,"relics":["Cracked Core","Whetstone","Potion Belt","Gremlin Horn"],"card_choices":[{"not_picked":["Compile Driver","Steam"],"picked":"Aggregate","floor":1},{"not_picked":["Redo","Rip and Tear"],"picked":"Hologram","floor":4},{"not_picked":["Beam Cell","Reinforced Body"],"picked":"Darkness","floor":5},{"not_picked":["Beam Cell","Compile Driver"],"picked":"Steam","floor":7},{"not_picked":["Leap","Defragment"],"picked":"Fission","floor":11},{"not_picked":["Reinforced Body","Double Energy"],"picked":"Rip and Tear","floor":13}],"player_experience":6148,"potions_floor_usage":[],"damage_taken":[{"damage":4,"enemies":"Small Slimes","floor":1,"turns":3},{"damage":5,"enemies":"2 Louse","floor":4,"turns":2},{"damage":0,"enemies":"Cultist","floor":5,"turns":4},{"damage":31,"enemies":"Lagavulin","floor":7,"turns":5},{"damage":0,"enemies":"3 Louse","floor":11,"turns":3},{"damage":8,"enemies":"Lots of Slimes","floor":13,"turns":3},{"damage":86,"enemies":"Slime Boss","floor":16,"turns":13}],"relics_obtained":[{"floor":7,"key":"Potion Belt"},{"floor":9,"key":"Gremlin Horn"}],"event_choices":[{"event_name":"The Cleric","player_choice":"Leave","floor":3,"damage_taken":0},{"event_name":"Bonfire Elementals","player_choice":"UNCOMMON","floor":8,"damage_taken":0}],"boss_relics":[],"items_purged_floors":[],"is_endless":false,"potions_floor_spawned":[1,5],"seed_played":"5702645118959228146","killed_by":"Slime Boss","ascension_level":0,"potions_obtained":[{"floor":1,"key":"Ancient Potion"},{"floor":5,"key":"Swift Potion"}],"is_trial":false}