{"gold_per_floor":[109,109,21,36,52,68,68,92,168,208,208,208,8,22,22,142,142,156,30,49,49,49,69,69],"floor_reached":24,"playtime":1173,"items_purged":["Strike_R"],"score":277,"play_id":"40a233fd-38af-4f43-ba00-9e60118663e2","local_time":"20190728230834","is_ascension_mode":true,"campfire_choices":[{"data":"Armaments","floor":7,"key":"SMITH"},{"data":"True Grit","floor":15,"key":"SMITH"}],"neow_cost":"NONE","seed_source_timestamp":634935795774400,"circlet_count":0,"master_deck":["Strike_R","Strike_R","Defend_R","Defend_R","Defend_R","Defend_R","Bash","Headbutt","Inflame","Armaments+1","Offering","Clothesline","Armaments","True Grit+1","Disarm","Demon Form","Cleave","Flame Barrier","True Grit","Shrug It Off"],"relics":["Burning Blood","Golden Idol","Question Card","Incense Burner","Philosopher\u0027s Stone"],"potions_floor_usage":[8,8,10,23],"damage_taken":[{"damage":9,"enemies":"Jaw Worm","floor":1,"turns":6},{"damage":5,"enemies":"2 Louse","floor":4,"turns":3},{"damage":6,"enemies":"Cultist","floor":5,"turns":4},{"damage":9,"enemies":"Blue Slaver","floor":6,"turns":3},{"damage":11,"enemies":"Gremlin Gang","floor":8,"turns":5},{"damage":33,"enemies":"3 Sentries","floor":10,"turns":11},{"damage":6,"enemies":"Looter","floor":14,"turns":4},{"damage":15,"enemies":"Hexaghost","floor":16,"turns":12},{"damage":16,"enemies":"Chosen","floor":18,"turns":4},{"damage":46,"enemies":"3 Byrds","floor":20,"turns":5},{"damage":7,"enemies":"Centurion and Healer","floor":23,"turns":10},{"damage":13,"enemies":"Gremlin Leader","floor":24,"turns":3}],"seed_played":"2809089565879336242","potions_obtained":[{"floor":5,"key":"Poison Potion"},{"floor":6,"key":"Block Potion"},{"floor":14,"key":"GamblersBrew"},{"floor":16,"key":"FearPotion"},{"floor":20,"key":"Dexterity Potion"},{"floor":23,"key":"Block Potion"}],"is_trial":false,"path_per_floor":["M","?","$","M","M","M","R","M","T","E","?","?","$","M","R","B",null,"M","$","M","$","?","M","E"],"character_chosen":"IRONCLAD","items_purchased":["Inflame","Block Potion","True Grit","Disarm","Flame Barrier","True Grit"],"campfire_rested":0,"item_purchase_floors":[3,3,13,13,19,19],"current_hp_per_floor":[69,69,69,70,70,67,67,62,62,35,35,35,35,35,35,26,62,52,52,12,12,12,11,0],"gold":69,"neow_bonus":"REMOVE_CARD","is_prod":false,"is_daily":false,"chose_seed":false,"campfire_upgraded":2,"win_rate":0,"timestamp":1564369714,"path_taken":["M","?","$","M","M","M","R","M","T","E","?","?","$","M","R","BOSS","M","$","M","$","?","M","E"],"build_version":"2019-07-17","purchased_purges":1,"victory":false,"max_hp_per_floor":[80,74,74,74,74,74,74,74,74,74,74,74,74,74,74,74,74,74,74,74,74,74,74,74],"card_choices":[{"not_picked":["Anger","Heavy Blade"],"picked":"Headbutt","floor":1},{"not_picked":["Anger","Warcry"],"picked":"Armaments","floor":4},{"not_picked":["Disarm","Clash"],"picked":"Offering","floor":5},{"not_picked":["Wild Strike","Iron Wave"],"picked":"Clothesline","floor":6},{"not_picked":["Body Slam","Wild Strike","Juggernaut"],"picked":"SKIP","floor":8},{"not_picked":["Warcry","Hemokinesis","Uppercut"],"picked":"Armaments","floor":10},{"not_picked":["Combust","Body Slam","Clothesline","Sever Soul"],"picked":"SKIP","floor":14},{"not_picked":["Combust","Body Slam","Clothesline","Sever Soul"],"picked":"SKIP","floor":14},{"not_picked":["Fiend Fire","Impervious","Exhume"],"picked":"Demon Form","floor":16},{"not_picked":["Perfected Strike","Wild Strike","Anger"],"picked":"Cleave","floor":18},{"not_picked":["Clash","Reckless Charge","Havoc","Flex"],"picked":"SKIP","floor":20},{"not_picked":["Corruption","Rupture+1","Sentinel+1"],"picked":"Shrug It Off","floor":23}],"player_experience":575363,"relics_obtained":[{"floor":9,"key":"Question Card"},{"floor":10,"key":"Incense Burner"}],"event_choices":[{"damage_healed":0,"gold_gain":0,"player_choice":"Lose Max HP","damage_taken":0,"relics_obtained":["Golden Idol"],"max_hp_gain":0,"max_hp_loss":6,"event_name":"Golden Idol","floor":2,"gold_loss":0},{"damage_healed":0,"gold_gain":0,"player_choice":"Ignored","damage_taken":0,"max_hp_gain":0,"max_hp_loss":0,"event_name":"Liars Game","floor":11,"gold_loss":0},{"cards_removed":["Strike_R"],"damage_healed":0,"gold_gain":0,"player_choice":"Purged","damage_taken":0,"max_hp_gain":0,"max_hp_loss":0,"event_name":"Purifier","floor":12,"gold_loss":0},{"damage_healed":0,"gold_gain":0,"player_choice":"Ignored","damage_taken":0,"max_hp_gain":0,"max_hp_loss":0,"event_name":"The Mausoleum","floor":22,"gold_loss":0}],"is_beta":false,"boss_relics":[{"not_picked":["Runic Cube","Coffee Dripper"],"picked":"Philosopher\u0027s Stone"}],"items_purged_floors":[13],"is_endless":false,"potions_floor_spawned":[5,6,14,16,20,23],"killed_by":"Gremlin Leader","ascension_level":8}