{"gold_per_floor":[110,128,53,71,82,82,97,110,135,135,146,146,173,186,186,283,283,296,120,133,149,168,168,181,181,207,224,54,54],"floor_reached":29,"playtime":1172,"items_purged":["Strike_R","Strike_R","Strike_R"],"score":326,"play_id":"4bb8bc84-6bca-416f-b198-985b47081c06","local_time":"20190722193725","is_ascension_mode":true,"campfire_choices":[{"data":"True Grit","floor":6,"key":"SMITH"},{"data":"Clothesline","floor":10,"key":"SMITH"},{"data":"Bash","floor":12,"key":"SMITH"},{"data":"Immolate","floor":15,"key":"SMITH"},{"data":"Demon Form","floor":23,"key":"SMITH"},{"data":"Heavy Blade","floor":25,"key":"SMITH"}],"neow_cost":"NONE","seed_source_timestamp":103848635702100,"circlet_count":0,"master_deck":["Strike_R","Strike_R","Defend_R","Defend_R","Defend_R","Defend_R","Bash+1","Sword Boomerang","Disarm","Headbutt","True Grit+1","Clothesline+1","Shrug It Off","Immolate+1","Demon Form+1","Heavy Blade+1","Uppercut","True Grit","Metallicize+1","Shrug It Off+1","Armaments","Bandage Up","Spot Weakness"],"relics":["Burning Blood","Bronze Scales","Potion Belt","Smiling Mask","Philosopher\u0027s Stone","Pen Nib"],"potions_floor_usage":[14,16,20,20,27,27,27],"damage_taken":[{"damage":1,"enemies":"Cultist","floor":1,"turns":3},{"damage":7,"enemies":"Jaw Worm","floor":2,"turns":3},{"damage":4,"enemies":"Small Slimes","floor":4,"turns":4},{"damage":5,"enemies":"Blue Slaver","floor":5,"turns":4},{"damage":17,"enemies":"3 Louse","floor":7,"turns":4},{"damage":9,"enemies":"Looter","floor":8,"turns":4},{"damage":10,"enemies":"Large Slime","floor":11,"turns":9},{"damage":24,"enemies":"Lagavulin","floor":13,"turns":8},{"damage":9,"enemies":"Blue Slaver","floor":14,"turns":3},{"damage":19,"enemies":"Hexaghost","floor":16,"turns":12},{"damage":25,"enemies":"Spheric Guardian","floor":18,"turns":4},{"damage":1,"enemies":"3 Byrds","floor":20,"turns":1},{"damage":20,"enemies":"Snecko","floor":21,"turns":5},{"damage":4,"enemies":"Centurion and Healer","floor":22,"turns":5},{"damage":10,"enemies":"3 Cultists","floor":24,"turns":4},{"damage":40,"enemies":"Snake Plant","floor":27,"turns":3},{"damage":22,"enemies":"Book of Stabbing","floor":29,"turns":5}],"seed_played":"2934164128847925746","potions_obtained":[{"floor":4,"key":"PowerPotion"},{"floor":8,"key":"Swift Potion"},{"floor":11,"key":"Energy Potion"},{"floor":13,"key":"Block Potion"},{"floor":14,"key":"Fruit Juice"},{"floor":21,"key":"SpeedPotion"},{"floor":22,"key":"Regen Potion"}],"is_trial":false,"path_per_floor":["M","M","$","M","M","R","M","M","T","R","M","R","E","M","R","B",null,"M","$","M","M","M","R","M","R","T","M","$","E"],"character_chosen":"IRONCLAD","items_purchased":["Heavy Blade","Uppercut","True Grit","Bandage Up","Spot Weakness"],"campfire_rested":0,"item_purchase_floors":[19,19,19,28,28],"current_hp_per_floor":[77,76,76,78,79,79,68,65,65,65,61,61,43,45,45,32,72,53,53,58,44,46,46,42,42,42,17,17,0],"gold":54,"neow_bonus":"RANDOM_COMMON_RELIC","is_prod":false,"is_daily":false,"chose_seed":false,"campfire_upgraded":6,"win_rate":0,"timestamp":1563838645,"path_taken":["M","?","$","M","M","R","M","M","T","R","M","R","E","M","R","BOSS","M","$","M","M","M","R","M","R","T","M","$","E"],"build_version":"2019-07-17","purchased_purges":3,"victory":false,"max_hp_per_floor":[80,80,80,80,80,80,80,80,80,80,80,80,80,85,85,85,85,85,85,85,85,85,85,85,85,85,85,85,85],"card_choices":[{"not_picked":["Wild Strike","Flex"],"picked":"Sword Boomerang","floor":1},{"not_picked":["Rage","Second Wind"],"picked":"Disarm","floor":2},{"not_picked":["Corruption","Sword Boomerang"],"picked":"Headbutt","floor":4},{"not_picked":["Clash","Second Wind"],"picked":"True Grit","floor":5},{"not_picked":["Wild Strike","Pummel"],"picked":"Clothesline","floor":7},{"not_picked":["Twin Strike","Iron Wave","Dual Wield"],"picked":"SKIP","floor":8},{"not_picked":["Clothesline","Metallicize"],"picked":"Shrug It Off","floor":11},{"not_picked":["Flame Barrier","Thunderclap"],"picked":"Immolate","floor":13},{"not_picked":["Cleave","Iron Wave","Body Slam"],"picked":"SKIP","floor":14},{"not_picked":["Dark Embrace","Impervious"],"picked":"Demon Form","floor":16},{"not_picked":["Dropkick","Searing Blow","Cleave"],"picked":"SKIP","floor":18},{"not_picked":["Ghostly Armor","Headbutt"],"picked":"Metallicize+1","floor":20},{"not_picked":["Body Slam","Seeing Red"],"picked":"Shrug It Off+1","floor":21},{"not_picked":["True Grit","Pummel+1","Rampage"],"picked":"SKIP","floor":22},{"not_picked":["Corruption+1","Anger","Whirlwind"],"picked":"SKIP","floor":24},{"not_picked":["Heavy Blade+1","Warcry"],"picked":"Armaments","floor":27}],"player_experience":495742,"relics_obtained":[{"floor":9,"key":"Potion Belt"},{"floor":13,"key":"Smiling Mask"},{"floor":26,"key":"Pen Nib"}],"event_choices":[],"is_beta":false,"boss_relics":[{"not_picked":["Snecko Eye","Black Blood"],"picked":"Philosopher\u0027s Stone"}],"items_purged_floors":[3,19,28],"is_endless":false,"potions_floor_spawned":[4,8,11,13,14,21,22],"killed_by":"Book of Stabbing","ascension_level":8}