{"gold_per_floor":[114,132,207,227,11,11,30,30,30,59,59,72,72],"floor_reached":13,"playtime":429,"items_purged":["Strike_R"],"score":102,"play_id":"20b8f8ff-3540-41f5-861a-e6b9e57042fa","local_time":"20190715223243","is_ascension_mode":true,"campfire_choices":[{"data":"Corruption","floor":6,"key":"SMITH"},{"floor":8,"key":"REST"}],"neow_cost":"NONE","seed_source_timestamp":263192941886200,"circlet_count":0,"master_deck":["Strike_R","Strike_R","Strike_R","Strike_R","Defend_R","Defend_R","Defend_R","Defend_R","Bash","Wild Strike","Corruption+1","Havoc","Feed","Clash","Flame Barrier","Metallicize"],"relics":["Burning Blood","Gremlin Horn","Gambling Chip"],"potions_floor_usage":[4,13,13],"damage_taken":[{"damage":1,"enemies":"Cultist","floor":1,"turns":3},{"damage":7,"enemies":"Jaw Worm","floor":2,"turns":3},{"damage":8,"enemies":"2 Louse","floor":4,"turns":2},{"damage":48,"enemies":"Exordium Thugs","floor":7,"turns":6},{"damage":30,"enemies":"Lagavulin","floor":10,"turns":5},{"damage":1,"enemies":"Looter","floor":12,"turns":2},{"damage":37,"enemies":"3 Sentries","floor":13,"turns":7}],"seed_played":"4989111988048502944","potions_obtained":[{"floor":0,"key":"Explosive Potion"},{"floor":0,"key":"EssenceOfSteel"},{"floor":0,"key":"SpeedPotion"},{"floor":1,"key":"Dexterity Potion"},{"floor":4,"key":"SmokeBomb"},{"floor":7,"key":"Weak Potion"}],"is_trial":false,"path_per_floor":["M","M","?","M","$","R","M","R","T","E","$","M","E"],"character_chosen":"IRONCLAD","items_purchased":["Feed"],"campfire_rested":1,"item_purchase_floors":[5],"current_hp_per_floor":[80,79,68,66,66,66,24,48,48,27,27,35,0],"gold":72,"neow_bonus":"THREE_SMALL_POTIONS","is_prod":false,"is_daily":false,"chose_seed":false,"campfire_upgraded":1,"win_rate":0,"timestamp":1563244363,"path_taken":["M","?","?","M","?","R","?","R","T","E","$","M","E"],"build_version":"2019-07-05","purchased_purges":1,"victory":false,"max_hp_per_floor":[80,80,80,80,80,80,80,80,80,83,83,86,86],"card_choices":[{"not_picked":["Evolve","Fire Breathing"],"picked":"Wild Strike","floor":1},{"not_picked":["Reckless Charge","Entrench"],"picked":"Corruption","floor":2},{"not_picked":["Iron Wave","Wild Strike"],"picked":"Havoc","floor":4},{"not_picked":["Sentinel","Heavy Blade"],"picked":"Clash","floor":7},{"not_picked":["Anger","Clash"],"picked":"Flame Barrier","floor":10},{"not_picked":["Immolate","Flex"],"picked":"Metallicize","floor":12}],"player_experience":354307,"relics_obtained":[{"floor":9,"key":"Gremlin Horn"},{"floor":10,"key":"Gambling Chip"}],"event_choices":[{"damage_healed":0,"gold_gain":75,"player_choice":"Gather Gold","damage_taken":11,"max_hp_gain":0,"max_hp_loss":0,"event_name":"World of Goop","floor":3,"gold_loss":0}],"is_beta":false,"boss_relics":[],"items_purged_floors":[5],"is_endless":false,"potions_floor_spawned":[1,4,7],"killed_by":"3 Sentries","ascension_level":4}