{"gold_per_floor":[116,136,136,156,173,173,199,44,44,44,76,92,111,123,123,200,200,219,236,251,251,19,19],"floor_reached":23,"playtime":1206,"items_purged":["Strike_R","Strike_R"],"score":359,"play_id":"2ff52ea1-0ba3-47ce-adb4-6b15330c897c","local_time":"20190814213323","is_ascension_mode":true,"campfire_choices":[{"data":"Immolate","floor":6,"key":"SMITH"},{"data":"True Grit","floor":10,"key":"SMITH"},{"data":"Demon Form","floor":15,"key":"SMITH"}],"neow_cost":"NONE","seed_source_timestamp":215472656202700,"circlet_count":0,"master_deck":["AscendersBane","Strike_R","Strike_R","Strike_R","Defend_R","Defend_R","Defend_R","Defend_R","Bash","True Grit+1","Feel No Pain","Immolate+1","Warcry","Clothesline","Havoc","Flame Barrier","Demon Form+1","Shrug It Off+1","Thunderclap","Armaments+1","Havoc+1","Heavy Blade","True Grit+1","Immolate"],"relics":["Burning Blood","Bottled Lightning","Toxic Egg 2","Turnip","Fusion Hammer"],"potions_floor_usage":[5,7,16,16,20],"damage_taken":[{"damage":0,"enemies":"Small Slimes","floor":1,"turns":3},{"damage":4,"enemies":"Cultist","floor":2,"turns":4},{"damage":6,"enemies":"2 Louse","floor":4,"turns":3},{"damage":2,"enemies":"2 Fungi Beasts","floor":5,"turns":3},{"damage":35,"enemies":"Lagavulin","floor":7,"turns":9},{"damage":29,"enemies":"Gremlin Nob","floor":11,"turns":4},{"damage":10,"enemies":"Gremlin Gang","floor":12,"turns":3},{"damage":1,"enemies":"Large Slime","floor":13,"turns":9},{"damage":0,"enemies":"Looter","floor":14,"turns":2},{"damage":25,"enemies":"Hexaghost","floor":16,"turns":9},{"damage":6,"enemies":"Spheric Guardian","floor":18,"turns":4},{"damage":9,"enemies":"Shell Parasite","floor":19,"turns":5},{"damage":17,"enemies":"Snecko","floor":20,"turns":5},{"damage":49,"enemies":"Book of Stabbing","floor":23,"turns":6}],"seed_played":"-7645535846863134979","potions_obtained":[{"floor":1,"key":"LiquidBronze"},{"floor":2,"key":"Swift Potion"},{"floor":5,"key":"Weak Potion"},{"floor":13,"key":"GamblersBrew"},{"floor":19,"key":"Swift Potion"}],"is_trial":false,"path_per_floor":["M","M","?","M","M","R","E","$","T","R","E","M","M","M","R","B",null,"M","M","M","?","$","E"],"character_chosen":"IRONCLAD","items_purchased":["Flame Barrier","True Grit+1","Immolate"],"campfire_rested":0,"item_purchase_floors":[8,22,22],"current_hp_per_floor":[81,82,82,82,82,82,53,53,53,53,30,26,31,37,37,18,66,66,63,52,44,44,0],"gold":19,"neow_bonus":"TEN_PERCENT_HP_BONUS","is_prod":false,"is_daily":false,"chose_seed":false,"campfire_upgraded":3,"win_rate":0,"timestamp":1565832803,"path_taken":["M","M","?","M","?","R","E","$","T","R","E","M","M","M","R","BOSS","M","M","M","?","?","E"],"build_version":"2019-07-17","purchased_purges":2,"victory":false,"max_hp_per_floor":[82,82,82,82,82,82,82,82,82,82,82,82,82,82,82,82,82,82,82,82,82,82,82],"card_choices":[{"not_picked":["Havoc","Flex"],"picked":"True Grit","floor":1},{"not_picked":["Iron Wave","Blood for Blood"],"picked":"Feel No Pain","floor":2},{"not_picked":["Shrug It Off","Twin Strike"],"picked":"Clothesline","floor":4},{"not_picked":["Dual Wield","Havoc","Flex"],"picked":"SKIP","floor":5},{"not_picked":["Clash","Havoc","Flex"],"picked":"SKIP","floor":7},{"not_picked":["Clash","Flex"],"picked":"Havoc","floor":7},{"not_picked":["Ghostly Armor+1","Body Slam"],"picked":"Demon Form","floor":11},{"not_picked":["Sword Boomerang","Searing Blow"],"picked":"Shrug It Off+1","floor":12},{"not_picked":["Iron Wave","Heavy Blade"],"picked":"Thunderclap","floor":13},{"not_picked":["Twin Strike","Wild Strike"],"picked":"Armaments+1","floor":14},{"not_picked":["Perfected Strike","Pommel Strike"],"picked":"Havoc+1","floor":18},{"not_picked":["Clothesline","Iron Wave"],"picked":"Heavy Blade","floor":19},{"not_picked":["Anger","Pommel Strike","Body Slam"],"picked":"SKIP","floor":20}],"player_experience":752118,"relics_obtained":[{"floor":7,"key":"Bottled Lightning"},{"floor":9,"key":"Toxic Egg 2"},{"floor":11,"key":"Turnip"}],"event_choices":[{"damage_healed":0,"gold_gain":0,"player_choice":"2 cards matched","damage_taken":0,"max_hp_gain":0,"max_hp_loss":0,"event_name":"Match and Keep!","floor":3,"gold_loss":0,"cards_obtained":["Immolate","Warcry"]},{"damage_healed":0,"gold_gain":0,"player_choice":"","damage_taken":8,"max_hp_gain":0,"max_hp_loss":0,"event_name":"Knowing Skull","floor":21,"potions_obtained":[],"gold_loss":0,"cards_obtained":[]}],"is_beta":false,"boss_relics":[{"not_picked":["Runic Pyramid","Busted Crown"],"picked":"Fusion Hammer"}],"items_purged_floors":[8,22],"is_endless":false,"potions_floor_spawned":[1,2,4,5,13,19],"killed_by":"Book of Stabbing","ascension_level":15}