{"gold_per_floor":[116,127,199,210,230,230,246,246,270,270,284,52,52,52,52,150,150,164,18,28,41,41],"floor_reached":22,"playtime":1090,"items_purged":[],"score":178,"play_id":"2e8b499d-078f-4069-a845-a22fe2bb192b","local_time":"20180623133113","is_ascension_mode":false,"campfire_choices":[{"data":"Searing Blow","floor":6.0,"key":"SMITH"},{"floor":8.0,"key":"REST"},{"data":"Searing Blow+1","floor":10.0,"key":"SMITH"},{"floor":13.0,"key":"REST"},{"data":"Searing Blow+2","floor":15.0,"key":"SMITH"}],"neow_cost":"","seed_source_timestamp":0,"circlet_count":0,"master_deck":["Strike_R","Strike_R","Strike_R+1","Strike_R","Strike_R+1","Defend_R","Defend_R","Defend_R","Defend_R","Heavy Blade","Headbutt","Searing Blow+3","Perfected Strike","Perfected Strike","Uppercut","Rampage","Impervious","Iron Wave","Twin Strike","Wild Strike"],"special_seed":0,"relics":["Burning Blood","Whetstone","Pen Nib","Ancient Tea Set","Sozu","Regal Pillow"],"potions_floor_usage":[18,18,21],"damage_taken":[{"damage":8.0,"enemies":"Small Slimes","floor":1.0,"turns":4.0},{"damage":5.0,"enemies":"2 Louse","floor":2.0,"turns":2.0},{"damage":6.0,"enemies":"Cultist","floor":4.0,"turns":3.0},{"damage":15.0,"enemies":"Looter","floor":5.0,"turns":3.0},{"damage":23.0,"enemies":"Lots of Slimes","floor":7.0,"turns":4.0},{"damage":26.0,"enemies":"Gremlin Gang","floor":11.0,"turns":4.0},{"damage":37.0,"enemies":"Slime Boss","floor":16.0,"turns":9.0},{"damage":14,"enemies":"Spheric Guardian","floor":18,"turns":4},{"damage":41,"enemies":"3 Byrds","floor":20,"turns":5},{"damage":20,"enemies":"Cultist and Chosen","floor":21,"turns":5},{"damage":18,"enemies":"Slaver and Parasite","floor":22,"turns":2}],"seed_played":"2789121682000870417","potions_obtained":[{"floor":4.0,"key":"EntropicBrew"},{"floor":7.0,"key":"Fruit Juice"},{"floor":11.0,"key":"Fire Potion"}],"is_trial":false,"path_per_floor":["M","M","?","M","M","R","M","R","T","R","M","$","R","?","R","B",null,"M","$","M","M"],"character_chosen":"IRONCLAD","items_purchased":["Ancient Tea Set","Rampage","Regal Pillow"],"campfire_rested":2,"item_purchase_floors":[],"current_hp_per_floor":[78,79,79,79,70,70,53,77,77,77,57,57,80,80,80,49,80,77,77,42,28,10],"gold":41,"neow_bonus":"","is_prod":false,"is_daily":false,"chose_seed":false,"campfire_upgraded":3,"win_rate":0.0,"timestamp":1529757073,"path_taken":["M","M","?","?","?","R","M","R","T","R","M","$","R","?","R","BOSS","M","$","?","M","M"],"build_version":"2018-06-21v2","purchased_purges":0,"victory":false,"max_hp_per_floor":[80,80,80,80,80,80,80,80,80,80,80,80,80,80,80,80,80,85,85,85,85,85],"card_choices":[{"not_picked":["Twin Strike","Power Through"],"picked":"Heavy Blade","floor":1.0},{"not_picked":["Second Wind","Warcry"],"picked":"Headbutt","floor":2.0},{"not_picked":["Power Through","Warcry"],"picked":"Searing Blow","floor":4.0},{"not_picked":["Dropkick","Twin Strike"],"picked":"Perfected Strike","floor":5.0},{"not_picked":["Havoc","Heavy Blade"],"picked":"Perfected Strike","floor":7.0},{"not_picked":["Body Slam","Pummel"],"picked":"Uppercut","floor":11.0},{"not_picked":["Reaper","Berserk"],"picked":"Impervious","floor":16.0},{"not_picked":["Flex","Clash"],"picked":"Iron Wave","floor":18},{"not_picked":["Warcry","Power Through"],"picked":"Twin Strike","floor":20},{"not_picked":["Havoc","Anger"],"picked":"Wild Strike","floor":21}],"player_experience":78174,"relics_obtained":[{"floor":9.0,"key":"Pen Nib"}],"event_choices":[{"event_name":"Golden Wing","player_choice":"Gained Gold","floor":3.0,"damage_taken":0.0},{"event_name":"Bonfire Elementals","player_choice":"BASIC","floor":14.0,"damage_taken":0.0}],"boss_relics":[{"not_picked":["Ectoplasm","Runic Dome"],"picked":"Sozu"}],"items_purged_floors":[],"is_endless":false,"potions_floor_spawned":[4,7,11,16,18],"killed_by":"Slaver and Parasite","ascension_level":0}