{"gold_per_floor":[115,65,78,88,13,40,40,40,40,59,70,70,86,96,96,194,194,205,216,236,236,63,90,90,125,125,125],"floor_reached":27,"playtime":2864,"items_purged":["Strike_R","Thunderclap"],"score":319,"play_id":"57965f41-e78e-4d60-9307-2c877a15b396","local_time":"20190801120342","is_ascension_mode":true,"campfire_choices":[{"floor":7,"key":"REST"},{"data":"Armaments","floor":12,"key":"SMITH"},{"data":"Offering","floor":15,"key":"SMITH"},{"floor":24,"key":"REST"}],"neow_cost":"PERCENT_DAMAGE","seed_source_timestamp":952243482134726,"circlet_count":0,"master_deck":["Bash","Cleave","Headbutt","Offering+1","Armaments+1","Shrug It Off+1","Demon Form","Thunderclap","Dark Embrace","Bloodletting","Shrug It Off","Anger+1","Infernal Blade","Ghostly Armor+1","True Grit"],"relics":["Burning Blood","Ornamental Fan","Matryoshka","Pandora\u0027s Box","War Paint","Pocketwatch","Strawberry","Dream Catcher"],"potions_floor_usage":[6,16,23,23,25],"damage_taken":[{"damage":8,"enemies":"Jaw Worm","floor":1,"turns":6},{"damage":1,"enemies":"Cultist","floor":3,"turns":3},{"damage":3,"enemies":"Small Slimes","floor":4,"turns":4},{"damage":31,"enemies":"Gremlin Nob","floor":6,"turns":4},{"damage":7,"enemies":"3 Louse","floor":10,"turns":2},{"damage":6,"enemies":"2 Fungi Beasts","floor":11,"turns":1},{"damage":6,"enemies":"Lots of Slimes","floor":13,"turns":2},{"damage":14,"enemies":"Exordium Thugs","floor":14,"turns":3},{"damage":41,"enemies":"Hexaghost","floor":16,"turns":15},{"damage":13,"enemies":"Chosen","floor":18,"turns":4},{"damage":15,"enemies":"Spheric Guardian","floor":19,"turns":3},{"damage":12,"enemies":"3 Cultists","floor":20,"turns":3},{"damage":15,"enemies":"Book of Stabbing","floor":23,"turns":4},{"damage":49,"enemies":"Slavers","floor":25,"turns":5},{"damage":27,"enemies":"Snake Plant","floor":27,"turns":4}],"seed_played":"-29069266950197444","potions_obtained":[{"floor":3,"key":"Strength Potion"},{"floor":6,"key":"Weak Potion"},{"floor":14,"key":"Fire Potion"},{"floor":16,"key":"FearPotion"},{"floor":19,"key":"Block Potion"},{"floor":23,"key":"SkillPotion"}],"is_trial":false,"path_per_floor":["M","?","M","M","$","E","R","?","T","M","M","R","M","M","R","B",null,"M","M","M","?","$","E","R","E","T","M"],"character_chosen":"IRONCLAD","items_purchased":["Infernal Blade"],"campfire_rested":2,"item_purchase_floors":[22],"current_hp_per_floor":[54,54,59,62,62,37,61,61,61,60,60,60,60,52,52,17,64,57,48,42,42,42,33,57,14,21,0],"gold":125,"neow_bonus":"REMOVE_TWO","is_prod":false,"is_daily":false,"chose_seed":false,"campfire_upgraded":2,"win_rate":0,"timestamp":1564679022,"path_taken":["M","?","M","M","$","E","R","?","T","M","M","R","M","M","R","BOSS","M","M","?","?","$","E","R","E","T","M"],"build_version":"2019-07-17","purchased_purges":2,"victory":false,"max_hp_per_floor":[80,80,80,80,80,80,80,80,80,80,80,80,80,80,80,80,80,80,80,80,80,80,80,80,80,87,87],"card_choices":[{"not_picked":["Armaments","Perfected Strike"],"picked":"Cleave","floor":1},{"not_picked":["Inflame","Evolve","Seeing Red"],"picked":"SKIP","floor":3},{"not_picked":["Clothesline","Power Through"],"picked":"Headbutt","floor":4},{"not_picked":["Double Tap","Sever Soul"],"picked":"Thunderclap","floor":6},{"not_picked":["Warcry","Heavy Blade"],"picked":"Armaments","floor":10},{"not_picked":["Armaments","Uppercut","Flex"],"picked":"SKIP","floor":11},{"not_picked":["Searing Blow","Bloodletting"],"picked":"Shrug It Off","floor":13},{"not_picked":["Combust","Flex","Warcry"],"picked":"SKIP","floor":14},{"not_picked":["Barricade","Limit Break"],"picked":"Demon Form","floor":16},{"not_picked":["Perfected Strike","Hemokinesis"],"picked":"Anger+1","floor":18},{"not_picked":["Warcry","Cleave","Flex"],"picked":"SKIP","floor":19},{"not_picked":["Warcry","Shrug It Off","Armaments+1"],"picked":"SKIP","floor":20},{"not_picked":["Pommel Strike","Evolve"],"picked":"Ghostly Armor","floor":23},{"not_picked":["Pommel Strike","Body Slam"],"picked":"True Grit","floor":25}],"player_experience":334358,"relics_obtained":[{"floor":6,"key":"Ornamental Fan"},{"floor":9,"key":"Matryoshka"},{"floor":23,"key":"War Paint"},{"floor":25,"key":"Pocketwatch"},{"floor":26,"key":"Strawberry"},{"floor":26,"key":"Dream Catcher"}],"event_choices":[{"cards_removed":["Strike_R"],"damage_healed":0,"gold_gain":0,"player_choice":"Card Removal","damage_taken":0,"max_hp_gain":0,"max_hp_loss":0,"event_name":"The Cleric","floor":2,"gold_loss":50},{"damage_healed":0,"gold_gain":0,"cards_transformed":["Strike_R"],"player_choice":"Transformed","damage_taken":0,"max_hp_gain":0,"max_hp_loss":0,"event_name":"Transmorgrifier","floor":8,"gold_loss":0,"cards_obtained":["Offering"]},{"damage_healed":0,"gold_gain":0,"player_choice":"Ignored","damage_taken":0,"max_hp_gain":0,"max_hp_loss":0,"event_name":"The Mausoleum","floor":21,"gold_loss":0}],"is_beta":false,"boss_relics":[{"not_picked":["Black Star","Fusion Hammer"],"picked":"Pandora\u0027s Box"}],"items_purged_floors":[5,22],"is_endless":false,"potions_floor_spawned":[3,6,14,16,19,20,23],"killed_by":"Snake Plant","ascension_level":5}