{"gold_per_floor":[219,219,122,187,7,38,38,68,68,78,78,88,88,98,98,193,243,255,267,115,115,130,161,161,173,173,173,20,33,33,62,62,62],"floor_reached":33,"playtime":1746,"items_purged":["Strike_R","Strike_R"],"score":366,"play_id":"4956a569-8a43-448b-a068-ae9a855334c6","local_time":"20190718104009","is_ascension_mode":true,"campfire_choices":[{"data":"Hemokinesis","floor":7,"key":"SMITH"},{"data":"Armaments","floor":15,"key":"SMITH"},{"floor":24,"key":"REST"},{"floor":27,"key":"REST"},{"floor":32,"key":"REST"}],"neow_cost":"NONE","seed_source_timestamp":136762187285600,"circlet_count":0,"master_deck":["Strike_R+1","Strike_R","Strike_R","Defend_R","Defend_R","Defend_R","Defend_R","Bash","Iron Wave","Clothesline","Inflame","Hemokinesis+1","Combust","Seeing Red","Spot Weakness+1","True Grit","Armaments+1","Berserk","Shrug It Off","Rampage","Anger","Corruption+1","Flame Barrier+1","Inflame+1","Exhume"],"relics":["Burning Blood","Art of War","Orichalcum","PreservedInsect","Gambling Chip","Tiny House","Bronze Scales","Bag of Preparation","Oddly Smooth Stone","Torii"],"potions_floor_usage":[14,22,22,23,23],"damage_taken":[{"damage":6,"enemies":"Cultist","floor":1,"turns":4},{"damage":30,"enemies":"Lagavulin","floor":6,"turns":6},{"damage":16,"enemies":"Gremlin Nob","floor":8,"turns":4},{"damage":4,"enemies":"Small Slimes","floor":10,"turns":3},{"damage":2,"enemies":"Jaw Worm","floor":12,"turns":3},{"damage":9,"enemies":"3 Louse","floor":14,"turns":3},{"damage":40,"enemies":"Slime Boss","floor":16,"turns":9},{"damage":4,"enemies":"Chosen","floor":18,"turns":3},{"damage":5,"enemies":"Spheric Guardian","floor":19,"turns":3},{"damage":21,"enemies":"Chosen and Byrds","floor":22,"turns":5},{"damage":42,"enemies":"Gremlin Leader","floor":23,"turns":5},{"damage":17,"enemies":"Snecko","floor":25,"turns":4},{"damage":25,"enemies":"Snake Plant","floor":29,"turns":5},{"damage":11,"enemies":"Book of Stabbing","floor":31,"turns":5},{"damage":72,"enemies":"Champ","floor":33,"turns":11}],"seed_played":"-2905976823374512930","potions_obtained":[{"floor":10,"key":"SkillPotion"},{"floor":12,"key":"Ancient Potion"},{"floor":16,"key":"Strength Potion"},{"floor":17,"key":"EssenceOfSteel"},{"floor":22,"key":"EssenceOfSteel"},{"floor":23,"key":"SpeedPotion"}],"is_trial":false,"path_per_floor":["M","?","$","?","$","E","R","E","T","M","?","M","?","M","R","B",null,"M","M","$","?","M","E","R","M","T","R","$","M","$","E","R","B"],"character_chosen":"IRONCLAD","items_purchased":["Clothesline","Inflame","Hemokinesis","Combust","Anger","Oddly Smooth Stone"],"campfire_rested":3,"item_purchase_floors":[3,3,5,5,20,28],"current_hp_per_floor":[80,62,62,62,62,38,38,28,28,30,30,34,60,57,57,23,71,73,74,74,74,59,23,48,37,37,62,62,43,43,38,63,0],"gold":62,"neow_bonus":"HUNDRED_GOLD","is_prod":false,"is_daily":false,"chose_seed":false,"campfire_upgraded":2,"win_rate":0,"timestamp":1563460809,"path_taken":["M","?","$","?","$","E","R","E","T","M","?","M","?","M","R","BOSS","M","M","$","?","M","E","R","M","T","R","$","M","$","E","R","BOSS"],"build_version":"2019-07-17","purchased_purges":2,"victory":false,"max_hp_per_floor":[80,80,80,80,80,80,80,80,80,80,80,80,80,80,80,80,85,85,85,85,85,85,85,85,85,85,85,85,85,85,85,85,85],"card_choices":[{"not_picked":["Twin Strike","Clash"],"picked":"Iron Wave","floor":1},{"not_picked":["Thunderclap","Sword Boomerang"],"picked":"Seeing Red","floor":6},{"not_picked":["Sever Soul","Second Wind","Barricade"],"picked":"SKIP","floor":8},{"not_picked":["Sword Boomerang","Battle Trance"],"picked":"Spot Weakness","floor":10},{"not_picked":["Perfected Strike","Sentinel"],"picked":"True Grit","floor":12},{"not_picked":["Power Through","True Grit"],"picked":"Armaments","floor":14},{"not_picked":["Immolate","Feed"],"picked":"Berserk","floor":16},{"not_picked":["Thunderclap","Iron Wave"],"picked":"Shrug It Off","floor":18},{"not_picked":["Carnage","Clothesline"],"picked":"Rampage","floor":19},{"not_picked":["Havoc+1","Searing Blow"],"picked":"Corruption+1","floor":22},{"not_picked":["Disarm","Shrug It Off"],"picked":"Flame Barrier+1","floor":23},{"not_picked":["Clothesline","Rampage"],"picked":"Inflame+1","floor":25},{"not_picked":["Wild Strike+1","Rampage","Pommel Strike+1"],"picked":"SKIP","floor":29},{"not_picked":["Headbutt","Carnage"],"picked":"Exhume","floor":31}],"player_experience":393173,"relics_obtained":[{"floor":6,"key":"Orichalcum"},{"floor":8,"key":"PreservedInsect"},{"floor":9,"key":"Gambling Chip"},{"floor":23,"key":"Bronze Scales"},{"floor":26,"key":"Bag of Preparation"},{"floor":31,"key":"Torii"}],"event_choices":[{"damage_healed":0,"gold_gain":0,"player_choice":"Success","damage_taken":18,"relics_obtained":["Art of War"],"max_hp_gain":0,"max_hp_loss":0,"event_name":"Scrap Ooze","floor":2,"gold_loss":0},{"damage_healed":0,"gold_gain":65,"player_choice":"Gained Gold","damage_taken":0,"max_hp_gain":0,"max_hp_loss":0,"event_name":"Golden Wing","floor":4,"gold_loss":0},{"damage_healed":0,"gold_gain":0,"player_choice":"Grow","damage_taken":0,"max_hp_gain":0,"max_hp_loss":0,"event_name":"Living Wall","floor":11,"gold_loss":0,"cards_upgraded":["Spot Weakness"]},{"damage_healed":26,"gold_gain":0,"player_choice":"Banana","damage_taken":0,"max_hp_gain":0,"max_hp_loss":0,"event_name":"Big Fish","floor":13,"gold_loss":0},{"damage_healed":0,"gold_gain":0,"player_choice":"Ignored","damage_taken":0,"max_hp_gain":0,"max_hp_loss":0,"event_name":"Vampires","floor":21,"gold_loss":0}],"is_beta":false,"boss_relics":[{"not_picked":["Empty Cage","Pandora\u0027s Box"],"picked":"Tiny House"}],"items_purged_floors":[5,20],"is_endless":false,"potions_floor_spawned":[10,12,16,19,22,23],"killed_by":"Champ","ascension_level":5}