{"gold_per_floor":[143,33,47,47,67,67,95,95,95,112,112,139,139,139,139,213,213,224,239,74,84,84,84,134,134],"floor_reached":25,"playtime":870,"items_purged":["Strike_G"],"score":422,"play_id":"57907597-7b6e-410b-8e4a-89648ce36646","local_time":"20190811015228","is_ascension_mode":true,"campfire_choices":[{"data":"Neutralize","floor":6,"key":"SMITH"},{"data":"Caltrops","floor":8,"key":"SMITH"},{"data":"Deadly Poison","floor":11,"key":"SMITH"},{"data":"Sucker Punch","floor":13,"key":"SMITH"},{"floor":15,"key":"REST"},{"floor":23,"key":"REST"}],"neow_cost":"NONE","seed_source_timestamp":28809611324300,"circlet_count":0,"master_deck":["AscendersBane","Strike_G","Strike_G","Strike_G","Strike_G","Defend_G","Defend_G","Defend_G","Defend_G","Defend_G","Survivor","Neutralize+1","Sucker Punch+1","Caltrops+1","Dagger Spray","Deadly Poison+1","Acrobatics","Unload","Well Laid Plans+1","PiercingWail","Terror"],"relics":["Ring of the Serpent","Tiny Chest","Mango","FossilizedHelix","Pocketwatch","Frozen Egg 2"],"potions_floor_usage":[7,16,19],"damage_taken":[{"damage":1,"enemies":"Small Slimes","floor":1,"turns":4},{"damage":6,"enemies":"Jaw Worm","floor":3,"turns":6},{"damage":0,"enemies":"Cultist","floor":5,"turns":3},{"damage":26,"enemies":"3 Sentries","floor":7,"turns":12},{"damage":6,"enemies":"3 Louse","floor":10,"turns":3},{"damage":19,"enemies":"Lagavulin","floor":12,"turns":7},{"damage":1,"enemies":"Hexaghost","floor":16,"turns":9},{"damage":18,"enemies":"Spheric Guardian","floor":18,"turns":6},{"damage":0,"enemies":"Chosen","floor":19,"turns":5},{"damage":8,"enemies":"Snake Plant","floor":21,"turns":4},{"damage":0,"enemies":"Cultist and Chosen","floor":25,"turns":3}],"seed_played":"7166564642537183906","potions_obtained":[{"floor":3,"key":"PowerPotion"},{"floor":10,"key":"SpeedPotion"},{"floor":12,"key":"Fire Potion"},{"floor":18,"key":"Dexterity Potion"},{"floor":21,"key":"LiquidBronze"}],"is_trial":false,"path_per_floor":["M","$","M","?","M","R","E","R","T","M","R","E","R","T","R","B",null,"M","M","$","M","?","R","?","M"],"character_chosen":"THE_SILENT","items_purchased":["Caltrops","Dagger Spray","Well Laid Plans+1","PiercingWail"],"campfire_rested":2,"item_purchase_floors":[2,2,20,20],"current_hp_per_floor":[58,58,52,52,52,52,40,40,40,34,34,15,15,15,39,38,70,52,52,52,44,21,46,46,46],"gold":134,"neow_bonus":"RANDOM_COMMON_RELIC","is_prod":false,"is_daily":false,"chose_seed":false,"campfire_upgraded":4,"win_rate":0,"timestamp":1565502748,"path_taken":["M","$","M","?","M","R","E","R","T","M","R","E","R","?","R","BOSS","M","?","$","M","?","R","?","M"],"build_version":"2019-07-17","purchased_purges":1,"victory":false,"max_hp_per_floor":[66,66,66,66,66,66,80,80,80,80,80,80,80,80,80,80,80,80,80,80,80,85,85,85,85],"card_choices":[{"not_picked":["Prepared","Deflect"],"picked":"Sucker Punch","floor":1},{"not_picked":["Quick Slash","Skewer","Riddle With Holes"],"picked":"SKIP","floor":3},{"not_picked":["Quick Slash","Endless Agony"],"picked":"Deadly Poison","floor":5},{"not_picked":["Eviscerate","Distraction","Outmaneuver"],"picked":"SKIP","floor":7},{"not_picked":["Blade Dance","Dodge and Roll"],"picked":"Acrobatics","floor":10},{"not_picked":["Flying Knee","Crippling Poison","Sucker Punch"],"picked":"SKIP","floor":12},{"not_picked":["Grand Finale","Die Die Die"],"picked":"Unload","floor":16},{"not_picked":["Flying Knee","Quick Slash","Accuracy+1"],"picked":"SKIP","floor":18},{"not_picked":["Expertise","Caltrops+1","Dodge and Roll"],"picked":"SKIP","floor":19},{"not_picked":["Blade Dance","Well Laid Plans+1"],"picked":"Terror","floor":21}],"player_experience":684109,"relics_obtained":[{"floor":7,"key":"Mango"},{"floor":9,"key":"FossilizedHelix"},{"floor":12,"key":"Pocketwatch"},{"floor":14,"key":"Frozen Egg 2"}],"event_choices":[{"damage_healed":0,"gold_gain":0,"player_choice":"Ignored","damage_taken":0,"max_hp_gain":0,"max_hp_loss":0,"event_name":"Shining Light","floor":4,"gold_loss":0},{"damage_healed":0,"gold_gain":0,"player_choice":"Shed Blood","damage_taken":28,"max_hp_gain":5,"max_hp_loss":0,"event_name":"Forgotten Altar","floor":22,"gold_loss":0},{"damage_healed":0,"gold_gain":50,"player_choice":"Stole From Cult","damage_taken":0,"max_hp_gain":0,"max_hp_loss":0,"event_name":"Nest","floor":24,"gold_loss":0}],"is_beta":false,"boss_relics":[{"not_picked":["Black Star","Lizard Tail"],"picked":"Ring of the Serpent"}],"items_purged_floors":[20],"is_endless":false,"potions_floor_spawned":[3,10,12,18,21],"killed_by":"Cultist and Chosen","ascension_level":18}