{"gold_per_floor":[111,35,45,23,23,48,59,93,93,93,93,105,105,117,117,219,269,286,286,286,66,66,66,31,41,71,71,83,83,101,121,121,225,225,236,3,3,19,34,34,44,44],"floor_reached":42,"playtime":1938,"items_purged":[],"score":551,"play_id":"d870079e-d88a-461a-984c-ea7fdeafb96e","local_time":"20190813220441","is_ascension_mode":true,"campfire_choices":[{"data":"Darkness","floor":10,"key":"SMITH"},{"data":"Go for the Eyes","floor":13,"key":"SMITH"},{"data":"Zap","floor":15,"key":"SMITH"},{"data":"Defragment","floor":23,"key":"SMITH"},{"data":"Defragment","floor":29,"key":"SMITH"},{"floor":32,"key":"REST"},{"data":"Redo","floor":40,"key":"SMITH"}],"neow_cost":"NONE","seed_source_timestamp":210453778440993,"circlet_count":0,"master_deck":["Strike_B+1","Strike_B+1","Strike_B+1","Strike_B+1","Defend_B+1","Defend_B+1","Defend_B+1","Defend_B+1","Zap+1","Dualcast","Ball Lightning","Electrodynamics","Beam Cell","Cold Snap","Go for the Eyes+1","Darkness+1","Go for the Eyes","Stack","Genetic Algorithm","Machine Learning","Gash","Gash","Defragment+1","Bandage Up","Redo+1","Defragment+1","Gash","Go for the Eyes","Chaos","All For One","Heatsinks","Gash","Zap","Blind","Amplify","Steam Power+1","Stack+1"],"relics":["Cracked Core","NeowsBlessing","Torii","Dodecahedron","Letter Opener","Shuriken","Tiny House","Tiny Chest","Anchor","Busted Crown","Blood Vial"],"potions_floor_usage":[18,30,33,33,39,39,41],"damage_taken":[{"damage":0,"enemies":"Cultist","floor":1,"turns":1},{"damage":0,"enemies":"2 Louse","floor":3,"turns":1},{"damage":0,"enemies":"Lagavulin","floor":6,"turns":1},{"damage":0,"enemies":"Jaw Worm","floor":7,"turns":3},{"damage":14,"enemies":"Gremlin Nob","floor":8,"turns":4},{"damage":9,"enemies":"Looter","floor":12,"turns":2},{"damage":1,"enemies":"Large Slime","floor":14,"turns":3},{"damage":11,"enemies":"Hexaghost","floor":16,"turns":8},{"damage":11,"enemies":"2 Thieves","floor":18,"turns":2},{"damage":2,"enemies":"Shell Parasite","floor":25,"turns":5},{"damage":1,"enemies":"3 Cultists","floor":28,"turns":3},{"damage":26,"enemies":"Cultist and Chosen","floor":30,"turns":7},{"damage":19,"enemies":"Sentry and Sphere","floor":31,"turns":4},{"damage":6,"enemies":"Collector","floor":33,"turns":7},{"damage":23,"enemies":"3 Darklings","floor":35,"turns":5},{"damage":0,"enemies":"3 Shapes","floor":38,"turns":4},{"damage":39,"enemies":"Jaw Worm Horde","floor":39,"turns":5},{"damage":22,"enemies":"3 Darklings","floor":41,"turns":4},{"damage":49,"enemies":"Spire Growth","floor":42,"turns":3}],"seed_played":"1585403420680985992","potions_obtained":[{"floor":6,"key":"Ancient Potion"},{"floor":14,"key":"Dexterity Potion"},{"floor":16,"key":"Explosive Potion"},{"floor":25,"key":"FocusPotion"},{"floor":28,"key":"Explosive Potion"},{"floor":30,"key":"FocusPotion"},{"floor":38,"key":"Regen Potion"},{"floor":39,"key":"LiquidBronze"}],"is_trial":false,"path_per_floor":["M","$","M","$","?","E","M","E","T","R","T","M","R","M","R","B",null,"M","?","?","$","?","R","$","M","T","T","M","R","M","M","R","B",null,"M","$","?","M","M","R","M","M"],"character_chosen":"DEFECT","items_purchased":["Electrodynamics","Cold Snap","Defragment","Bandage Up","Redo","Defragment","Blood Vial","Heatsinks","Gash"],"campfire_rested":1,"item_purchase_floors":[2,4,21,21,21,24,36,36,36],"current_hp_per_floor":[75,75,75,75,80,80,80,66,66,66,66,57,57,56,56,45,85,74,58,58,58,58,58,58,60,60,60,63,63,41,26,53,51,90,71,71,71,73,50,50,34,0],"gold":44,"neow_bonus":"THREE_ENEMY_KILL","is_prod":false,"is_daily":false,"chose_seed":false,"campfire_upgraded":6,"win_rate":0,"timestamp":1565730281,"path_taken":["M","$","?","?","?","E","M","E","T","R","?","M","R","M","R","BOSS","M","?","?","$","?","R","$","M","T","?","?","R","M","M","R","BOSS","M","$","?","M","?","R","M","M"],"build_version":"2019-07-17","purchased_purges":0,"victory":false,"max_hp_per_floor":[75,75,75,75,80,80,80,80,80,80,80,80,80,80,80,80,85,85,90,90,90,90,90,90,90,90,90,90,90,90,90,90,90,90,90,90,90,90,90,90,90,90],"card_choices":[{"not_picked":["Streamline","Barrage"],"picked":"Ball Lightning","floor":1},{"not_picked":["Turbo","Blizzard"],"picked":"Beam Cell","floor":3},{"not_picked":["Turbo","Tempest"],"picked":"Go for the Eyes","floor":6},{"not_picked":["Beam Cell","Stack"],"picked":"Darkness","floor":7},{"not_picked":["Leap","Coolheaded"],"picked":"Go for the Eyes","floor":8},{"not_picked":["Rebound","Blizzard"],"picked":"Stack","floor":12},{"not_picked":["Lockon","Rebound"],"picked":"Genetic Algorithm","floor":14},{"not_picked":["Hyperbeam","Biased Cognition"],"picked":"Machine Learning","floor":16},{"not_picked":["Sweeping Beam","Tempest"],"picked":"Gash","floor":17},{"not_picked":["Conserve Battery+1","Chaos"],"picked":"Gash","floor":18},{"not_picked":["Loop","Skim+1"],"picked":"Gash","floor":25},{"not_picked":["Ball Lightning","Streamline"],"picked":"Go for the Eyes","floor":28},{"not_picked":["Coolheaded","Fusion"],"picked":"Chaos","floor":30},{"not_picked":["Go for the Eyes","Beam Cell+1","Chill"],"picked":"SKIP","floor":31},{"not_picked":["Machine Learning","Seek"],"picked":"All For One","floor":33},{"not_picked":["Turbo"],"picked":"SKIP","floor":35},{"not_picked":[],"picked":"Steam Power+1","floor":38},{"not_picked":[],"picked":"Stack+1","floor":39},{"not_picked":["Rebound+1"],"picked":"SKIP","floor":41}],"player_experience":322502,"relics_obtained":[{"floor":6,"key":"Torii"},{"floor":8,"key":"Dodecahedron"},{"floor":9,"key":"Letter Opener"},{"floor":11,"key":"Shuriken"},{"floor":26,"key":"Tiny Chest"},{"floor":27,"key":"Anchor"}],"event_choices":[{"damage_healed":0,"gold_gain":0,"player_choice":"Donut","damage_taken":0,"max_hp_gain":5,"max_hp_loss":0,"event_name":"Big Fish","floor":5,"gold_loss":0},{"damage_healed":0,"gold_gain":0,"player_choice":"Shed Blood","damage_taken":21,"max_hp_gain":5,"max_hp_loss":0,"event_name":"Forgotten Altar","floor":19,"gold_loss":0},{"damage_healed":0,"gold_gain":0,"player_choice":"Simplicity","damage_taken":0,"max_hp_gain":0,"max_hp_loss":0,"event_name":"Back to Basics","floor":20,"gold_loss":0,"cards_upgraded":["Strike_B","Strike_B","Strike_B","Defend_B","Defend_B","Defend_B","Defend_B"]},{"damage_healed":0,"gold_gain":0,"player_choice":"3 cards matched","damage_taken":0,"max_hp_gain":0,"max_hp_loss":0,"event_name":"Match and Keep!","floor":37,"gold_loss":0,"cards_obtained":["Zap","Blind","Amplify"]}],"is_beta":false,"boss_relics":[{"not_picked":["Empty Cage","Philosopher\u0027s Stone"],"picked":"Tiny House"},{"not_picked":["FrozenCore","Astrolabe"],"picked":"Busted Crown"}],"items_purged_floors":[],"is_endless":false,"potions_floor_spawned":[6,14,16,25,28,30,38,39],"killed_by":"Spire Growth","ascension_level":2}