{"gold_per_floor":[16,26,26,39,55,55,55,95,150,150,169,169,169,182,182,308,308,327,17,17,41,41,41,41,41],"floor_reached":25,"playtime":3321,"items_purged":["Strike_G"],"score":316,"play_id":"db49d26e-9ca6-4ce8-ab25-5eb8f864cd0b","local_time":"20180706130633","is_ascension_mode":true,"campfire_choices":[{"data":"Sucker Punch","floor":6,"key":"SMITH"},{"data":"Die Die Die","floor":10,"key":"SMITH"},{"data":"Caltrops","floor":12,"key":"SMITH"},{"floor":15,"key":"REST"},{"data":"Noxious Fumes","floor":23,"key":"SMITH"}],"neow_cost":"NO_GOLD","seed_source_timestamp":1505148275385598,"circlet_count":0,"master_deck":["Defend_G","Defend_G","Defend_G","Defend_G","Defend_G","Survivor","Neutralize","Die Die Die+1","Backflip","Sucker Punch+1","Flying Knee","Sucker Punch","Dash","Caltrops+1","Escape Plan","Die Die Die","Noxious Fumes+1","Bite","Bite","Bite","Bite","Bite","Noxious Fumes","Footwork"],"relics":["Ring of the Snake","Bottled Lightning","Golden Idol","Lantern","Omamori","Lizard Tail","Regal Pillow"],"potions_floor_usage":[8,11,18,21,25],"damage_taken":[{"damage":0,"enemies":"Cultist","floor":1,"turns":3},{"damage":0,"enemies":"2 Louse","floor":2,"turns":2},{"damage":0,"enemies":"Jaw Worm","floor":4,"turns":4},{"damage":0,"enemies":"3 Louse","floor":5,"turns":1},{"damage":24,"enemies":"Gremlin Nob","floor":8,"turns":4},{"damage":0,"enemies":"2 Fungi Beasts","floor":11,"turns":2},{"damage":0,"enemies":"Exordium Wildlife","floor":14,"turns":3},{"damage":31,"enemies":"The Guardian","floor":16,"turns":15},{"damage":27,"enemies":"Shell Parasite","floor":18,"turns":10},{"damage":12,"enemies":"2 Thieves","floor":21,"turns":4},{"damage":42,"enemies":"Book of Stabbing","floor":25,"turns":7}],"seed_played":"-6592956960663655822","potions_obtained":[{"floor":1,"key":"PowerPotion"},{"floor":5,"key":"GamblersBrew"},{"floor":16,"key":"Regen Potion"},{"floor":18,"key":"Explosive Potion"},{"floor":21,"key":"Block Potion"}],"is_trial":false,"path_per_floor":["M","M","T","M","M","R","?","E","T","R","M","R","?","M","R","B",null,"M","$","?","M","$","R","?"],"character_chosen":"THE_SILENT","items_purchased":["Regal Pillow","Noxious Fumes"],"campfire_rested":1,"item_purchase_floors":[19,19],"current_hp_per_floor":[63,63,63,63,63,63,63,39,39,39,39,39,39,39,58,27,56,43,43,43,35,35,35,35,3],"gold":41,"neow_bonus":"THREE_RARE_CARDS","is_prod":false,"is_daily":false,"chose_seed":false,"campfire_upgraded":4,"win_rate":0,"timestamp":1530878793,"path_taken":["M","M","?","M","?","R","?","E","T","R","M","R","?","M","R","BOSS","M","$","?","M","$","R","?","E"],"build_version":"2018-07-05","purchased_purges":1,"victory":false,"max_hp_per_floor":[70,70,70,70,70,70,65,65,65,65,65,65,65,65,65,65,65,65,65,45,45,45,45,45,45],"card_choices":[{"not_picked":["Burst","Storm of Steel"],"picked":"Die Die Die","floor":0},{"not_picked":["Blur","Slice"],"picked":"Backflip","floor":1},{"not_picked":["Leg Sweep","Prepared"],"picked":"Sucker Punch","floor":2},{"not_picked":["Finisher","Riddle With Holes"],"picked":"Flying Knee","floor":4},{"not_picked":["PiercingWail","Setup"],"picked":"Sucker Punch","floor":5},{"not_picked":["Poisoned Stab","Doppelganger"],"picked":"Dash","floor":8},{"not_picked":["All Out Attack","Dodge and Roll"],"picked":"Caltrops","floor":11},{"not_picked":["Flechettes","Infinite Blades"],"picked":"Escape Plan","floor":14},{"not_picked":["Doppelganger","Unload"],"picked":"Die Die Die","floor":16},{"not_picked":["All Out Attack","Sucker Punch","Acrobatics+1"],"picked":"SKIP","floor":18},{"not_picked":["Infinite Blades","Sucker Punch"],"picked":"Noxious Fumes","floor":21}],"player_experience":378410,"relics_obtained":[{"floor":3,"key":"Bottled Lightning"},{"floor":8,"key":"Lantern"},{"floor":9,"key":"Omamori"}],"event_choices":[{"event_name":"Golden Idol","player_choice":"Lose Max HP","floor":7,"damage_taken":0},{"event_name":"Liars Game","player_choice":"disagreed","floor":13,"damage_taken":0},{"event_name":"Vampires","player_choice":"Became a vampire","floor":20,"damage_taken":0},{"event_name":"The Library","player_choice":"Read","floor":24,"damage_taken":0}],"boss_relics":[{"not_picked":["Calling Bell","Runic Dome"],"picked":"Lizard Tail"}],"items_purged_floors":[19],"is_endless":false,"potions_floor_spawned":[1,5,16,18,21],"killed_by":"Book of Stabbing","ascension_level":9}