{"gold_per_floor":[216,233,233,248,33,33,48,48,48,123,123,54,54,69,69,192,255,270,270,40,40,139,139,139,33,33,33,48,48,48,48,48,150,150,166,4,15,15,34,34,34,34],"floor_reached":42,"playtime":6665,"items_purged":["Strike_G"],"score":519,"play_id":"8e8faf99-c907-4647-883c-69e6b65815fe","local_time":"20190814181444","is_ascension_mode":true,"campfire_choices":[{"data":"Catalyst","floor":6.0,"key":"SMITH"},{"data":"Adrenaline","floor":8.0,"key":"SMITH"},{"data":"Bouncing Flask","floor":15.0,"key":"SMITH"},{"data":"Adrenaline","floor":23.0,"key":"SMITH"},{"data":"Backflip","floor":27.0,"key":"SMITH"},{"data":"PiercingWail","floor":32.0,"key":"SMITH"},{"data":"Malaise","floor":41,"key":"SMITH"}],"neow_cost":"NONE","seed_source_timestamp":278321406549986,"circlet_count":0,"master_deck":["Defend_G","Defend_G","Defend_G","Defend_G","Defend_G","Survivor","Neutralize","Catalyst+1","Bouncing Flask+1","Adrenaline+1","Glass Knife","A Thousand Cuts","Well Laid Plans+1","Endless Agony","Adrenaline+1","Backflip+1","Dodge and Roll","PiercingWail+1","Bite","Bite","Bite","Bite","Bite","Malaise+1","Corpse Explosion","Blind"],"special_seed":0,"relics":["Ring of the Snake","Bloody Idol","Ancient Tea Set","Tiny House","Enchiridion","Potion Belt","Sundial","MutagenicStrength","Du-Vu Doll","Busted Crown"],"potions_floor_usage":[],"damage_taken":[{"damage":0.0,"enemies":"Cultist","floor":1.0,"turns":5.0},{"damage":0.0,"enemies":"2 Louse","floor":2.0,"turns":4.0},{"damage":2.0,"enemies":"Small Slimes","floor":4.0,"turns":4.0},{"damage":0.0,"enemies":"Exordium Wildlife","floor":7.0,"turns":2.0},{"damage":0.0,"enemies":"Looter","floor":14.0,"turns":2.0},{"damage":7.0,"enemies":"The Guardian","floor":16.0,"turns":7.0},{"damage":0.0,"enemies":"Chosen","floor":18.0,"turns":4.0},{"damage":0.0,"enemies":"Spheric Guardian","floor":28.0,"turns":3.0},{"damage":39.0,"enemies":"Collector","floor":33.0,"turns":7.0},{"damage":26.0,"enemies":"3 Darklings","floor":35.0,"turns":5.0},{"damage":7.0,"enemies":"Orb Walker","floor":37.0,"turns":4.0},{"damage":14.0,"enemies":"Transient","floor":39.0,"turns":5.0},{"damage":63,"enemies":"Reptomancer","floor":42,"turns":8}],"seed_played":"539014713566128776","potions_obtained":[{"floor":4.0,"key":"FearPotion"},{"floor":14.0,"key":"Energy Potion"},{"floor":17.0,"key":"GhostInAJar"},{"floor":28.0,"key":"SpeedPotion"},{"floor":35.0,"key":"AttackPotion"},{"floor":39.0,"key":"SteroidPotion"}],"is_trial":false,"path_per_floor":["M","M","?","M","$","R","M","R","T","?","?","$","?","M","R","B",null,"M","?","$","?","?","R","?","$","T","R","M","?","$","?","R","B",null,"M","$","M","?","M","?","R","E"],"character_chosen":"THE_SILENT","items_purchased":["Adrenaline","Glass Knife","Well Laid Plans","Potion Belt","Backflip","Dodge and Roll","Corpse Explosion"],"campfire_rested":0,"item_purchase_floors":[5,5,12,20,25,25,36],"current_hp_per_floor":[63,63,46,44,44,44,44,44,44,33,56,56,56,56,56,49,70,70,54,54,54,54,54,54,54,54,54,54,54,54,52,52,28,46,39,39,47,47,44,44,44,0],"gold":34,"neow_bonus":"HUNDRED_GOLD","is_prod":false,"is_daily":false,"chose_seed":false,"campfire_upgraded":7,"win_rate":0,"timestamp":1565802884,"path_taken":["M","M","?","M","$","R","M","R","T","?","?","$","?","M","R","BOSS","M","?","$","?","?","R","?","$","T","R","M","?","$","?","R","BOSS","M","$","M","?","M","?","R","E"],"build_version":"2019-07-17","purchased_purges":1,"victory":false,"max_hp_per_floor":[70,70,70,70,70,70,70,70,70,70,70,70,70,70,70,70,75,75,75,75,75,75,75,75,75,75,75,75,75,75,52,52,52,52,52,52,52,52,52,52,52,52],"card_choices":[{"not_picked":["Sucker Punch","Finisher"],"picked":"Catalyst","floor":1.0},{"not_picked":["Dodge and Roll","Deflect","Bane"],"picked":"SKIP","floor":2.0},{"not_picked":["Flying Knee","Slice"],"picked":"Bouncing Flask","floor":4.0},{"not_picked":["Bane","Dagger Spray"],"picked":"A Thousand Cuts","floor":7.0},{"not_picked":["Caltrops","Flying Knee"],"picked":"Endless Agony","floor":14.0},{"not_picked":["Glass Knife","Unload"],"picked":"Adrenaline","floor":16.0},{"not_picked":["Deflect","Reflex","PiercingWail"],"picked":"SKIP","floor":18.0},{"not_picked":["Expertise","Riddle With Holes"],"picked":"PiercingWail","floor":28.0},{"not_picked":["Doppelganger","Tools of the Trade"],"picked":"Malaise","floor":33.0},{"not_picked":["Bane+1"],"picked":"SKIP","floor":35.0},{"not_picked":["Slice"],"picked":"SKIP","floor":37.0},{"not_picked":[],"picked":"Blind","floor":38.0},{"not_picked":["PiercingWail+1"],"picked":"SKIP","floor":39.0}],"player_experience":354367,"relics_obtained":[{"floor":9.0,"key":"Ancient Tea Set"},{"floor":19.0,"key":"Enchiridion"},{"floor":26.0,"key":"Du-Vu Doll"}],"event_choices":[{"damage_healed":0.0,"max_hp_gain":0.0,"max_hp_loss":0.0,"gold_gain":0.0,"event_name":"Golden Idol","player_choice":"Take Damage","floor":3.0,"gold_loss":0.0,"damage_taken":17.0,"relics_obtained":["Golden Idol"]},{"damage_healed":0.0,"max_hp_gain":0.0,"max_hp_loss":0.0,"gold_gain":75.0,"event_name":"World of Goop","player_choice":"Gather Gold","floor":10.0,"gold_loss":0.0,"damage_taken":11.0},{"damage_healed":23.0,"max_hp_gain":0.0,"max_hp_loss":0.0,"gold_gain":0.0,"event_name":"Big Fish","player_choice":"Banana","floor":11.0,"gold_loss":0.0,"damage_taken":0.0},{"damage_healed":0.0,"max_hp_gain":0.0,"max_hp_loss":0.0,"gold_gain":0.0,"event_name":"Living Wall","player_choice":"Grow","floor":13.0,"gold_loss":0.0,"damage_taken":0.0,"cards_upgraded":["Well Laid Plans"]},{"damage_healed":0.0,"max_hp_gain":0.0,"max_hp_loss":0.0,"gold_gain":0.0,"event_name":"Cursed Tome","player_choice":"Obtained Book","floor":19.0,"gold_loss":0.0,"damage_taken":16.0},{"damage_healed":0.0,"max_hp_gain":0.0,"max_hp_loss":0.0,"gold_gain":0.0,"event_name":"The Mausoleum","player_choice":"Opened","floor":21.0,"gold_loss":0.0,"damage_taken":0.0,"relics_obtained":["Sundial"]},{"damage_healed":0.0,"max_hp_gain":0.0,"max_hp_loss":0.0,"gold_gain":99.0,"event_name":"Nest","player_choice":"Stole From Cult","floor":22.0,"gold_loss":0.0,"damage_taken":0.0},{"damage_healed":0.0,"max_hp_gain":0.0,"max_hp_loss":0.0,"gold_gain":0.0,"event_name":"Drug Dealer","player_choice":"Inject Mutagens","floor":24.0,"gold_loss":0.0,"damage_taken":0.0,"relics_obtained":["MutagenicStrength"]},{"damage_healed":0.0,"max_hp_gain":0.0,"max_hp_loss":0.0,"gold_gain":0.0,"event_name":"Forgotten Altar","player_choice":"Gave Idol","floor":29.0,"relics_lost":["Golden Idol"],"gold_loss":0.0,"damage_taken":0.0,"relics_obtained":["Bloody Idol"]},{"damage_healed":0.0,"max_hp_gain":0.0,"max_hp_loss":23.0,"gold_gain":0.0,"event_name":"Vampires","player_choice":"Became a vampire","floor":31.0,"gold_loss":0.0,"damage_taken":0.0,"cards_obtained":["Bite","Bite","Bite","Bite","Bite"]},{"damage_healed":0.0,"max_hp_gain":0.0,"max_hp_loss":0.0,"gold_gain":0.0,"event_name":"SensoryStone","player_choice":"Memory 1","floor":38.0,"gold_loss":0.0,"damage_taken":0.0},{"damage_healed":0,"gold_gain":0,"player_choice":"Ignored","damage_taken":0,"max_hp_gain":0,"max_hp_loss":0,"event_name":"Transmorgrifier","floor":40,"gold_loss":0}],"is_beta":false,"boss_relics":[{"not_picked":["Velvet Choker","Ring of the Serpent"],"picked":"Tiny House"},{"not_picked":["Orrery","Pandora\u0027s Box"],"picked":"Busted Crown"}],"items_purged_floors":[20],"is_endless":false,"potions_floor_spawned":[4,14,28,35,39],"killed_by":"Reptomancer","ascension_level":6}