{"gold_per_floor":[215,215,215,4,21,48,48,25,25,25,36,48,48,59,59,162,162,181,195,206,226,238,238,251,269,322,349,349,349,439,451,451,546,546,566,566,586,586,808,808,819,830,830,830,843,529,529,75,75,75],"floor_reached":51,"playtime":17807,"items_purged":["Strike_G","Strike_G"],"score":651,"play_id":"7150a329-8ac3-49f6-9d31-4fb527cc3427","local_time":"20181008010745","is_ascension_mode":false,"campfire_choices":[{"data":"Adrenaline","floor":7,"key":"SMITH"},{"data":"Neutralize","floor":10,"key":"SMITH"},{"data":"Well Laid Plans","floor":13,"key":"SMITH"},{"data":"Noxious Fumes","floor":15,"key":"SMITH"},{"floor":23,"key":"REST"},{"data":"Burst","floor":28,"key":"SMITH"},{"floor":32,"key":"REST"},{"data":"Footwork","floor":40,"key":"SMITH"},{"data":"Footwork","floor":44,"key":"SMITH"},{"floor":49,"key":"REST"}],"neow_cost":"NONE","seed_source_timestamp":596646016400771,"circlet_count":0,"master_deck":["Defend_G","Defend_G","Defend_G","Defend_G","Defend_G","Strike_G","Strike_G","Neutralize+1","Noxious Fumes+1","Caltrops","Adrenaline+1","Dagger Throw","PiercingWail","Bane","Backstab","Well Laid Plans+1","Bane","After Image","Poisoned Stab+1","Deflect","Footwork+1","Bane+1","Blur","Deflect+1","Dagger Spray","Burst+1","Die Die Die","Prepared+1","Flying Knee+1","Footwork+1","Terror+1","Dodge and Roll+1","Deflect+1","Deflect"],"special_seed":0,"relics":["Ring of the Serpent","Bag of Marbles","Anchor","Juzu Bracelet","Red Mask","Pear","Velvet Choker","Mercury Hourglass","Meat on the Bone","Bronze Scales"],"potions_floor_usage":[6,19,20,25,27,31,41,41,50,50],"damage_taken":[{"damage":0.0,"enemies":"2 Louse","floor":1.0,"turns":3.0},{"damage":2,"enemies":"Jaw Worm","floor":5,"turns":6},{"damage":19,"enemies":"Lagavulin","floor":6,"turns":9},{"damage":0,"enemies":"Cultist","floor":11,"turns":2},{"damage":0,"enemies":"Large Slime","floor":12,"turns":4},{"damage":0,"enemies":"Blue Slaver","floor":14,"turns":3},{"damage":8,"enemies":"Hexaghost","floor":16,"turns":9},{"damage":7,"enemies":"2 Thieves","floor":18,"turns":5},{"damage":0,"enemies":"Chosen","floor":19,"turns":4},{"damage":15,"enemies":"Snecko","floor":20,"turns":8},{"damage":8,"enemies":"3 Cultists","floor":21,"turns":5},{"damage":3,"enemies":"Centurion and Healer","floor":22,"turns":6},{"damage":0,"enemies":"Cultist and Chosen","floor":24,"turns":6},{"damage":0,"enemies":"3 Cultists","floor":25,"turns":5},{"damage":5,"enemies":"Masked Bandits","floor":27,"turns":5},{"damage":10,"enemies":"Chosen and Byrds","floor":31,"turns":6},{"damage":13,"enemies":"Collector","floor":33,"turns":11},{"damage":1,"enemies":"3 Shapes","floor":35,"turns":6},{"damage":8,"enemies":"Orb Walker","floor":37,"turns":3},{"damage":11,"enemies":"3 Darklings","floor":41,"turns":7},{"damage":11,"enemies":"Maw","floor":42,"turns":8},{"damage":0,"enemies":"Reptomancer","floor":45,"turns":5},{"damage":6,"enemies":"Awakened One","floor":50,"turns":18}],"seed_played":"2715032472659560583","potions_obtained":[{"floor":1,"key":"FearPotion"},{"floor":6,"key":"PowerPotion"},{"floor":11,"key":"Fire Potion"},{"floor":18,"key":"SkillPotion"},{"floor":20,"key":"SneckoOil"},{"floor":24,"key":"Strength Potion"},{"floor":25,"key":"GhostInAJar"},{"floor":27,"key":"GamblersBrew"},{"floor":37,"key":"GhostInAJar"},{"floor":41,"key":"Explosive Potion"}],"is_trial":false,"path_per_floor":["M","?","?","$","M","E","R","$","T","R","M","M","R","M","R","B",null,"M","M","M","M","M","R","M","M","T","?","R","T","?","M","R","B",null,"M","?","M","?","?","R","M","M","T","R","M","$","?","$","R","B"],"character_chosen":"THE_SILENT","items_purchased":["Caltrops","Adrenaline","Bane","Meat on the Bone","Bronze Scales","SkillPotion","Deflect","FairyPotion"],"campfire_rested":3,"item_purchase_floors":[4,4,8,46,48,48,48,48],"current_hp_per_floor":[70,70,63,63,61,42,42,42,42,42,42,42,42,42,42,34,70,63,63,48,40,37,58,58,58,58,53,53,63,47,37,61,48,80,79,79,71,71,71,71,60,49,49,49,49,49,49,49,73,67],"gold":75,"neow_bonus":"HUNDRED_GOLD","is_prod":false,"is_daily":false,"chose_seed":false,"campfire_upgraded":7,"win_rate":0.0,"timestamp":1538957265,"path_taken":["M","?","?","$","M","E","R","?","T","R","M","M","R","?","R","BOSS","M","M","M","M","M","R","M","M","T","?","R","?","?","M","R","BOSS","M","?","M","?","?","R","M","M","T","R","M","$","?","$","R","BOSS"],"build_version":"2018-10-04v2","purchased_purges":2,"victory":true,"max_hp_per_floor":[70,70,70,70,70,70,70,70,70,70,70,70,70,70,70,70,70,70,70,70,70,70,70,70,70,70,70,70,80,80,80,80,80,80,80,80,80,80,80,80,80,80,80,80,80,80,80,80,80,80],"card_choices":[{"not_picked":["Cloak And Dagger","Quick Slash"],"picked":"Noxious Fumes","floor":1},{"not_picked":["Crippling Poison","Eviscerate"],"picked":"Dagger Throw","floor":5},{"not_picked":["Storm of Steel","Choke"],"picked":"PiercingWail","floor":6},{"not_picked":["Blade Dance","Dodge and Roll"],"picked":"Backstab","floor":11},{"not_picked":["All Out Attack","Skewer"],"picked":"Well Laid Plans","floor":12},{"not_picked":["Dagger Throw","Deadly Poison"],"picked":"Bane","floor":14},{"not_picked":["Wraith Form v2","Doppelganger"],"picked":"After Image","floor":16},{"not_picked":["Dodge and Roll+1","Quick Slash"],"picked":"Poisoned Stab+1","floor":18},{"not_picked":["Deadly Poison","Reflex"],"picked":"Deflect","floor":19},{"not_picked":["Dagger Throw","Reflex"],"picked":"Footwork","floor":20},{"not_picked":["Dagger Throw","Endless Agony"],"picked":"Bane+1","floor":21},{"not_picked":["Finisher","Underhanded Strike"],"picked":"Blur","floor":22},{"not_picked":["Quick Slash+1","Flying Knee"],"picked":"Deflect+1","floor":24},{"not_picked":["Deadly Poison","Expertise"],"picked":"Dagger Spray","floor":25},{"not_picked":["Well Laid Plans","Reflex+1"],"picked":"Burst","floor":27},{"not_picked":["Crippling Poison","Dagger Spray","Underhanded Strike"],"picked":"SKIP","floor":31},{"not_picked":["Corpse Explosion","Tools of the Trade"],"picked":"Die Die Die","floor":33},{"not_picked":["Tactician+1","Poisoned Stab"],"picked":"Prepared+1","floor":35},{"not_picked":["Prepared","Deadly Poison"],"picked":"Flying Knee+1","floor":37},{"not_picked":["Slice","Caltrops"],"picked":"Terror+1","floor":41},{"not_picked":["Skewer+1","Outmaneuver"],"picked":"Dodge and Roll+1","floor":42},{"not_picked":["Poisoned Stab+1","Flechettes"],"picked":"Deflect+1","floor":45}],"player_experience":134139,"relics_obtained":[{"floor":6,"key":"Bag of Marbles"},{"floor":9,"key":"Anchor"},{"floor":26,"key":"Juzu Bracelet"},{"floor":27,"key":"Red Mask"},{"floor":29,"key":"Pear"},{"floor":43,"key":"Mercury Hourglass"}],"event_choices":[{"event_name":"Scrap Ooze","player_choice":"unsuccessful","floor":2,"damage_taken":0},{"event_name":"Golden Wing","player_choice":"Card Removal","floor":3,"damage_taken":0},{"event_name":"Masked Bandits","player_choice":"Fought Bandits","floor":27,"damage_taken":0},{"event_name":"Knowing Skull","player_choice":"GOLD ","floor":30,"damage_taken":0},{"event_name":"Mysterious Sphere","player_choice":"Ignore","floor":36,"damage_taken":0},{"event_name":"Duplicator","player_choice":"One dupe","floor":38,"damage_taken":0},{"event_name":"Tomb of Lord Red Mask","player_choice":"Wore Mask","floor":39,"damage_taken":0},{"event_name":"Falling","player_choice":"Removed Skill","floor":47,"damage_taken":0}],"is_beta":false,"boss_relics":[{"not_picked":["Empty Cage","Tiny House"],"picked":"Ring of the Serpent"},{"not_picked":["Philosopher\u0027s Stone","Runic Pyramid"],"picked":"Velvet Choker"}],"items_purged_floors":[46,48],"is_endless":false,"potions_floor_spawned":[1,6,11,18,20,24,25,27,37,41],"ascension_level":0}