{"gold_per_floor":[110,126,51,65,75,75,75,102,129,129,143,143,177,195,195,195],"floor_reached":16,"playtime":1204,"items_purged":["Strike_R"],"score":118,"play_id":"f5a4a9f3-de06-47b3-83c9-89508b99ab4a","local_time":"20180629193253","is_ascension_mode":true,"campfire_choices":[{"data":"Shockwave","floor":6,"key":"SMITH"},{"data":"Battle Trance","floor":10,"key":"SMITH"},{"floor":15,"key":"REST"}],"neow_cost":"","seed_source_timestamp":925620930359295,"circlet_count":0,"master_deck":["Strike_R","Strike_R","Strike_R","Strike_R","Defend_R","Defend_R","Defend_R","Defend_R","Bash","True Grit","Pommel Strike","Shockwave+1","Battle Trance+1","Ghostly Armor","Double Tap","Evolve"],"relics":["Burning Blood","Juzu Bracelet","Orichalcum","Oddly Smooth Stone"],"potions_floor_usage":[8,13,13,16,16],"damage_taken":[{"damage":1,"enemies":"Jaw Worm","floor":1,"turns":4},{"damage":1,"enemies":"Cultist","floor":2,"turns":4},{"damage":1,"enemies":"2 Louse","floor":4,"turns":4},{"damage":0,"enemies":"Large Slime","floor":5,"turns":5},{"damage":25,"enemies":"Gremlin Nob","floor":8,"turns":5},{"damage":6,"enemies":"Exordium Thugs","floor":11,"turns":7},{"damage":23,"enemies":"Lagavulin","floor":13,"turns":12},{"damage":1,"enemies":"Looter","floor":14,"turns":4},{"damage":80,"enemies":"The Guardian","floor":16,"turns":25}],"seed_played":"-2889414796271108867","potions_obtained":[{"floor":1,"key":"Weak Potion"},{"floor":8,"key":"Energy Potion"},{"floor":11,"key":"LiquidBronze"},{"floor":13,"key":"AttackPotion"},{"floor":14,"key":"BloodPotion"}],"is_trial":false,"path_per_floor":["M","M","$","M","M","R","?","E","T","R","M","?","E","M","R"],"character_chosen":"IRONCLAD","items_purchased":[],"campfire_rested":1,"item_purchase_floors":[],"current_hp_per_floor":[80,80,80,80,80,80,80,61,61,61,61,61,44,49,73,1],"gold":195,"neow_bonus":"","is_prod":false,"is_daily":false,"chose_seed":false,"campfire_upgraded":2,"win_rate":0,"timestamp":1530297173,"path_taken":["M","M","$","M","M","R","?","E","T","R","M","?","E","M","R","BOSS"],"build_version":"2018-06-28","purchased_purges":1,"victory":false,"max_hp_per_floor":[80,80,80,80,80,80,80,80,80,80,80,80,80,80,80,80],"card_choices":[{"not_picked":["Hemokinesis","Power Through"],"picked":"True Grit","floor":1},{"not_picked":["Anger","Corruption"],"picked":"Pommel Strike","floor":2},{"not_picked":["Clothesline","Wild Strike"],"picked":"Shockwave","floor":4},{"not_picked":["Fire Breathing","Corruption","Dual Wield"],"picked":"SKIP","floor":5},{"not_picked":["Hemokinesis","Twin Strike"],"picked":"Battle Trance","floor":8},{"not_picked":["True Grit","Clash"],"picked":"Ghostly Armor","floor":11},{"not_picked":["Dual Wield","Entrench"],"picked":"Double Tap","floor":13},{"not_picked":["Pummel","Headbutt"],"picked":"Evolve","floor":14}],"player_experience":232854,"relics_obtained":[{"floor":8,"key":"Juzu Bracelet"},{"floor":9,"key":"Orichalcum"},{"floor":13,"key":"Oddly Smooth Stone"}],"event_choices":[{"event_name":"The Woman in Blue","player_choice":"Bought 0 Potions","floor":7,"damage_taken":0},{"event_name":"Liars Game","player_choice":"disagreed","floor":12,"damage_taken":0}],"boss_relics":[],"items_purged_floors":[3],"is_endless":false,"potions_floor_spawned":[1,8,11,13,14],"killed_by":"The Guardian","ascension_level":1}