{"gold_per_floor":[117,117,117,135,152,183,183,197,197,212,223,223,250,270,270,374,374,394,409,409,421,470,470,503,503,585,585,604,619,634,646,646,646],"floor_reached":33,"playtime":2708,"items_purged":[],"score":340,"play_id":"84122dc0-b473-4509-945d-3da58c1b768d","local_time":"20190814132220","is_ascension_mode":true,"campfire_choices":[{"floor":7,"key":"REST"},{"floor":15,"key":"REST"},{"floor":23,"key":"REST"},{"floor":25,"key":"REST"},{"data":"Biased Cognition","floor":27,"key":"SMITH"},{"floor":32,"key":"REST"}],"neow_cost":"NONE","seed_source_timestamp":264745580582060,"circlet_count":0,"master_deck":["Defend_B+1","Defend_B","Defend_B","Zap","Dualcast","Ball Lightning+1","Cold Snap","White Noise","Ball Lightning","Biased Cognition+1","Self Repair+1","BootSequence+1","Thunder Strike+1","Loop+1","Glacier+1","Writhe","Hologram","Defragment","Skim","Reinforced Body","Consume","Ball Lightning"],"relics":["Cracked Core","NeowsBlessing","Nunchaku","Emotion Chip","Ornamental Fan","Astrolabe","Kunai","Dream Catcher","Meat on the Bone","Pantograph"],"potions_floor_usage":[11,16,18,19,29,31],"damage_taken":[{"damage":0,"enemies":"Cultist","floor":1,"turns":1},{"damage":0,"enemies":"Small Slimes","floor":4,"turns":1},{"damage":0,"enemies":"2 Louse","floor":5,"turns":1},{"damage":18,"enemies":"Lagavulin","floor":6,"turns":6},{"damage":3,"enemies":"Gremlin Gang","floor":8,"turns":5},{"damage":6,"enemies":"Blue Slaver","floor":10,"turns":3},{"damage":13,"enemies":"Exordium Wildlife","floor":11,"turns":4},{"damage":7,"enemies":"3 Sentries","floor":13,"turns":3},{"damage":10,"enemies":"Lots of Slimes","floor":14,"turns":4},{"damage":9,"enemies":"Hexaghost","floor":16,"turns":8},{"damage":9,"enemies":"Spheric Guardian","floor":18,"turns":4},{"damage":12,"enemies":"Shell Parasite","floor":19,"turns":3},{"damage":47,"enemies":"3 Cultists","floor":21,"turns":7},{"damage":30,"enemies":"Book of Stabbing","floor":24,"turns":7},{"damage":4,"enemies":"Centurion and Healer","floor":28,"turns":8},{"damage":5,"enemies":"Cultist and Chosen","floor":29,"turns":6},{"damage":10,"enemies":"Shelled Parasite and Fungi","floor":30,"turns":3},{"damage":17,"enemies":"Snecko","floor":31,"turns":7},{"damage":101,"enemies":"Automaton","floor":33,"turns":10}],"seed_played":"-1486080049673362638","potions_obtained":[{"floor":8,"key":"FairyPotion"},{"floor":10,"key":"SpeedPotion"},{"floor":11,"key":"Weak Potion"},{"floor":14,"key":"Dexterity Potion"},{"floor":16,"key":"FocusPotion"},{"floor":18,"key":"SteroidPotion"},{"floor":19,"key":"Fruit Juice"},{"floor":29,"key":"Ancient Potion"},{"floor":30,"key":"EssenceOfSteel"}],"is_trial":false,"path_per_floor":["M","?","?","M","M","E","R","M","T","M","M","?","E","M","R","B",null,"M","M","?","M","T","R","E","R","T","R","M","M","M","M","R","B"],"character_chosen":"DEFECT","items_purchased":[],"campfire_rested":5,"item_purchase_floors":[],"current_hp_per_floor":[75,60,60,60,60,42,64,61,61,55,42,42,35,25,47,38,75,66,59,59,22,22,46,26,50,50,50,56,61,51,56,80,0],"gold":646,"neow_bonus":"THREE_ENEMY_KILL","is_prod":false,"is_daily":false,"chose_seed":false,"campfire_upgraded":1,"win_rate":0,"timestamp":1565785340,"path_taken":["M","?","?","M","?","E","R","M","T","M","M","?","E","M","R","BOSS","M","?","?","M","?","R","E","R","T","R","M","M","M","M","R","BOSS"],"build_version":"2019-07-17","purchased_purges":0,"victory":false,"max_hp_per_floor":[75,75,75,75,75,75,75,75,75,75,75,75,75,75,75,75,75,75,80,80,80,80,80,80,80,80,80,80,80,80,80,80,80],"card_choices":[{"not_picked":["Stack","Rebound"],"picked":"Ball Lightning","floor":1},{"not_picked":["Steam","Rebound"],"picked":"Cold Snap","floor":4},{"not_picked":["Reprogram","Barrage","Leap"],"picked":"SKIP","floor":5},{"not_picked":["Force Field","Darkness"],"picked":"White Noise","floor":6},{"not_picked":["Redo","Beam Cell","Rebound"],"picked":"SKIP","floor":8},{"not_picked":["Go for the Eyes","Stack"],"picked":"Ball Lightning","floor":10},{"not_picked":["Fission","Consume","Beam Cell"],"picked":"SKIP","floor":11},{"not_picked":["Double Energy","Leap","Beam Cell"],"picked":"SKIP","floor":13},{"not_picked":["Rebound","Compile Driver","Sweeping Beam"],"picked":"SKIP","floor":14},{"not_picked":["Creative AI","Seek"],"picked":"Biased Cognition","floor":16},{"not_picked":["Chaos+1","Skim+1"],"picked":"Loop+1","floor":18},{"not_picked":["Heatsinks","Rebound"],"picked":"Glacier+1","floor":19},{"not_picked":["Compile Driver","Conserve Battery"],"picked":"Hologram","floor":21},{"not_picked":["Barrage","Conserve Battery"],"picked":"Defragment","floor":23},{"not_picked":["Redo","Tempest","All For One"],"picked":"SKIP","floor":24},{"not_picked":["Capacitor","Coolheaded"],"picked":"Skim","floor":25},{"not_picked":["Streamline","Doom and Gloom"],"picked":"Reinforced Body","floor":28},{"not_picked":["Coolheaded","Barrage","Biased Cognition"],"picked":"SKIP","floor":29},{"not_picked":["Heatsinks","Self Repair","Coolheaded"],"picked":"SKIP","floor":30},{"not_picked":["Skim","Capacitor"],"picked":"Consume","floor":31},{"not_picked":["Barrage","Gash"],"picked":"Ball Lightning","floor":32}],"player_experience":340988,"relics_obtained":[{"floor":6,"key":"Nunchaku"},{"floor":9,"key":"Emotion Chip"},{"floor":13,"key":"Ornamental Fan"},{"floor":22,"key":"Dream Catcher"},{"floor":24,"key":"Meat on the Bone"},{"floor":26,"key":"Pantograph"}],"event_choices":[{"damage_healed":0,"gold_gain":0,"player_choice":"Entered Light","damage_taken":15,"max_hp_gain":0,"max_hp_loss":0,"event_name":"Shining Light","floor":2,"gold_loss":0,"cards_upgraded":["Ball Lightning","Defend_B"]},{"cards_removed":["Strike_B"],"damage_healed":0,"gold_gain":0,"player_choice":"Offered Basic","damage_taken":0,"max_hp_gain":0,"max_hp_loss":0,"event_name":"Bonfire Elementals","floor":3,"gold_loss":0},{"cards_removed":["Strike_B"],"damage_healed":0,"gold_gain":0,"player_choice":"Purged","damage_taken":0,"max_hp_gain":0,"max_hp_loss":0,"event_name":"Purifier","floor":12,"gold_loss":0},{"damage_healed":0,"gold_gain":0,"player_choice":"Opened","damage_taken":0,"relics_obtained":["Kunai"],"max_hp_gain":0,"max_hp_loss":0,"event_name":"The Mausoleum","floor":20,"gold_loss":0,"cards_obtained":["Writhe"]}],"is_beta":false,"boss_relics":[{"not_picked":["White Beast Statue","Snecko Eye"],"picked":"Astrolabe"}],"items_purged_floors":[],"is_endless":false,"potions_floor_spawned":[8,10,11,14,16,18,19,29,30],"killed_by":"Automaton","ascension_level":4}