{"gold_per_floor":[119,130,55,75,1,1,1,1,1,1,1,29,29,47,47,147,147,165,165],"floor_reached":19,"playtime":1188,"items_purged":[],"score":155,"play_id":"d4c8341e-ddff-403a-85e7-0ceb6376be9e","local_time":"20180623152058","is_ascension_mode":false,"campfire_choices":[{"floor":6,"key":"REST"},{"data":"Poisoned Stab","floor":8,"key":"SMITH"},{"data":"Noxious Fumes","floor":10,"key":"SMITH"},{"floor":15,"key":"REST"}],"neow_cost":"NONE","seed_source_timestamp":392111139819950,"circlet_count":0,"master_deck":["Defend_G","Defend_G","Defend_G","Defend_G","Defend_G","Strike_G","Strike_G","Strike_G","Strike_G","Strike_G","Survivor","Neutralize","Poisoned Stab+1","Sucker Punch","Bouncing Flask","Bouncing Flask","Noxious Fumes+1","Normality","Underhanded Strike","Dodge and Roll","Venomology","Slice","Sucker Punch","Noxious Fumes","Bane","Catalyst","Unload"],"relics":["Runic Pyramid","Snake Skull","Torii","Odd Mushroom","Orrery"],"potions_floor_usage":[16,16,18,18],"damage_taken":[{"damage":1,"enemies":"Jaw Worm","floor":1,"turns":5},{"damage":0,"enemies":"Cultist","floor":2,"turns":3},{"damage":6,"enemies":"2 Louse","floor":4,"turns":3},{"damage":27,"floor":12,"turns":4},{"damage":7,"enemies":"Blue Slaver","floor":14,"turns":2},{"damage":5,"enemies":"Hexaghost","floor":16,"turns":7},{"damage":49,"enemies":"3 Byrds","floor":18,"turns":6}],"seed_played":"33054673403185666","potions_obtained":[{"floor":2,"key":"Regen Potion"},{"floor":14,"key":"LiquidBronze"},{"floor":16,"key":"SpeedPotion"}],"is_trial":false,"path_per_floor":["M","M","$","M","$","R","$","R","T","R","?","?","?","M","R","B",null,"M"],"character_chosen":"THE_SILENT","items_purchased":["Bouncing Flask","Noxious Fumes"],"campfire_rested":2,"item_purchase_floors":[3,5],"current_hp_per_floor":[69,69,69,63,63,70,70,70,70,70,70,43,66,59,70,70,70,21,11],"gold":165,"neow_bonus":"BOSS_RELIC","is_prod":false,"is_daily":false,"chose_seed":false,"campfire_upgraded":2,"win_rate":0.0,"timestamp":1529763658,"path_taken":["M","M","$","M","$","R","$","R","T","R","?","?","?","M","R","BOSS","M","M"],"build_version":"2018-06-21v2","purchased_purges":0,"victory":false,"max_hp_per_floor":[70,70,70,70,70,70,70,70,70,70,70,70,70,70,70,70,70,70,70],"card_choices":[{"not_picked":["Bane","Backflip"],"picked":"Poisoned Stab","floor":1},{"not_picked":["A Thousand Cuts","Dagger Spray"],"picked":"Sucker Punch","floor":2},{"not_picked":["Dagger Spray","Leg Sweep"],"picked":"Bouncing Flask","floor":4},{"not_picked":["Finisher","Distraction"],"picked":"Underhanded Strike","floor":12},{"not_picked":["Reflex","Outmaneuver"],"picked":"Dodge and Roll","floor":14},{"not_picked":["Tools of the Trade","Phantasmal Killer"],"picked":"Venomology","floor":16},{"not_picked":["Dagger Spray","Heel Hook"],"picked":"Slice","floor":17},{"not_picked":["Choke","Blade Dance"],"picked":"Sucker Punch","floor":17},{"not_picked":["Blade Dance","Flechettes"],"picked":"Noxious Fumes","floor":17},{"not_picked":["Escape Plan","Outmaneuver"],"picked":"Bane","floor":17},{"not_picked":["Flying Knee","All Out Attack"],"picked":"Catalyst","floor":17},{"not_picked":["Reflex","Footwork"],"picked":"Unload","floor":18}],"player_experience":84219,"relics_obtained":[{"floor":9,"key":"Snake Skull"},{"floor":12,"key":"Odd Mushroom"}],"event_choices":[{"event_name":"Accursed Blacksmith","player_choice":"Rummage","floor":11,"damage_taken":0},{"event_name":"Mushrooms","player_choice":"Fought Mushrooms","floor":12,"damage_taken":0},{"event_name":"Big Fish","player_choice":"Banana","floor":13,"damage_taken":0}],"boss_relics":[{"not_picked":["Empty Cage","Lizard Tail"],"picked":"Orrery"}],"items_purged_floors":[],"is_endless":false,"potions_floor_spawned":[2,14,16],"killed_by":"Spheric Guardian","ascension_level":0}