{"gold_per_floor":[110,123,55,69,81,81,101,101,128,191,191,191,191,38,38,135,135,151,66,66,16,16,16,27,27],"floor_reached":25,"playtime":2243,"items_purged":[],"score":189,"play_id":"235f2024-033e-42c6-b5cc-21599a884da5","local_time":"20180625093739","is_ascension_mode":false,"campfire_choices":[{"data":"Inflame","floor":6,"key":"SMITH"},{"data":"Rampage","floor":11,"key":"SMITH"},{"floor":15,"key":"REST"},{"floor":23,"key":"REST"}],"neow_cost":"NONE","seed_source_timestamp":543259924046215,"circlet_count":0,"master_deck":["Strike_R","Strike_R","Strike_R+1","Strike_R+1","Defend_R","Defend_R","Defend_R","Defend_R","Bash","Clash","Inflame+1","Rampage+1","Pommel Strike","Cleave","Impervious","Demon Form","Shockwave","Flame Barrier+1"],"relics":["Burning Blood","Whetstone","Paper Frog","Happy Flower","Ancient Tea Set","Mark of Pain","Unceasing Top"],"potions_floor_usage":[],"damage_taken":[{"damage":1,"enemies":"Cultist","floor":1,"turns":3},{"damage":3,"enemies":"Jaw Worm","floor":2,"turns":3},{"damage":0,"enemies":"Small Slimes","floor":4,"turns":2},{"damage":1,"enemies":"2 Fungi Beasts","floor":5,"turns":3},{"damage":8,"enemies":"3 Louse","floor":7,"turns":2},{"damage":32,"enemies":"Lagavulin Event","floor":10,"turns":4},{"damage":20,"enemies":"Slime Boss","floor":16,"turns":8},{"damage":33,"enemies":"3 Byrds","floor":18,"turns":6},{"damage":25,"enemies":"Spheric Guardian","floor":24,"turns":4},{"damage":25,"enemies":"Book of Stabbing","floor":25,"turns":5}],"seed_played":"-3206868149054881266","potions_obtained":[{"floor":2,"key":"AttackPotion"},{"floor":4,"key":"SpeedPotion"},{"floor":7,"key":"Regen Potion"},{"floor":10,"key":"EssenceOfSteel"}],"is_trial":false,"path_per_floor":["M","M","$","M","M","R","M","T","T","?","R","?","?","$","R","B",null,"M","?","?","$","?","R","M"],"character_chosen":"IRONCLAD","items_purchased":["Rampage","Impervious","Dexterity Potion"],"campfire_rested":2,"item_purchase_floors":[3,14,21],"current_hp_per_floor":[80,80,80,80,80,80,78,78,78,52,52,52,52,52,76,62,80,53,53,38,38,38,63,44,19],"gold":27,"neow_bonus":"RANDOM_COMMON_RELIC","is_prod":false,"is_daily":false,"chose_seed":false,"campfire_upgraded":2,"win_rate":0.0,"timestamp":1529915859,"path_taken":["M","M","$","M","?","R","?","?","T","?","R","?","?","$","R","BOSS","M","?","?","$","?","R","M","E"],"build_version":"2018-06-21v2","purchased_purges":0,"victory":false,"max_hp_per_floor":[80,80,80,80,80,80,80,80,80,80,80,80,80,80,80,80,80,80,80,85,85,85,85,85,85],"card_choices":[{"not_picked":["True Grit","Flame Barrier"],"picked":"Clash","floor":1},{"not_picked":["Clash","Combust"],"picked":"Inflame","floor":2},{"not_picked":["Cleave","Dual Wield"],"picked":"Pommel Strike","floor":4},{"not_picked":["Sword Boomerang","Body Slam"],"picked":"Cleave","floor":5},{"not_picked":["Twin Strike","Perfected Strike","Clothesline"],"picked":"SKIP","floor":7},{"not_picked":["Brutality","Juggernaut"],"picked":"Demon Form","floor":16},{"not_picked":["Searing Blow","Pummel"],"picked":"Shockwave","floor":18},{"not_picked":["Pommel Strike","Intimidate"],"picked":"Flame Barrier+1","floor":24}],"player_experience":119973,"relics_obtained":[{"floor":8,"key":"Paper Frog"},{"floor":9,"key":"Happy Flower"},{"floor":10,"key":"Ancient Tea Set"}],"event_choices":[{"event_name":"Dead Adventurer","player_choice":"Searched \u00271\u0027 times","floor":10,"damage_taken":0},{"event_name":"Golden Idol","player_choice":"Ignored","floor":12,"damage_taken":0},{"event_name":"Bonfire Elementals","player_choice":"BASIC","floor":13,"damage_taken":0},{"event_name":"Addict","player_choice":"Obtained Relic","floor":19,"damage_taken":0},{"event_name":"Forgotten Altar","player_choice":"Shed Blood","floor":20,"damage_taken":0},{"event_name":"Ghosts","player_choice":"Ignored","floor":22,"damage_taken":0}],"boss_relics":[{"not_picked":["Astrolabe","Black Blood"],"picked":"Mark of Pain"}],"items_purged_floors":[],"is_endless":false,"potions_floor_spawned":[2,4,7,10,18,24],"killed_by":"Book of Stabbing","ascension_level":0}