{"gold_per_floor":[112,112,123,123,45,45,71,84,108,120,132,179,191,217,229,336,348,348,372,384,425,437,449,479,491,528,540,563,575,203,222,222,222],"floor_reached":33,"playtime":2706,"items_purged":["Strike_G"],"score":291,"play_id":"ad23e92a-2f50-4025-98e7-ff96f4a3c4d0","local_time":"20181128203818","is_ascension_mode":true,"campfire_choices":[{"data":"Infinite Blades","floor":6.0,"key":"SMITH"},{"data":"Caltrops","floor":10.0,"key":"SMITH"},{"data":"Footwork","floor":13.0,"key":"SMITH"},{"floor":15.0,"key":"REST"},{"floor":23.0,"key":"REST"},{"floor":25.0,"key":"REST"},{"data":"Neutralize","floor":27.0,"key":"SMITH"},{"floor":32.0,"key":"REST"}],"neow_cost":"NONE","seed_source_timestamp":10652562797439,"circlet_count":0,"master_deck":["Defend_G","Defend_G","Defend_G","Defend_G","Defend_G","Survivor","Neutralize+1","Cloak And Dagger","Caltrops+1","Infinite Blades+1","Deflect","Slice","Footwork+1","Caltrops+1","Blade Dance+1","Backstab","Cloak And Dagger+1","Backflip","Dodge and Roll","A Thousand Cuts","Glass Knife","Dagger Spray"],"special_seed":0,"relics":["Ring of the Snake","Vajra","Orichalcum","MawBank","Centennial Puzzle","Empty Cage","Red Mask","Bag of Preparation"],"potions_floor_usage":[33],"damage_taken":[{"damage":0.0,"enemies":"2 Louse","floor":1.0,"turns":2.0},{"damage":0.0,"enemies":"Cultist","floor":3.0,"turns":3.0},{"damage":18.0,"enemies":"3 Sentries","floor":7.0,"turns":9.0},{"damage":0.0,"enemies":"Jaw Worm","floor":8.0,"turns":3.0},{"damage":11.0,"enemies":"Lagavulin","floor":12.0,"turns":7.0},{"damage":0.0,"enemies":"Large Slime","floor":14.0,"turns":6.0},{"damage":11.0,"enemies":"Hexaghost","floor":16.0,"turns":10.0},{"damage":13.0,"enemies":"2 Thieves","floor":18.0,"turns":4.0},{"damage":1.0,"enemies":"Shell Parasite","floor":19.0,"turns":5.0},{"damage":35.0,"enemies":"Masked Bandits","floor":21.0,"turns":7.0},{"damage":10.0,"enemies":"Centurion and Healer","floor":24.0,"turns":7.0},{"damage":2.0,"enemies":"Snake Plant","floor":28.0,"turns":4.0},{"damage":13.0,"enemies":"Snecko","floor":31.0,"turns":6.0},{"damage":48,"enemies":"Collector","floor":33,"turns":12}],"seed_played":"-2919058880093255813","potions_obtained":[{"floor":7.0,"key":"Explosive Potion"},{"floor":8.0,"key":"Fire Potion"},{"floor":12.0,"key":"PowerPotion"},{"floor":18.0,"key":"EssenceOfSteel"},{"floor":21.0,"key":"Ancient Potion"},{"floor":24.0,"key":"GamblersBrew"}],"is_trial":false,"path_per_floor":["M","?","M","?","$","R","E","M","T","R","$","E","R","M","R","B",null,"M","M","?","?","?","R","M","R","T","R","M","?","$","M","R","B"],"character_chosen":"THE_SILENT","items_purchased":["Infinite Blades","A Thousand Cuts","Glass Knife"],"campfire_rested":4,"item_purchase_floors":[5,30,30],"current_hp_per_floor":[70,70,70,70,70,70,52,52,52,52,52,41,41,41,62,51,70,57,56,56,21,21,42,32,53,53,53,51,51,51,38,59,11],"gold":222,"neow_bonus":"RANDOM_COMMON_RELIC","is_prod":false,"is_daily":false,"chose_seed":false,"campfire_upgraded":4,"win_rate":0,"timestamp":1543437498,"path_taken":["M","?","?","?","$","R","E","M","T","R","$","E","R","M","R","BOSS","M","M","?","?","?","R","?","R","T","R","M","?","$","?","R","BOSS"],"build_version":"2018-11-15","purchased_purges":1,"victory":false,"max_hp_per_floor":[70,70,70,70,70,70,70,70,70,70,70,70,70,70,70,70,70,70,70,70,70,70,70,70,70,70,70,70,70,70,70,70,70],"card_choices":[{"not_picked":["Dodge and Roll","Blade Dance"],"picked":"Cloak And Dagger","floor":1.0},{"not_picked":["Flying Knee","Leg Sweep"],"picked":"Caltrops","floor":3.0},{"not_picked":["Bane","Choke"],"picked":"Deflect","floor":7.0},{"not_picked":["Bane","Acrobatics"],"picked":"Slice","floor":8.0},{"not_picked":["Setup","Reflex"],"picked":"Footwork","floor":12.0},{"not_picked":["Underhanded Strike","Poisoned Stab"],"picked":"Caltrops","floor":14.0},{"not_picked":["Outmaneuver+1","Bane"],"picked":"Blade Dance+1","floor":18.0},{"not_picked":["Masterful Stab","Bane"],"picked":"Backstab","floor":19.0},{"not_picked":["Poisoned Stab+1","Deadly Poison"],"picked":"Cloak And Dagger+1","floor":21.0},{"not_picked":["Slice","Deflect"],"picked":"Backflip","floor":24.0},{"not_picked":["Quick Slash","Acrobatics"],"picked":"Dodge and Roll","floor":28.0},{"not_picked":["Storm of Steel","Eviscerate"],"picked":"Dagger Spray","floor":31.0}],"player_experience":205124,"relics_obtained":[{"floor":7.0,"key":"Orichalcum"},{"floor":9.0,"key":"MawBank"},{"floor":12.0,"key":"Centennial Puzzle"},{"floor":21.0,"key":"Red Mask"},{"floor":26.0,"key":"Bag of Preparation"}],"event_choices":[{"cards_removed":["Strike_G"],"damage_healed":0.0,"max_hp_gain":0.0,"max_hp_loss":0.0,"gold_gain":0.0,"event_name":"Purifier","player_choice":"Purged","floor":2.0,"gold_loss":0.0,"damage_taken":0.0},{"damage_healed":0.0,"max_hp_gain":0.0,"max_hp_loss":0.0,"gold_gain":0.0,"event_name":"Liars Game","player_choice":"Ignored","floor":4.0,"gold_loss":0.0,"damage_taken":0.0},{"damage_healed":0.0,"max_hp_gain":0.0,"max_hp_loss":0.0,"gold_gain":0.0,"event_name":"Ghosts","player_choice":"Ignored","floor":20.0,"gold_loss":0.0,"damage_taken":0.0},{"damage_healed":0.0,"max_hp_gain":0.0,"max_hp_loss":0.0,"gold_gain":0.0,"event_name":"Masked Bandits","player_choice":"Fought Bandits","floor":21.0,"gold_loss":0.0,"damage_taken":0.0},{"damage_healed":0.0,"max_hp_gain":0.0,"max_hp_loss":0.0,"gold_gain":0.0,"event_name":"Accursed Blacksmith","player_choice":"Forge","floor":22.0,"gold_loss":0.0,"damage_taken":0.0,"cards_upgraded":["Caltrops"]},{"cards_removed":["Strike_G"],"damage_healed":0.0,"max_hp_gain":0.0,"max_hp_loss":0.0,"gold_gain":0.0,"event_name":"Purifier","player_choice":"Purged","floor":29.0,"gold_loss":0.0,"damage_taken":0.0}],"is_beta":false,"boss_relics":[{"not_picked":["Snecko Eye","Runic Pyramid"],"picked":"Empty Cage"}],"items_purged_floors":[30],"is_endless":false,"potions_floor_spawned":[7,8,12,18,21,24],"killed_by":"Collector","ascension_level":3}