{"gold_per_floor":[113,2,21,38,13,44,44,73,73,73,83,83,98,132,132,132],"floor_reached":16,"playtime":624,"items_purged":["Strike_R"],"score":180,"play_id":"9a7e078b-12a8-481b-84c5-de43fd5afe02","local_time":"20190806095257","is_ascension_mode":true,"campfire_choices":[{"data":"Whirlwind","floor":7,"key":"SMITH"},{"floor":10,"key":"REST"},{"floor":12,"key":"REST"},{"data":"Armaments","floor":15,"key":"SMITH"}],"neow_cost":"TEN_PERCENT_HP_LOSS","seed_source_timestamp":122382721224100,"circlet_count":0,"master_deck":["AscendersBane","Strike_R","Strike_R","Strike_R","Strike_R","Defend_R","Defend_R","Defend_R","Defend_R","Bash","Deep Breath","Trip","Pommel Strike","Shockwave","Uppercut","Whirlwind+1","Burning Pact","Battle Trance","Armaments+1"],"relics":["Burning Blood","Dream Catcher","Mummified Hand","Centennial Puzzle","Bottled Flame"],"potions_floor_usage":[6,14,16],"damage_taken":[{"damage":14,"enemies":"2 Louse","floor":1,"turns":3},{"damage":2,"enemies":"Jaw Worm","floor":3,"turns":5},{"damage":7,"enemies":"Small Slimes","floor":4,"turns":4},{"damage":38,"enemies":"Lagavulin","floor":6,"turns":7},{"damage":32,"enemies":"3 Sentries","floor":8,"turns":6},{"damage":12,"enemies":"Red Slaver","floor":11,"turns":4},{"damage":11,"enemies":"Looter","floor":13,"turns":4},{"damage":16,"enemies":"Gremlin Nob","floor":14,"turns":3},{"damage":31,"enemies":"Hexaghost","floor":16,"turns":9}],"seed_played":"2627968437732727474","potions_obtained":[{"floor":4,"key":"Strength Potion"},{"floor":11,"key":"SteroidPotion"},{"floor":14,"key":"SteroidPotion"}],"is_trial":false,"path_per_floor":["M","$","M","M","?","E","R","E","T","R","M","R","M","E","R","B"],"character_chosen":"IRONCLAD","items_purchased":["Shockwave"],"campfire_rested":2,"item_purchase_floors":[2],"current_hp_per_floor":[64,64,68,67,67,35,35,9,9,30,24,45,40,30,30,0],"gold":132,"neow_bonus":"RANDOM_COLORLESS_2","is_prod":false,"is_daily":false,"chose_seed":false,"campfire_upgraded":2,"win_rate":0,"timestamp":1565099577,"path_taken":["M","$","M","M","?","E","R","E","T","R","M","R","M","E","R","BOSS"],"build_version":"2019-07-17","purchased_purges":1,"victory":false,"max_hp_per_floor":[72,72,72,72,72,72,72,72,72,72,72,72,72,72,72,72],"card_choices":[{"not_picked":["Flex","Rupture"],"picked":"Pommel Strike","floor":1},{"not_picked":["Twin Strike","Flex","Warcry"],"picked":"SKIP","floor":3},{"not_picked":["Headbutt","Sentinel"],"picked":"Uppercut","floor":4},{"not_picked":["Iron Wave","Reaper"],"picked":"Whirlwind","floor":6},{"not_picked":["Second Wind","Exhume","Clash"],"picked":"SKIP","floor":8},{"not_picked":["Warcry","Clothesline"],"picked":"Burning Pact","floor":10},{"not_picked":["Sentinel","Anger","Havoc"],"picked":"SKIP","floor":11},{"not_picked":["Clothesline","Body Slam"],"picked":"Battle Trance","floor":12},{"not_picked":["Clothesline","Body Slam","Anger"],"picked":"SKIP","floor":13},{"not_picked":["Combust","Twin Strike"],"picked":"Armaments","floor":14}],"player_experience":661665,"relics_obtained":[{"floor":6,"key":"Dream Catcher"},{"floor":8,"key":"Mummified Hand"},{"floor":9,"key":"Centennial Puzzle"},{"floor":14,"key":"Bottled Flame"}],"event_choices":[{"damage_healed":0,"gold_gain":0,"player_choice":"Left Gold","damage_taken":0,"max_hp_gain":0,"max_hp_loss":0,"event_name":"World of Goop","floor":5,"gold_loss":25}],"is_beta":false,"boss_relics":[],"items_purged_floors":[2],"is_endless":false,"potions_floor_spawned":[4,11,14],"killed_by":"Hexaghost","ascension_level":10}