{"gold_per_floor":[113,113,126,126,57,90,110,110,180,205,55,89,99,130,130,228,228,247,247,274,293,111,111,124,135,160,175,189,189,205,225,225,225],"floor_reached":33,"playtime":1723,"items_purged":["Strike_G"],"score":414,"play_id":"8b0392f1-b056-4024-ab05-c5d82a48a1ab","local_time":"20181027120542","is_ascension_mode":true,"campfire_choices":[{"data":"Noxious Fumes","floor":8.0,"key":"SMITH"},{"floor":15.0,"key":"REST"},{"data":"Terror","floor":23.0,"key":"SMITH"},{"floor":29.0,"key":"REST"},{"floor":32.0,"key":"REST"}],"neow_cost":"NONE","seed_source_timestamp":561941098338366,"circlet_count":0,"master_deck":["Defend_G","Defend_G","Defend_G+1","Defend_G","Defend_G","Survivor","Neutralize","Flying Knee","Caltrops","Noxious Fumes+1","Backstab","Bouncing Flask","All Out Attack","Caltrops","Cloak And Dagger","Predator","Adrenaline","Sucker Punch+1","Bite","Bite","Bite","Bite","Bite","Cloak And Dagger","Well Laid Plans","Terror+1","Backstab","Bane","Flying Knee","Dodge and Roll+1","Caltrops","After Image"],"special_seed":0,"relics":["Ring of the Snake","NeowsBlessing","Pen Nib","Bottled Lightning","Peace Pipe","Potion Belt","Ginger","Sozu","Blood Vial","Art of War"],"potions_floor_usage":[],"damage_taken":[{"damage":0.0,"enemies":"Small Slimes","floor":1.0,"turns":1.0},{"damage":0.0,"enemies":"Jaw Worm","floor":3.0,"turns":1.0},{"damage":0.0,"enemies":"Lagavulin","floor":6.0,"turns":1.0},{"damage":2.0,"enemies":"Cultist","floor":7.0,"turns":4.0},{"damage":10.0,"enemies":"Gremlin Nob","floor":10.0,"turns":3.0},{"damage":0.0,"enemies":"3 Sentries","floor":12.0,"turns":6.0},{"damage":1.0,"enemies":"2 Fungi Beasts","floor":13.0,"turns":4.0},{"damage":0.0,"enemies":"Lagavulin","floor":14.0,"turns":4.0},{"damage":12.0,"enemies":"Hexaghost","floor":16.0,"turns":8.0},{"damage":0.0,"enemies":"Chosen","floor":18.0,"turns":4.0},{"damage":8.0,"enemies":"Shell Parasite","floor":21.0,"turns":4.0},{"damage":21.0,"enemies":"Snake Plant","floor":24.0,"turns":3.0},{"damage":7.0,"enemies":"Centurion and Healer","floor":25.0,"turns":5.0},{"damage":20.0,"enemies":"Shelled Parasite and Fungi","floor":27.0,"turns":4.0},{"damage":24.0,"enemies":"Sentry and Sphere","floor":28.0,"turns":5.0},{"damage":18.0,"enemies":"Snake Plant","floor":30.0,"turns":2.0},{"damage":5.0,"enemies":"Snecko","floor":31.0,"turns":4.0},{"damage":37,"enemies":"Collector","floor":33,"turns":7}],"seed_played":"-6863802735639938615","potions_obtained":[{"floor":3.0,"key":"EssenceOfSteel"},{"floor":4.0,"key":"SpeedPotion"},{"floor":4.0,"key":"SkillPotion"},{"floor":14.0,"key":"Block Potion"},{"floor":16.0,"key":"Explosive Potion"}],"is_trial":false,"path_per_floor":["M","?","M","?","$","E","M","R","T","E","$","E","M","E","R","B",null,"M","?","T","M","$","R","M","M","T","M","M","R","M","M","R"],"character_chosen":"THE_SILENT","items_purchased":["Noxious Fumes","Caltrops","Well Laid Plans","Terror","Backstab"],"campfire_rested":3,"item_purchase_floors":[5,11,22,22,22],"current_hp_per_floor":[70,56,56,56,56,56,54,54,54,44,44,44,43,43,64,52,70,70,49,49,43,43,43,30,35,35,25,13,27,13,18,32,9],"gold":225,"neow_bonus":"THREE_ENEMY_KILL","is_prod":false,"is_daily":false,"chose_seed":false,"campfire_upgraded":2,"win_rate":0,"timestamp":1540638342,"path_taken":["M","?","M","?","$","E","M","R","T","E","$","E","?","E","R","BOSS","M","?","?","M","$","R","M","M","T","M","M","R","M","M","R","BOSS"],"build_version":"2018-10-25v2","purchased_purges":1,"victory":false,"max_hp_per_floor":[70,70,70,70,70,70,70,70,70,70,70,70,70,70,70,70,70,70,49,49,49,49,49,49,49,49,49,49,49,49,49,49,49],"card_choices":[{"not_picked":["Cloak And Dagger","Blade Dance"],"picked":"Flying Knee","floor":1.0},{"not_picked":["Underhanded Strike","All Out Attack"],"picked":"Caltrops","floor":3.0},{"not_picked":["Sucker Punch","Underhanded Strike"],"picked":"Backstab","floor":6.0},{"not_picked":["Accuracy","Outmaneuver"],"picked":"Bouncing Flask","floor":7.0},{"not_picked":["Cloak And Dagger","Flying Knee"],"picked":"All Out Attack","floor":10.0},{"not_picked":["Night Terror","Skewer","Infinite Blades"],"picked":"SKIP","floor":12.0},{"not_picked":["Blade Dance","Quick Slash"],"picked":"Cloak And Dagger","floor":13.0},{"not_picked":["Flechettes","Poisoned Stab"],"picked":"Predator","floor":14.0},{"not_picked":["Glass Knife","Grand Finale"],"picked":"Adrenaline","floor":16.0},{"not_picked":["Acrobatics","Flying Knee+1"],"picked":"Sucker Punch+1","floor":18.0},{"not_picked":["Riddle With Holes","Dagger Spray"],"picked":"Cloak And Dagger","floor":21.0},{"not_picked":["Slice","Distraction"],"picked":"Bane","floor":24.0},{"not_picked":["Skewer","Quick Slash"],"picked":"Flying Knee","floor":25.0},{"not_picked":["Slice","Blade Dance"],"picked":"Dodge and Roll+1","floor":27.0},{"not_picked":["Flying Knee","Outmaneuver"],"picked":"Caltrops","floor":28.0},{"not_picked":["Backflip","Well Laid Plans"],"picked":"After Image","floor":30.0},{"not_picked":["Deadly Poison","Blade Dance+1","Flechettes"],"picked":"SKIP","floor":31.0}],"player_experience":189363,"relics_obtained":[{"floor":6.0,"key":"Pen Nib"},{"floor":9.0,"key":"Bottled Lightning"},{"floor":10.0,"key":"Peace Pipe"},{"floor":12.0,"key":"Potion Belt"},{"floor":14.0,"key":"Ginger"},{"floor":20.0,"key":"Blood Vial"},{"floor":26.0,"key":"Art of War"}],"event_choices":[{"damage_healed":0.0,"max_hp_gain":0.0,"max_hp_loss":0.0,"gold_gain":0.0,"event_name":"Shining Light","player_choice":"Entered Light","floor":2.0,"gold_loss":0.0,"damage_taken":14.0,"cards_upgraded":["Strike_G","Defend_G"]},{"damage_healed":0.0,"max_hp_gain":0.0,"max_hp_loss":0.0,"gold_gain":0.0,"event_name":"The Lab","player_choice":"Got Potions","floor":4.0,"gold_loss":0.0,"damage_taken":0.0},{"damage_healed":0.0,"max_hp_gain":0.0,"max_hp_loss":21.0,"gold_gain":0.0,"event_name":"Vampires","player_choice":"Became a vampire","floor":19.0,"gold_loss":0.0,"damage_taken":0.0,"cards_obtained":["Bite","Bite","Bite","Bite","Bite"]}],"is_beta":false,"boss_relics":[{"not_picked":["Coffee Dripper","Astrolabe"],"picked":"Sozu"}],"items_purged_floors":[11],"is_endless":false,"potions_floor_spawned":[3,14,16,18,24,25,28],"killed_by":"Collector","ascension_level":2}