{"gold_per_floor":[212,111,122,122,72,101,101,127,154,171,183,183,29,39,39,139,139,159,59,73,73,85,85,111,131,131,143,143],"floor_reached":28,"playtime":3492,"items_purged":["Strike_G","Strike_G"],"score":375,"play_id":"dfb520eb-968a-4351-9443-60444a4a01ac","local_time":"20180707173137","is_ascension_mode":true,"campfire_choices":[{"floor":7,"key":"REST"},{"floor":15,"key":"REST"},{"data":"Caltrops","floor":23,"key":"SMITH"}],"neow_cost":"NONE","seed_source_timestamp":1607291954384199,"circlet_count":0,"master_deck":["Defend_G","Defend_G","Defend_G","Defend_G","Defend_G","Strike_G","Strike_G","Survivor","Neutralize","AscendersBane","Caltrops+1","Backflip","All Out Attack","Predator","Adrenaline","Backflip","Adrenaline","Terror","Glass Knife","Escape Plan","Dagger Spray","Outmaneuver","Flying Knee"],"relics":["Ring of the Snake","Oddly Smooth Stone","The Specimen","Bronze Scales","Juzu Bracelet","White Beast Statue","Bottled Lightning","Pantograph"],"potions_floor_usage":[18,20,20,22,24,27,27],"damage_taken":[{"damage":0,"enemies":"Cultist","floor":1,"turns":5},{"damage":0,"enemies":"2 Louse","floor":3,"turns":6},{"damage":31,"enemies":"3 Sentries","floor":6,"turns":8},{"damage":38,"enemies":"Gremlin Nob","floor":8,"turns":5},{"damage":0,"enemies":"Small Slimes","floor":10,"turns":3},{"damage":0,"enemies":"3 Louse","floor":11,"turns":4},{"damage":0,"enemies":"Looter","floor":14,"turns":3},{"damage":3,"enemies":"The Guardian","floor":16,"turns":12},{"damage":0,"enemies":"Shell Parasite","floor":18,"turns":7},{"damage":1,"enemies":"2 Thieves","floor":20,"turns":4},{"damage":0,"enemies":"Centurion and Healer","floor":22,"turns":6},{"damage":48,"enemies":"Gremlin Leader","floor":24,"turns":9},{"damage":3,"enemies":"Snake Plant","floor":25,"turns":4},{"damage":12,"enemies":"Snecko","floor":27,"turns":5},{"damage":0,"enemies":"Slavers","floor":28,"turns":1}],"seed_played":"7981088033095922465","potions_obtained":[{"floor":8,"key":"PowerPotion"},{"floor":11,"key":"Block Potion"},{"floor":14,"key":"Strength Potion"},{"floor":18,"key":"Fire Potion"},{"floor":20,"key":"Strength Potion"},{"floor":22,"key":"Explosive Potion"},{"floor":24,"key":"FairyPotion"},{"floor":25,"key":"GhostInAJar"},{"floor":27,"key":"Poison Potion"}],"is_trial":false,"path_per_floor":["M","$","M","$","?","E","R","E","T","M","M","?","$","M","R","B",null,"M","$","M","?","M","R","E","M","T","M"],"character_chosen":"THE_SILENT","items_purchased":["Backflip","Adrenaline"],"campfire_rested":2,"item_purchase_floors":[2,13],"current_hp_per_floor":[63,63,63,63,63,32,53,15,15,15,15,15,15,15,36,33,61,61,61,60,60,60,60,12,9,9,7,7],"gold":143,"neow_bonus":"HUNDRED_GOLD","is_prod":false,"is_daily":false,"chose_seed":false,"campfire_upgraded":1,"win_rate":0,"timestamp":1530981097,"path_taken":["M","$","M","?","?","E","R","E","T","M","M","?","$","M","R","BOSS","M","$","M","?","M","R","E","M","T","M","E"],"build_version":"2018-07-05","purchased_purges":2,"victory":false,"max_hp_per_floor":[70,70,70,70,70,70,70,70,70,70,70,70,70,70,70,70,70,70,70,70,70,70,70,70,70,70,70,70],"card_choices":[{"not_picked":["Outmaneuver","Underhanded Strike"],"picked":"Caltrops","floor":1},{"not_picked":["Acrobatics","Poisoned Stab"],"picked":"All Out Attack","floor":3},{"not_picked":["Expertise","Prepared"],"picked":"Predator","floor":6},{"not_picked":["PiercingWail","Quick Slash"],"picked":"Adrenaline","floor":8},{"not_picked":["Bouncing Flask","Dodge and Roll"],"picked":"Backflip","floor":10},{"not_picked":["Underhanded Strike","Deflect","Slice"],"picked":"SKIP","floor":11},{"not_picked":["Dodge and Roll","Backflip"],"picked":"Terror","floor":14},{"not_picked":["Unload","Doppelganger"],"picked":"Glass Knife","floor":16},{"not_picked":["Accuracy","Caltrops"],"picked":"Escape Plan","floor":18},{"not_picked":["Blade Dance","Prepared"],"picked":"Dagger Spray","floor":20},{"not_picked":["Backflip","Quick Slash"],"picked":"Outmaneuver","floor":22},{"not_picked":["Quick Slash","Deadly Poison","Bane"],"picked":"SKIP","floor":24},{"not_picked":["Calculated Gamble+1","Poisoned Stab","Bane"],"picked":"SKIP","floor":25},{"not_picked":["Dodge and Roll","Riddle With Holes+1"],"picked":"Flying Knee","floor":27}],"player_experience":391800,"relics_obtained":[{"floor":6,"key":"Oddly Smooth Stone"},{"floor":8,"key":"The Specimen"},{"floor":9,"key":"Bronze Scales"},{"floor":24,"key":"Bottled Lightning"},{"floor":26,"key":"Pantograph"}],"event_choices":[{"event_name":"The Cleric","player_choice":"Card Removal","floor":5,"damage_taken":0},{"event_name":"Dead Adventurer","player_choice":"Searched \u00271\u0027 times","floor":12,"damage_taken":0},{"event_name":"The Mausoleum","player_choice":"No","floor":21,"damage_taken":0}],"boss_relics":[{"not_picked":["Coffee Dripper","Pandora\u0027s Box"],"picked":"White Beast Statue"}],"items_purged_floors":[2,19],"is_endless":false,"potions_floor_spawned":[8,11,14,18,20,22,24,25,27],"killed_by":"Slavers","ascension_level":10}