{"gold_per_floor":[116,116,116,48,62,62,126,156,168,180,216,228,272,296,308,320],"floor_reached":16,"playtime":553,"items_purged":[],"score":137,"play_id":"b6cd5f68-84dc-4e7d-91d6-4b9ea230dd58","local_time":"20190726113821","is_ascension_mode":true,"campfire_choices":[{"data":"Flame Barrier","floor":6,"key":"SMITH"},{"data":"Warcry","floor":10,"key":"SMITH"},{"data":"True Grit","floor":15,"key":"SMITH"}],"neow_cost":"NONE","seed_source_timestamp":421336043770300,"circlet_count":0,"master_deck":["Strike_R","Strike_R","Strike_R","Defend_R","Defend_R","Defend_R","Defend_R","Bash","Clothesline","Flame Barrier+1","Warcry+1","True Grit+1","Warcry"],"relics":["Burning Blood","MawBank","Dodecahedron","Omamori","Anchor"],"potions_floor_usage":[7,8,16],"damage_taken":[{"damage":2,"enemies":"Jaw Worm","floor":1,"turns":3},{"damage":4,"enemies":"Cultist","floor":5,"turns":4},{"damage":48,"enemies":"Lagavulin Event","floor":7,"turns":9},{"damage":0,"enemies":"Small Slimes","floor":8,"turns":4},{"damage":22,"enemies":"Gremlin Nob","floor":13,"turns":5},{"damage":7,"enemies":"3 Louse","floor":14,"turns":4},{"damage":49,"enemies":"Hexaghost","floor":16,"turns":14}],"seed_played":"-4461475192671585415","potions_obtained":[{"floor":5,"key":"Poison Potion"},{"floor":7,"key":"Weak Potion"},{"floor":13,"key":"Weak Potion"}],"is_trial":false,"path_per_floor":["M","?","?","$","M","R","?","M","T","R","T","?","E","M","R","B"],"character_chosen":"IRONCLAD","items_purchased":["Flame Barrier"],"campfire_rested":0,"item_purchase_floors":[4],"current_hp_per_floor":[76,76,76,76,78,78,36,42,42,42,42,62,46,45,45,0],"gold":320,"neow_bonus":"REMOVE_CARD","is_prod":false,"is_daily":false,"chose_seed":false,"campfire_upgraded":3,"win_rate":0,"timestamp":1564155501,"path_taken":["M","?","?","$","?","R","?","M","T","R","?","?","E","M","R","BOSS"],"build_version":"2019-07-17","purchased_purges":0,"victory":false,"max_hp_per_floor":[80,80,80,80,80,80,80,80,80,80,80,80,80,80,80,80],"card_choices":[{"not_picked":["Armaments","Sever Soul"],"picked":"Clothesline","floor":1},{"not_picked":["Clothesline","Dual Wield","Dropkick"],"picked":"SKIP","floor":5},{"not_picked":["Clothesline","Heavy Blade"],"picked":"Warcry","floor":8},{"not_picked":["Immolate","Flex"],"picked":"True Grit","floor":13},{"not_picked":["Heavy Blade","Sword Boomerang"],"picked":"Warcry","floor":14}],"player_experience":526619,"relics_obtained":[{"floor":9,"key":"Dodecahedron"},{"floor":11,"key":"Omamori"},{"floor":13,"key":"Anchor"}],"event_choices":[{"damage_healed":0,"gold_gain":0,"player_choice":"Ignored","damage_taken":0,"max_hp_gain":0,"max_hp_loss":0,"event_name":"Shining Light","floor":2,"gold_loss":0},{"cards_removed":["Strike_R"],"damage_healed":0,"gold_gain":0,"player_choice":"Purged","damage_taken":0,"max_hp_gain":0,"max_hp_loss":0,"event_name":"Purifier","floor":3,"gold_loss":0},{"damage_healed":0,"gold_gain":30,"player_choice":"Searched \u00273\u0027 times","damage_taken":0,"relics_obtained":["MawBank"],"max_hp_gain":0,"max_hp_loss":0,"event_name":"Dead Adventurer","floor":7,"gold_loss":0},{"damage_healed":20,"gold_gain":0,"player_choice":"Healed and dodged fight","damage_taken":0,"max_hp_gain":0,"max_hp_loss":0,"event_name":"Mushrooms","floor":12,"gold_loss":0,"cards_obtained":["Parasite"]}],"is_beta":false,"boss_relics":[],"items_purged_floors":[],"is_endless":false,"potions_floor_spawned":[5,7,13],"killed_by":"Hexaghost","ascension_level":8}