{"gold_per_floor":[114,133,133,41,141,141,152,187,187,187,205,216,216,233,233,336,336,355,365,381,16,34,34,68,83,83,20,20,20,40,11,11,110,110,122,137,77,92,102,127,127,67,118,136,136,150,169,269,269,269],"floor_reached":51,"playtime":4275,"items_purged":["Strike_B"],"score":678,"play_id":"f877afe3-25f6-4740-947d-30c3d6666b10","local_time":"20190813164250","is_ascension_mode":false,"campfire_choices":[{"data":"Zap","floor":6.0,"key":"SMITH"},{"data":"Dualcast","floor":10.0,"key":"SMITH"},{"data":"Self Repair","floor":13.0,"key":"SMITH"},{"data":"Storm","floor":15.0,"key":"SMITH"},{"floor":23.0,"key":"REST"},{"floor":32.0,"key":"REST"},{"floor":41.0,"key":"REST"},{"data":"Rainbow","floor":45.0,"key":"SMITH"},{"floor":49,"key":"REST"}],"neow_cost":"NONE","seed_source_timestamp":188710276043817,"circlet_count":0,"master_deck":["Strike_B","Strike_B","Strike_B","Defend_B","Defend_B","Defend_B","Defend_B","Zap+1","Dualcast+1","Sweeping Beam","Cold Snap","Cold Snap","Auto Shields","Genetic Algorithm","Gash","Coolheaded","Self Repair+1","Storm+1","Go for the Eyes","Ball Lightning","Defragment","Static Discharge","Defragment","Loop","FTL","Glacier+1","Beam Cell","Doubt","Capacitor+1","Creative AI+1","Self Repair+1","Rainbow+1","Consume+1","Hello World+1","Glacier+1","Electrodynamics+1","Go for the Eyes","Defragment+1","Regret","Beam Cell+1","White Noise+1","Chill+1"],"special_seed":0,"relics":["Cracked Core","NeowsBlessing","Darkstone Periapt","Bottled Flame","The Courier","Cursed Key","Runic Capacitor","Shuriken","Frozen Egg 2","Nuclear Battery","Regal Pillow","Juzu Bracelet","StoneCalendar"],"potions_floor_usage":[50],"damage_taken":[{"damage":0.0,"enemies":"Cultist","floor":1.0,"turns":1.0},{"damage":0.0,"enemies":"Small Slimes","floor":2.0,"turns":1.0},{"damage":0.0,"enemies":"Jaw Worm","floor":7.0,"turns":1.0},{"damage":10.0,"enemies":"3 Sentries","floor":8.0,"turns":8.0},{"damage":0.0,"enemies":"Large Slime","floor":11.0,"turns":5.0},{"damage":0.0,"enemies":"Exordium Wildlife","floor":12.0,"turns":4.0},{"damage":3.0,"enemies":"Blue Slaver","floor":14.0,"turns":4.0},{"damage":35.0,"enemies":"Slime Boss","floor":16.0,"turns":13.0},{"damage":8.0,"enemies":"Spheric Guardian","floor":18.0,"turns":4.0},{"damage":5.0,"enemies":"Shell Parasite","floor":19.0,"turns":9.0},{"damage":20.0,"enemies":"Centurion and Healer","floor":20.0,"turns":8.0},{"damage":17.0,"enemies":"3 Cultists","floor":22.0,"turns":5.0},{"damage":40.0,"enemies":"Slavers","floor":24.0,"turns":5.0},{"damage":8.0,"enemies":"Snecko","floor":25.0,"turns":5.0},{"damage":10.0,"enemies":"Cultist and Chosen","floor":30.0,"turns":4.0},{"damage":59.0,"enemies":"Automaton","floor":33.0,"turns":7.0},{"damage":15.0,"enemies":"3 Shapes","floor":35.0,"turns":5.0},{"damage":10.0,"enemies":"3 Darklings","floor":36.0,"turns":6.0},{"damage":10.0,"enemies":"Spire Growth","floor":38.0,"turns":5.0},{"damage":0.0,"enemies":"Transient","floor":39.0,"turns":5.0},{"damage":72.0,"enemies":"Reptomancer","floor":40.0,"turns":5.0},{"damage":44.0,"enemies":"4 Shapes","floor":44.0,"turns":4.0},{"damage":12.0,"enemies":"Spire Growth","floor":46.0,"turns":5.0},{"damage":21.0,"enemies":"Jaw Worm Horde","floor":47.0,"turns":5.0},{"damage":0,"enemies":"Mind Bloom Boss Battle","floor":48,"turns":5},{"damage":48,"enemies":"Donu and Deca","floor":50,"turns":10}],"seed_played":"-3081227357421130288","potions_obtained":[{"floor":8.0,"key":"SkillPotion"},{"floor":11.0,"key":"Weak Potion"},{"floor":12.0,"key":"Ancient Potion"},{"floor":18.0,"key":"SteroidPotion"},{"floor":35.0,"key":"SpeedPotion"},{"floor":36.0,"key":"SkillPotion"},{"floor":39.0,"key":"SteroidPotion"},{"floor":47.0,"key":"SmokeBomb"},{"floor":48,"key":"Regen Potion"}],"is_trial":false,"path_per_floor":["M","M","T","$","?","R","M","E","T","R","M","M","R","M","R","B",null,"M","M","M","$","M","R","E","M","T","$","?","?","M","$","R","B",null,"M","M","$","M","M","E","R","$","T","M","R","M","M","?","R","B",null],"character_chosen":"DEFECT","items_purchased":["Cold Snap","Auto Shields","Static Discharge","Defragment","Loop","Runic Capacitor","FTL","Capacitor+1","Self Repair+1","Defragment+1"],"campfire_rested":4,"item_purchase_floors":[4,4,21,21,21,21,21,27,31,42],"current_hp_per_floor":[75,75,75,75,75,75,75,65,65,65,65,65,65,72,72,47,75,75,75,65,65,48,70,40,42,48,48,48,48,48,48,72,33,81,81,81,81,71,81,29,68,68,74,50,50,58,47,67,87,69],"gold":269,"neow_bonus":"THREE_ENEMY_KILL","is_prod":false,"is_daily":false,"chose_seed":false,"campfire_upgraded":5,"win_rate":0.0,"timestamp":1565710970,"path_taken":["M","M","?","$","?","R","?","E","T","R","M","M","R","M","R","BOSS","M","M","M","$","M","R","E","M","T","$","?","?","?","$","R","BOSS","M","M","$","M","M","E","R","$","T","M","R","M","M","?","R","BOSS"],"build_version":"2019-07-17","purchased_purges":1,"victory":true,"max_hp_per_floor":[75,75,75,75,75,75,75,75,75,75,75,75,75,75,75,75,75,75,75,75,75,75,75,75,75,81,81,81,81,81,81,81,81,81,81,81,81,81,81,81,81,81,87,87,87,87,87,87,87,87],"card_choices":[{"not_picked":["Rebound","Storm"],"picked":"Sweeping Beam","floor":1.0},{"not_picked":["Turbo","Rebound"],"picked":"Cold Snap","floor":2.0},{"not_picked":["Turbo","BootSequence"],"picked":"Genetic Algorithm","floor":7.0},{"not_picked":["Rip and Tear","Doom and Gloom"],"picked":"Gash","floor":8.0},{"not_picked":["Stack","Leap"],"picked":"Coolheaded","floor":11.0},{"not_picked":["Streamline","Rebound"],"picked":"Self Repair","floor":12.0},{"not_picked":["Conserve Battery","Rip and Tear"],"picked":"Storm","floor":14.0},{"not_picked":["Turbo+1","Compile Driver"],"picked":"Go for the Eyes","floor":18.0},{"not_picked":["Rebound+1","Sweeping Beam"],"picked":"Ball Lightning","floor":19.0},{"not_picked":["Leap","Double Energy"],"picked":"Defragment","floor":20.0},{"not_picked":["Stack","Steam Power","Compile Driver"],"picked":"SKIP","floor":22.0},{"not_picked":["Multi-Cast","Static Discharge"],"picked":"Glacier+1","floor":24.0},{"not_picked":["Reprogram","Sweeping Beam"],"picked":"Beam Cell","floor":25.0},{"not_picked":["Rebound","Ball Lightning","Machine Learning+1"],"picked":"SKIP","floor":30.0},{"not_picked":["Thunder Strike","Amplify"],"picked":"Rainbow","floor":33.0},{"not_picked":["Turbo+1","Coolheaded+1"],"picked":"Consume+1","floor":35.0},{"not_picked":["Turbo","Auto Shields+1"],"picked":"Hello World+1","floor":36.0},{"not_picked":["Turbo","Sweeping Beam"],"picked":"Glacier+1","floor":38.0},{"not_picked":["Barrage","Redo"],"picked":"Electrodynamics+1","floor":39.0},{"not_picked":["Chill+1","Ball Lightning+1"],"picked":"Go for the Eyes","floor":40.0},{"not_picked":["Go for the Eyes","Blizzard"],"picked":"Beam Cell+1","floor":44.0},{"not_picked":["Rebound+1","Sweeping Beam+1","Conserve Battery+1"],"picked":"SKIP","floor":46.0},{"not_picked":["Consume+1","Redo+1"],"picked":"White Noise+1","floor":47.0},{"not_picked":["Echo Form+1","Compile Driver"],"picked":"Chill+1","floor":48}],"player_experience":301801,"relics_obtained":[{"floor":3.0,"key":"Darkstone Periapt"},{"floor":8.0,"key":"Bottled Flame"},{"floor":9.0,"key":"The Courier"},{"floor":24.0,"key":"Shuriken"},{"floor":26.0,"key":"Frozen Egg 2"},{"floor":40.0,"key":"Regal Pillow"},{"floor":43.0,"key":"Juzu Bracelet"},{"floor":48,"key":"StoneCalendar"}],"event_choices":[{"damage_healed":0.0,"max_hp_gain":0.0,"max_hp_loss":0.0,"gold_gain":100.0,"event_name":"Golden Shrine","player_choice":"Pray","floor":5.0,"gold_loss":0.0,"damage_taken":0.0},{"damage_healed":0.0,"max_hp_gain":0.0,"max_hp_loss":0.0,"gold_gain":0.0,"event_name":"Match and Keep!","player_choice":"1 cards matched","floor":29.0,"gold_loss":0.0,"damage_taken":0.0,"cards_obtained":["Creative AI"]},{"damage_healed":0,"gold_gain":0,"player_choice":"Fight","damage_taken":0,"max_hp_gain":0,"max_hp_loss":0,"event_name":"MindBloom","floor":48,"gold_loss":0}],"is_beta":false,"boss_relics":[{"not_picked":["Black Star","FrozenCore"],"picked":"Cursed Key"},{"not_picked":["Snecko Eye","White Beast Statue"],"picked":"Nuclear Battery"}],"items_purged_floors":[37],"is_endless":false,"potions_floor_spawned":[8,11,12,18,35,36,39,47,48],"ascension_level":0}