{"gold_per_floor":[109,127,137,87,101,101,132,132,132,143,143,154,254,269,269,368,368,379,396,22,34,50,50,84,100,124,144,144,155,167,180,180,180],"floor_reached":33,"playtime":3721,"items_purged":[],"score":346,"play_id":"af395651-fcbc-4ec8-8fb0-37145c9725fd","local_time":"20190815123159","is_ascension_mode":true,"campfire_choices":[{"data":"Cleave","floor":6,"key":"SMITH"},{"data":"Anger","floor":8,"key":"SMITH"},{"data":"Evolve","floor":11,"key":"SMITH"},{"data":"Flame Barrier","floor":15,"key":"SMITH"},{"data":"Immolate","floor":23,"key":"SMITH"},{"floor":28,"key":"REST"},{"data":"Fiend Fire","floor":32,"key":"SMITH"}],"neow_cost":"NONE","seed_source_timestamp":4105456855504,"circlet_count":0,"master_deck":["Defend_R","Defend_R","Defend_R","Defend_R","Bash","Reckless Charge","Anger+1","Cleave+1","Flame Barrier+1","Evolve+1","Shrug It Off","Immolate+1","Cleave+1","Headbutt+1","Seeing Red+1","Thunderclap","Burning Pact+1","Flash of Steel","Ghostly Armor+1","Infernal Blade+1","Wild Strike+1","Second Wind+1","Fiend Fire+1"],"relics":["Burning Blood","Ornamental Fan","Darkstone Periapt","Astrolabe","Torii","Bottled Flame","Smiling Mask"],"potions_floor_usage":[7,7,21,24,25,25,33,33],"damage_taken":[{"damage":0,"enemies":"Small Slimes","floor":1,"turns":3},{"damage":10,"enemies":"2 Louse","floor":2,"turns":2},{"damage":1,"enemies":"Cultist","floor":3,"turns":3},{"damage":0,"enemies":"Large Slime","floor":5,"turns":4},{"damage":15,"enemies":"3 Sentries","floor":7,"turns":6},{"damage":4,"enemies":"2 Fungi Beasts","floor":10,"turns":3},{"damage":1,"enemies":"Lots of Slimes","floor":12,"turns":3},{"damage":10,"enemies":"Large Slime","floor":14,"turns":4},{"damage":35,"enemies":"The Guardian","floor":16,"turns":11},{"damage":0,"enemies":"Chosen","floor":18,"turns":4},{"damage":18,"enemies":"Spheric Guardian","floor":19,"turns":4},{"damage":7,"enemies":"Snake Plant","floor":21,"turns":4},{"damage":23,"enemies":"Centurion and Healer","floor":22,"turns":6},{"damage":38,"enemies":"Book of Stabbing","floor":24,"turns":6},{"damage":10,"enemies":"Chosen and Byrds","floor":25,"turns":6},{"damage":0,"enemies":"3 Cultists","floor":27,"turns":3},{"damage":0,"enemies":"Cultist and Chosen","floor":29,"turns":4},{"damage":0,"enemies":"Snecko","floor":30,"turns":4},{"damage":17,"enemies":"Snake Plant","floor":31,"turns":3},{"damage":83,"enemies":"Champ","floor":33,"turns":11}],"seed_played":"-7073708739696361593","potions_obtained":[{"floor":1,"key":"GamblersBrew"},{"floor":2,"key":"Block Potion"},{"floor":3,"key":"EssenceOfSteel"},{"floor":14,"key":"Explosive Potion"},{"floor":18,"key":"SpeedPotion"},{"floor":24,"key":"Regen Potion"},{"floor":25,"key":"BloodPotion"},{"floor":27,"key":"LiquidBronze"}],"is_trial":false,"path_per_floor":["M","M","M","?","M","R","E","R","T","M","R","M","?","M","R","B",null,"M","M","$","M","M","R","E","M","T","M","R","M","M","M","R","B"],"character_chosen":"IRONCLAD","items_purchased":["Flash of Steel","Torii"],"campfire_rested":1,"item_purchase_floors":[20,20],"current_hp_per_floor":[80,76,80,80,80,80,71,71,71,73,73,78,78,74,74,45,71,77,65,65,64,47,47,15,26,26,32,56,62,68,57,57,0],"gold":180,"neow_bonus":"REMOVE_CARD","is_prod":false,"is_daily":false,"chose_seed":false,"campfire_upgraded":6,"win_rate":0,"timestamp":1565890319,"path_taken":["M","M","M","?","M","R","E","R","T","M","R","M","?","M","R","BOSS","M","M","$","M","M","R","E","M","T","?","R","M","M","M","R","BOSS"],"build_version":"2019-07-17","purchased_purges":0,"victory":false,"max_hp_per_floor":[80,80,80,80,80,80,80,80,80,80,80,80,80,80,80,80,80,80,80,80,80,80,80,80,80,80,80,80,80,80,80,80,80],"card_choices":[{"not_picked":["Hemokinesis","Body Slam"],"picked":"Reckless Charge","floor":1},{"not_picked":["Flex","Twin Strike"],"picked":"Anger","floor":2},{"not_picked":["Wild Strike","Disarm","Bloodletting"],"picked":"SKIP","floor":3},{"not_picked":["Twin Strike","Headbutt"],"picked":"Cleave","floor":5},{"not_picked":["Pommel Strike","Uppercut"],"picked":"Flame Barrier","floor":7},{"not_picked":["Anger","Pommel Strike"],"picked":"Evolve","floor":10},{"not_picked":["Metallicize","Intimidate","Pommel Strike"],"picked":"SKIP","floor":12},{"not_picked":["Perfected Strike","Body Slam"],"picked":"Shrug It Off","floor":14},{"not_picked":["Bludgeon","Double Tap"],"picked":"Immolate","floor":16},{"not_picked":["Hemokinesis","Clash+1"],"picked":"Thunderclap","floor":18},{"not_picked":["True Grit","Power Through"],"picked":"Burning Pact+1","floor":19},{"not_picked":["Whirlwind+1","Thunderclap"],"picked":"Ghostly Armor+1","floor":21},{"not_picked":["Headbutt+1","Rupture","Reaper"],"picked":"SKIP","floor":22},{"not_picked":["Flex","Carnage+1","Immolate"],"picked":"SKIP","floor":24},{"not_picked":["Flex","Thunderclap+1","Sword Boomerang"],"picked":"SKIP","floor":25},{"not_picked":["Bloodletting+1","Spot Weakness"],"picked":"Infernal Blade+1","floor":27},{"not_picked":["Carnage","Burning Pact+1"],"picked":"Wild Strike+1","floor":29},{"not_picked":["Sword Boomerang","Wild Strike"],"picked":"Second Wind+1","floor":30},{"not_picked":["Metallicize","Uppercut+1"],"picked":"Fiend Fire","floor":31}],"player_experience":387738,"relics_obtained":[{"floor":7,"key":"Ornamental Fan"},{"floor":9,"key":"Darkstone Periapt"},{"floor":24,"key":"Bottled Flame"},{"floor":26,"key":"Smiling Mask"}],"event_choices":[{"cards_removed":["Strike_R"],"damage_healed":0,"gold_gain":0,"player_choice":"Card Removal","damage_taken":0,"max_hp_gain":0,"max_hp_loss":0,"event_name":"The Cleric","floor":4,"gold_loss":50},{"damage_healed":0,"gold_gain":100,"player_choice":"Pray","damage_taken":0,"max_hp_gain":0,"max_hp_loss":0,"event_name":"Golden Shrine","floor":13,"gold_loss":0}],"is_beta":false,"boss_relics":[{"not_picked":["Calling Bell","Snecko Eye"],"picked":"Astrolabe"}],"items_purged_floors":[],"is_endless":false,"potions_floor_spawned":[1,2,3,14,18,24,25,27],"killed_by":"Champ","ascension_level":5}