{"gold_per_floor":[369,388,401,17,41,41,74,74,74,103,103,103,123,150,150,248,248,259,271,47,63,63,63,128,128,155,155,184,184,184,216,216,319,319,334,351,351,370,370,396,396,411,465,465,189,214,234,0,0,0],"floor_reached":51,"playtime":3065,"items_purged":["Strike_G","Strike_G"],"score":1042,"play_id":"d4dcd7a5-4fbe-43f7-961d-87cb5accb7de","local_time":"20190719171021","is_ascension_mode":true,"campfire_choices":[{"data":"Apotheosis","floor":6,"key":"SMITH"},{"floor":15,"key":"DIG"},{"floor":23,"key":"DIG"},{"floor":27,"key":"DIG"},{"floor":30,"key":"DIG"},{"floor":32,"key":"DIG"},{"floor":41,"key":"DIG"},{"floor":44,"key":"DIG"},{"floor":49,"key":"REST"}],"neow_cost":"TEN_PERCENT_HP_LOSS","seed_source_timestamp":245253775322500,"circlet_count":0,"master_deck":["Strike_G+1","Strike_G","Strike_G+1","Defend_G","Defend_G+1","Defend_G","Defend_G","Defend_G+1","Survivor","Neutralize","Dash","Leg Sweep","Well Laid Plans","Noxious Fumes","Apotheosis+1","Quick Slash","Backflip","Backflip","Predator+1","Caltrops","Adrenaline","Sucker Punch","Catalyst+1","Unload+1","Deflect","Malaise","Terror+1","Footwork+1","PiercingWail","All Out Attack+1","Bouncing Flask+1","Footwork"],"relics":["Ring of the Serpent","Vajra","Singing Bowl","Turnip","Bottled Lightning","Shovel","Calipers","Omamori","Fusion Hammer","Strawberry","Tiny Chest","Juzu Bracelet","Molten Egg 2","Tough Bandages","Happy Flower","Regal Pillow","War Paint","PreservedInsect","Smiling Mask","Whetstone","Blue Candle","Anchor","Pen Nib","Bag of Preparation"],"potions_floor_usage":[16,33,39,42],"damage_taken":[{"damage":0,"enemies":"Cultist","floor":1,"turns":5},{"damage":0,"enemies":"Small Slimes","floor":2,"turns":3},{"damage":3,"enemies":"2 Louse","floor":3,"turns":3},{"damage":6,"enemies":"Gremlin Nob","floor":7,"turns":4},{"damage":2,"enemies":"3 Sentries","floor":10,"turns":8},{"damage":0,"enemies":"Blue Slaver","floor":13,"turns":4},{"damage":2,"enemies":"Gremlin Nob","floor":14,"turns":4},{"damage":7,"enemies":"Hexaghost","floor":16,"turns":11},{"damage":1,"enemies":"2 Thieves","floor":18,"turns":4},{"damage":0,"enemies":"Spheric Guardian","floor":19,"turns":4},{"damage":6,"enemies":"Cultist and Chosen","floor":21,"turns":5},{"damage":3,"enemies":"Gremlin Leader","floor":24,"turns":7},{"damage":5,"enemies":"Book of Stabbing","floor":28,"turns":5},{"damage":0,"enemies":"Gremlin Leader","floor":31,"turns":5},{"damage":0,"enemies":"Automaton","floor":33,"turns":10},{"damage":0,"enemies":"3 Shapes","floor":35,"turns":5},{"damage":5,"enemies":"3 Darklings","floor":36,"turns":6},{"damage":0,"enemies":"Maw","floor":38,"turns":7},{"damage":0,"enemies":"Jaw Worm Horde","floor":39,"turns":1},{"damage":13,"enemies":"Reptomancer","floor":40,"turns":8},{"damage":5,"enemies":"Writhing Mass","floor":42,"turns":7},{"damage":11,"enemies":"Giant Head","floor":46,"turns":8},{"damage":0,"enemies":"Sphere and 2 Shapes","floor":47,"turns":4},{"damage":9,"enemies":"Donu and Deca","floor":50,"turns":11}],"seed_played":"-8705838946520398561","potions_obtained":[{"floor":3,"key":"Explosive Potion"},{"floor":7,"key":"Regen Potion"},{"floor":16,"key":"Fire Potion"},{"floor":19,"key":"Explosive Potion"},{"floor":21,"key":"SmokeBomb"},{"floor":28,"key":"PowerPotion"},{"floor":33,"key":"Fruit Juice"},{"floor":35,"key":"Ancient Potion"},{"floor":38,"key":"GhostInAJar"},{"floor":47,"key":"EssenceOfSteel"}],"is_trial":false,"path_per_floor":["M","M","M","$","T","R","E","$","T","E","?","?","M","E","R","B",null,"M","M","$","M","?","R","E","?","T","R","E","?","R","E","R","B",null,"M","M","?","M","M","E","R","M","T","R","$","E","M","$","R","B",null],"character_chosen":"THE_SILENT","items_purchased":["Noxious Fumes","Apotheosis","Quick Slash","Caltrops","Adrenaline","Anchor","PiercingWail","All Out Attack+1","Footwork","Bag of Preparation"],"campfire_rested":1,"item_purchase_floors":[4,4,4,20,20,45,45,45,48,48],"current_hp_per_floor":[63,63,60,60,60,60,54,54,54,54,59,41,41,41,41,49,72,71,73,73,67,67,74,73,73,73,73,68,68,68,68,68,73,88,88,85,85,87,87,76,76,71,71,71,71,62,62,62,96,87],"gold":0,"neow_bonus":"TWO_FIFTY_GOLD","is_prod":false,"is_daily":false,"chose_seed":false,"campfire_upgraded":1,"win_rate":0,"timestamp":1563570621,"path_taken":["M","M","M","$","?","R","E","$","T","E","?","?","M","E","R","BOSS","M","M","$","M","?","R","E","?","T","R","E","?","R","E","R","BOSS","M","M","?","M","M","E","R","M","T","R","$","E","M","$","R","BOSS"],"build_version":"2019-07-17","purchased_purges":2,"victory":true,"max_hp_per_floor":[63,63,63,63,63,63,63,63,63,65,70,70,70,72,72,72,72,72,74,74,74,74,81,83,83,83,83,83,83,83,83,83,88,88,88,90,90,92,92,94,94,94,94,94,94,96,96,96,96,96],"card_choices":[{"not_picked":["Poisoned Stab","Predator"],"picked":"Dash","floor":1},{"not_picked":["Predator","Acrobatics"],"picked":"Leg Sweep","floor":2},{"not_picked":["Masterful Stab","Dodge and Roll"],"picked":"Well Laid Plans","floor":3},{"not_picked":["Blur","Grand Finale"],"picked":"Backflip","floor":7},{"not_picked":["Distraction","Night Terror","Accuracy"],"picked":"SKIP","floor":10},{"not_picked":["Distraction","Night Terror","Accuracy"],"picked":"Singing Bowl","floor":10},{"not_picked":["Predator","Expertise"],"picked":"Backflip","floor":13},{"not_picked":["Flying Knee","Phantasmal Killer","Underhanded Strike"],"picked":"Singing Bowl","floor":14},{"not_picked":["Grand Finale","Doppelganger"],"picked":"Die Die Die","floor":16},{"not_picked":["Noxious Fumes","Dagger Throw"],"picked":"Predator+1","floor":18},{"not_picked":["Calculated Gamble","Outmaneuver","Acrobatics"],"picked":"Singing Bowl","floor":19},{"not_picked":["Dodge and Roll","Caltrops"],"picked":"Sucker Punch","floor":21},{"not_picked":["Flechettes","Slice","Dagger Throw"],"picked":"Singing Bowl","floor":24},{"not_picked":["Caltrops","Choke+1"],"picked":"Catalyst+1","floor":28},{"not_picked":["Well Laid Plans","Finisher+1"],"picked":"Deflect","floor":31},{"not_picked":["Night Terror","Wraith Form v2"],"picked":"Malaise","floor":33},{"not_picked":["Bane+1","Accuracy"],"picked":"Terror+1","floor":35},{"not_picked":["Backflip+1","Acrobatics+1","Outmaneuver+1"],"picked":"Singing Bowl","floor":36},{"not_picked":["Acrobatics","Prepared","Caltrops"],"picked":"Singing Bowl","floor":38},{"not_picked":["Riddle With Holes+1","Terror","Masterful Stab+1"],"picked":"Singing Bowl","floor":40},{"not_picked":["Calculated Gamble","Doppelganger"],"picked":"Footwork+1","floor":42},{"not_picked":["Cloak And Dagger","Reflex","Quick Slash+1"],"picked":"Singing Bowl","floor":46},{"not_picked":["Setup","Prepared"],"picked":"Bouncing Flask+1","floor":47}],"player_experience":424979,"relics_obtained":[{"floor":5,"key":"Vajra"},{"floor":7,"key":"Singing Bowl"},{"floor":9,"key":"Turnip"},{"floor":10,"key":"Bottled Lightning"},{"floor":14,"key":"Calipers"},{"floor":15,"key":"Omamori"},{"floor":23,"key":"Strawberry"},{"floor":24,"key":"Tiny Chest"},{"floor":26,"key":"Juzu Bracelet"},{"floor":27,"key":"Molten Egg 2"},{"floor":28,"key":"Tough Bandages"},{"floor":30,"key":"Happy Flower"},{"floor":31,"key":"Regal Pillow"},{"floor":32,"key":"War Paint"},{"floor":40,"key":"PreservedInsect"},{"floor":41,"key":"Smiling Mask"},{"floor":43,"key":"Whetstone"},{"floor":44,"key":"Blue Candle"},{"floor":46,"key":"Pen Nib"}],"event_choices":[{"damage_healed":0,"gold_gain":0,"player_choice":"Donut","damage_taken":0,"max_hp_gain":5,"max_hp_loss":0,"event_name":"Big Fish","floor":11,"gold_loss":0},{"damage_healed":0,"gold_gain":0,"player_choice":"Success","damage_taken":18,"relics_obtained":["Shovel"],"max_hp_gain":0,"max_hp_loss":0,"event_name":"Scrap Ooze","floor":12,"gold_loss":0},{"damage_healed":0,"gold_gain":0,"player_choice":"Ignored","damage_taken":0,"max_hp_gain":0,"max_hp_loss":0,"event_name":"Vampires","floor":22,"gold_loss":0},{"damage_healed":0,"gold_gain":0,"player_choice":"Cursed","damage_taken":0,"max_hp_gain":0,"max_hp_loss":0,"event_name":"Wheel of Change","floor":25,"gold_loss":0,"cards_obtained":["Decay"]},{"damage_healed":0,"gold_gain":0,"player_choice":"Read","damage_taken":0,"max_hp_gain":0,"max_hp_loss":0,"event_name":"The Library","floor":29,"gold_loss":0,"cards_obtained":["Unload"]},{"cards_removed":["Die Die Die"],"damage_healed":0,"gold_gain":0,"player_choice":"Removed Attack","damage_taken":0,"max_hp_gain":0,"max_hp_loss":0,"event_name":"Falling","floor":37,"gold_loss":0}],"is_beta":false,"boss_relics":[{"not_picked":["Philosopher\u0027s Stone","Orrery"],"picked":"Fusion Hammer"},{"not_picked":["Busted Crown","Calling Bell"],"picked":"Ring of the Serpent"}],"items_purged_floors":[4,45],"is_endless":false,"potions_floor_spawned":[3,7,16,19,21,28,33,35,38,47],"ascension_level":4}