{"gold_per_floor":[115,130,4,18,18,18,346,357,357,307,336,336,316,334,334,429,429,440,452,102,102,121,121,149,149,149,181,193],"floor_reached":28,"playtime":1163,"items_purged":["Strike_R","Strike_R"],"score":397,"play_id":"f12798ad-309e-4558-b702-4a412cc8a31c","local_time":"20190729233257","is_ascension_mode":true,"campfire_choices":[{"data":"Twin Strike","floor":6,"key":"SMITH"},{"data":"True Grit","floor":12,"key":"SMITH"},{"data":"Anger","floor":15,"key":"SMITH"},{"data":"Armaments","floor":23,"key":"SMITH"},{"floor":25,"key":"REST"}],"neow_cost":"NONE","seed_source_timestamp":722811069760100,"circlet_count":0,"master_deck":["Defend_R","Defend_R","Defend_R","Defend_R","Bash+1","Ghostly Armor","Twin Strike+1","Offering","Anger+1","True Grit+1","Rage","Clothesline","Immolate","Pommel Strike+1","Battle Trance","Armaments+1","True Grit+1"],"relics":["Burning Blood","Old Coin","Meat on the Bone","Shuriken","Empty Cage","Medical Kit","Singing Bowl","Molten Egg 2","MawBank"],"potions_floor_usage":[11,16,18,27,27],"damage_taken":[{"damage":0,"enemies":"Small Slimes","floor":1,"turns":3},{"damage":1,"enemies":"Cultist","floor":2,"turns":4},{"damage":7,"enemies":"2 Louse","floor":4,"turns":3},{"damage":26,"enemies":"3 Sentries","floor":7,"turns":11},{"damage":11,"enemies":"Large Slime","floor":8,"turns":5},{"damage":22,"enemies":"Gremlin Nob","floor":11,"turns":3},{"damage":8,"enemies":"Exordium Thugs","floor":14,"turns":3},{"damage":14,"enemies":"Hexaghost","floor":16,"turns":9},{"damage":8,"enemies":"Shell Parasite","floor":18,"turns":4},{"damage":6,"enemies":"Spheric Guardian","floor":19,"turns":3},{"damage":15,"enemies":"Shelled Parasite and Fungi","floor":22,"turns":9},{"damage":50,"enemies":"Gremlin Leader","floor":24,"turns":8},{"damage":7,"enemies":"Slavers","floor":27,"turns":3},{"damage":26,"enemies":"Colosseum Slavers","floor":28,"turns":3},{"damage":64,"enemies":"Colosseum Nobs","floor":28,"turns":4}],"seed_played":"2026278582419244362","potions_obtained":[{"floor":8,"key":"Ancient Potion"},{"floor":11,"key":"Block Potion"},{"floor":13,"key":"Explosive Potion"},{"floor":18,"key":"Fruit Juice"},{"floor":24,"key":"AttackPotion"}],"is_trial":false,"path_per_floor":["M","M","$","M","?","R","E","M","T","?","E","R","?","M","R","B",null,"M","M","$","?","M","R","E","R","T","E","?"],"character_chosen":"IRONCLAD","items_purchased":["Fire Potion","Medical Kit","Armaments"],"campfire_rested":1,"item_purchase_floors":[3,20,20],"current_hp_per_floor":[86,88,88,87,87,87,67,62,62,62,58,58,58,56,56,60,81,84,84,84,66,57,57,27,57,57,68,0],"gold":193,"neow_bonus":"TEN_PERCENT_HP_BONUS","is_prod":false,"is_daily":false,"chose_seed":false,"campfire_upgraded":4,"win_rate":0,"timestamp":1564457577,"path_taken":["M","M","$","M","?","R","E","?","T","?","E","R","?","?","R","BOSS","M","M","$","?","M","R","E","R","T","E","?"],"build_version":"2019-07-17","purchased_purges":2,"victory":false,"max_hp_per_floor":[88,88,88,88,88,88,88,88,88,88,88,88,88,88,88,88,88,93,93,93,98,98,98,100,100,100,100,100],"card_choices":[{"not_picked":["Perfected Strike","Bloodletting"],"picked":"Ghostly Armor","floor":1},{"not_picked":["Thunderclap","Flex"],"picked":"Twin Strike","floor":2},{"not_picked":["Flex","Inflame"],"picked":"Offering","floor":4},{"not_picked":["Warcry","Entrench"],"picked":"Anger","floor":7},{"not_picked":["Pommel Strike","Dropkick"],"picked":"True Grit","floor":8},{"not_picked":["Headbutt","Exhume"],"picked":"Rage","floor":11},{"not_picked":["Rampage","Sentinel"],"picked":"Clothesline","floor":14},{"not_picked":["Exhume","Impervious"],"picked":"Immolate","floor":16},{"not_picked":["Rampage","Body Slam"],"picked":"Pommel Strike+1","floor":18},{"not_picked":["Shrug It Off","Armaments"],"picked":"Battle Trance","floor":19},{"not_picked":["Pommel Strike+1","Perfected Strike","Seeing Red"],"picked":"SKIP","floor":22},{"not_picked":["Thunderclap","Dropkick","Cleave"],"picked":"Singing Bowl","floor":24},{"not_picked":["Immolate+1","Burning Pact+1"],"picked":"True Grit+1","floor":27}],"player_experience":590688,"relics_obtained":[{"floor":7,"key":"Old Coin"},{"floor":9,"key":"Meat on the Bone"},{"floor":11,"key":"Shuriken"},{"floor":24,"key":"Singing Bowl"},{"floor":26,"key":"Molten Egg 2"},{"floor":27,"key":"MawBank"}],"event_choices":[{"damage_healed":0,"gold_gain":0,"player_choice":"Upgraded","damage_taken":0,"max_hp_gain":0,"max_hp_loss":0,"event_name":"Upgrade Shrine","floor":5,"gold_loss":0,"cards_upgraded":["Bash"]},{"cards_removed":["Strike_R"],"damage_healed":0,"gold_gain":0,"player_choice":"Card Removal","damage_taken":0,"max_hp_gain":0,"max_hp_loss":0,"event_name":"The Cleric","floor":10,"gold_loss":50},{"damage_healed":0,"gold_gain":0,"player_choice":"Bought 1 Potion","damage_taken":0,"max_hp_gain":0,"max_hp_loss":0,"event_name":"The Woman in Blue","floor":13,"gold_loss":0},{"damage_healed":0,"gold_gain":0,"player_choice":"Shed Blood","damage_taken":23,"max_hp_gain":5,"max_hp_loss":0,"event_name":"Forgotten Altar","floor":21,"gold_loss":0},{"damage_healed":0,"gold_gain":0,"player_choice":"Fight","damage_taken":0,"max_hp_gain":0,"max_hp_loss":0,"event_name":"Colosseum","floor":28,"gold_loss":0},{"damage_healed":0,"gold_gain":0,"player_choice":"Fought Nobs","damage_taken":0,"max_hp_gain":0,"max_hp_loss":0,"event_name":"Colosseum","floor":28,"gold_loss":0}],"is_beta":false,"boss_relics":[{"not_picked":["Calling Bell","Runic Cube"],"picked":"Empty Cage"}],"items_purged_floors":[3,20],"is_endless":false,"potions_floor_spawned":[8,11,14,18,24],"killed_by":"Colosseum Nobs","ascension_level":8}