{"gold_per_floor":[117,129,142,162,47,78,97,97,122,122,122],"floor_reached":11,"playtime":1083,"items_purged":["Strike_G"],"score":90,"play_id":"fbd4d71d-17be-4a39-8bec-767e688d32d9","local_time":"20181130155642","is_ascension_mode":true,"campfire_choices":[{"data":"Well Laid Plans","floor":10,"key":"SMITH"}],"neow_cost":"NONE","seed_source_timestamp":168737888735067,"circlet_count":0,"master_deck":["Defend_G","Defend_G","Defend_G","Defend_G","Defend_G","Strike_G","Strike_G","Strike_G","Strike_G","Survivor","Neutralize","PiercingWail","Noxious Fumes","Cloak And Dagger","Backflip","Well Laid Plans+1","Cloak And Dagger"],"relics":["Ring of the Snake","Boot","Potion Belt"],"potions_floor_usage":[1,4,6,6,11],"damage_taken":[{"damage":6,"enemies":"Cultist","floor":1,"turns":5},{"damage":0,"enemies":"2 Louse","floor":2,"turns":5},{"damage":4,"enemies":"Small Slimes","floor":3,"turns":5},{"damage":1,"enemies":"Blue Slaver","floor":4,"turns":6},{"damage":2,"enemies":"3 Sentries","floor":6,"turns":9},{"damage":5,"enemies":"2 Fungi Beasts","floor":7,"turns":5},{"damage":57,"enemies":"Gremlin Nob","floor":11,"turns":6}],"seed_played":"-460386458946301339","potions_obtained":[{"floor":0,"key":"Block Potion"},{"floor":0,"key":"PowerPotion"},{"floor":0,"key":"SpeedPotion"},{"floor":1,"key":"FearPotion"},{"floor":4,"key":"AttackPotion"},{"floor":6,"key":"Weak Potion"},{"floor":8,"key":"Dexterity Potion"},{"floor":8,"key":"EntropicBrew"}],"is_trial":false,"path_per_floor":["M","M","M","M","$","E","M","?","T","R","E"],"character_chosen":"THE_SILENT","items_purchased":["Well Laid Plans"],"campfire_rested":0,"item_purchase_floors":[5],"current_hp_per_floor":[64,64,60,59,59,57,52,52,52,52,0],"gold":122,"neow_bonus":"THREE_SMALL_POTIONS","is_prod":false,"is_daily":false,"chose_seed":false,"campfire_upgraded":1,"win_rate":0,"timestamp":1543593402,"path_taken":["M","M","?","M","$","E","M","?","T","R","E"],"build_version":"2018-11-15","purchased_purges":1,"victory":false,"max_hp_per_floor":[70,70,70,70,70,70,70,70,70,70,70],"card_choices":[{"not_picked":["Heel Hook","Acrobatics"],"picked":"PiercingWail","floor":1},{"not_picked":["Quick Slash","Expertise"],"picked":"Noxious Fumes","floor":2},{"not_picked":["Outmaneuver","Prepared"],"picked":"Cloak And Dagger","floor":3},{"not_picked":["Flechettes","Choke"],"picked":"Backflip","floor":4},{"not_picked":["Corpse Explosion","Underhanded Strike","Phantasmal Killer"],"picked":"SKIP","floor":6},{"not_picked":["Dagger Throw","Quick Slash"],"picked":"Cloak And Dagger","floor":7}],"player_experience":235981,"relics_obtained":[{"floor":6,"key":"Boot"},{"floor":9,"key":"Potion Belt"}],"event_choices":[{"damage_healed":0,"gold_gain":0,"player_choice":"Got Potions","damage_taken":0,"max_hp_gain":0,"max_hp_loss":0,"event_name":"Lab","floor":8,"gold_loss":0}],"is_beta":false,"boss_relics":[],"items_purged_floors":[5],"is_endless":false,"potions_floor_spawned":[1,4,6],"killed_by":"Gremlin Nob","ascension_level":4}