{"gold_per_floor":[114,74,88,104,172,199,199,212,236,255,265,265,282,300,300,402,402,416,436,241,241],"floor_reached":21,"playtime":1804,"items_purged":["Strike_G"],"score":213,"play_id":"3c6a24c7-bcf4-44c2-8b7c-1935587e9d8e","local_time":"20181130021618","is_ascension_mode":true,"campfire_choices":[{"data":"Noxious Fumes","floor":7.0,"key":"SMITH"},{"floor":15.0,"key":"REST"}],"neow_cost":"NONE","seed_source_timestamp":118722120504080,"circlet_count":0,"master_deck":["Defend_G","Defend_G","Defend_G","Defend_G","Defend_G","Strike_G","Survivor","Neutralize","Flying Knee","Noxious Fumes","Noxious Fumes+1","All Out Attack","Escape Plan","PiercingWail","Endless Agony","Noxious Fumes","Bane","Envenom","Escape Plan+1","Deadly Poison","Well Laid Plans","Backflip"],"special_seed":0,"relics":["Ring of the Snake","Regal Pillow","Oddly Smooth Stone","Empty Cage"],"potions_floor_usage":[16,16,21],"damage_taken":[{"damage":0.0,"enemies":"Cultist","floor":1.0,"turns":4.0},{"damage":1.0,"enemies":"Jaw Worm","floor":3.0,"turns":6.0},{"damage":0.0,"enemies":"Small Slimes","floor":4.0,"turns":5.0},{"damage":20.0,"enemies":"Gremlin Nob","floor":6.0,"turns":4.0},{"damage":0.0,"enemies":"2 Fungi Beasts","floor":8.0,"turns":2.0},{"damage":0.0,"enemies":"3 Louse","floor":10.0,"turns":2.0},{"damage":5.0,"enemies":"Blue Slaver","floor":11.0,"turns":4.0},{"damage":8.0,"enemies":"Exordium Thugs","floor":13.0,"turns":5.0},{"damage":4.0,"enemies":"Red Slaver","floor":14.0,"turns":4.0},{"damage":23,"enemies":"Slime Boss","floor":16,"turns":7},{"damage":23,"enemies":"Spheric Guardian","floor":18,"turns":5},{"damage":26,"enemies":"3 Byrds","floor":19,"turns":4},{"damage":23,"enemies":"Sentry and Sphere","floor":21,"turns":5}],"seed_played":"8954779917526994485","potions_obtained":[{"floor":4.0,"key":"SteroidPotion"},{"floor":8.0,"key":"GamblersBrew"},{"floor":11.0,"key":"Strength Potion"},{"floor":19,"key":"AttackPotion"}],"is_trial":false,"path_per_floor":["M","$","M","M","?","E","R","M","T","M","M","?","M","M","R","B",null,"M","M","$","M"],"character_chosen":"THE_SILENT","items_purchased":["Noxious Fumes","Well Laid Plans","Backflip"],"campfire_rested":1,"item_purchase_floors":[2,20,20],"current_hp_per_floor":[70,70,69,69,69,49,49,49,49,49,44,44,36,32,68,45,70,47,21,21,0],"gold":241,"neow_bonus":"REMOVE_CARD","is_prod":false,"is_daily":false,"chose_seed":false,"campfire_upgraded":1,"win_rate":0,"timestamp":1543544178,"path_taken":["M","$","M","M","?","E","R","M","T","M","M","?","M","M","R","BOSS","M","M","$","M"],"build_version":"2018-11-15","purchased_purges":1,"victory":false,"max_hp_per_floor":[70,70,70,70,70,70,70,70,70,70,70,70,70,70,70,70,70,70,70,70,70],"card_choices":[{"not_picked":["Dagger Throw","Quick Slash"],"picked":"Flying Knee","floor":1.0},{"not_picked":["Skewer","Infinite Blades"],"picked":"Noxious Fumes","floor":3.0},{"not_picked":["Dodge and Roll","Acrobatics"],"picked":"All Out Attack","floor":4.0},{"not_picked":["Accuracy","Dagger Throw"],"picked":"Escape Plan","floor":6.0},{"not_picked":["Outmaneuver","Slice"],"picked":"PiercingWail","floor":8.0},{"not_picked":["Masterful Stab","Dagger Throw"],"picked":"Endless Agony","floor":10.0},{"not_picked":["Flechettes","Eviscerate","Blade Dance"],"picked":"SKIP","floor":11.0},{"not_picked":["Blade Dance","Dodge and Roll"],"picked":"Noxious Fumes","floor":13.0},{"not_picked":["Backstab","Underhanded Strike"],"picked":"Bane","floor":14.0},{"not_picked":["Night Terror","Corpse Explosion"],"picked":"Envenom","floor":16},{"not_picked":["Crippling Poison","Blur"],"picked":"Escape Plan+1","floor":18},{"not_picked":["Endless Agony","Skewer"],"picked":"Deadly Poison","floor":19}],"player_experience":225577,"relics_obtained":[{"floor":6.0,"key":"Regal Pillow"},{"floor":9.0,"key":"Oddly Smooth Stone"}],"event_choices":[{"damage_healed":0.0,"max_hp_gain":0.0,"max_hp_loss":0.0,"gold_gain":68.0,"event_name":"Golden Wing","player_choice":"Gained Gold","floor":5.0,"gold_loss":0.0,"damage_taken":0.0},{"damage_healed":0.0,"max_hp_gain":0.0,"max_hp_loss":0.0,"gold_gain":0.0,"event_name":"Liars Game","player_choice":"Ignored","floor":12.0,"gold_loss":0.0,"damage_taken":0.0}],"is_beta":false,"boss_relics":[{"not_picked":["Astrolabe","Black Star"],"picked":"Empty Cage"}],"items_purged_floors":[20],"is_endless":false,"potions_floor_spawned":[4,8,11,19],"killed_by":"Sentry and Sphere","ascension_level":3}