{"gold_per_floor":[118,132,132,93,112,112,127,127,127,161,175,208,218,229,229,325,325,337,228,228,228,228,258,13,26,26,26,26,0,0,28,28,124,124,140,140,16,16,16,16,48,48,48,48,66,35,35,88,88,88],"floor_reached":51,"playtime":2752,"items_purged":["Strike_B"],"score":725,"play_id":"388ffd14-7e9a-4b29-b49f-0a5ce84a1255","local_time":"20190813184357","is_ascension_mode":true,"campfire_choices":[{"data":"Defragment","floor":6,"key":"SMITH"},{"data":"Zap","floor":15,"key":"SMITH"},{"floor":27,"key":"REST"},{"floor":30,"key":"REST"},{"floor":32,"key":"REST"},{"data":"Defragment","floor":40,"key":"SMITH"},{"floor":42,"key":"REST"},{"floor":44,"key":"REST"},{"floor":49,"key":"REST"}],"neow_cost":"NONE","seed_source_timestamp":197584898799993,"circlet_count":0,"master_deck":["Defend_B","Defend_B","Defend_B","Defend_B","Zap+1","Dualcast","Redo+1","Defragment+1","Hello World","Go for the Eyes","Cold Snap","FTL","Machine Learning","Go for the Eyes+1","Heatsinks","Redo","Steam Power","Writhe","Gash+1","Ball Lightning","Gash","Barrage+1","Creative AI","Storm+1","Defragment","Defragment+1","Master of Strategy","Stack+1","Static Discharge","Loop+1"],"relics":["Cracked Core","Ginger","Gambling Chip","Dodecahedron","Sozu","FossilizedHelix","Question Card","Mummified Hand","Juzu Bracelet","The Courier","Philosopher\u0027s Stone","Orichalcum","StoneCalendar","Ice Cream"],"potions_floor_usage":[1,10,11,12,12,16,23],"damage_taken":[{"damage":0,"enemies":"2 Louse","floor":1,"turns":2},{"damage":1,"enemies":"Cultist","floor":2,"turns":3},{"damage":1,"enemies":"Jaw Worm","floor":5,"turns":2},{"damage":3,"enemies":"Red Slaver","floor":7,"turns":2},{"damage":29,"enemies":"3 Sentries","floor":10,"turns":6},{"damage":8,"enemies":"Large Slime","floor":11,"turns":6},{"damage":1,"enemies":"Gremlin Nob","floor":12,"turns":3},{"damage":7,"enemies":"2 Fungi Beasts","floor":13,"turns":3},{"damage":9,"enemies":"Blue Slaver","floor":14,"turns":3},{"damage":4,"enemies":"The Guardian","floor":16,"turns":10},{"damage":10,"enemies":"Shell Parasite","floor":18,"turns":4},{"damage":9,"enemies":"Book of Stabbing","floor":23,"turns":5},{"damage":10,"enemies":"2 Thieves","floor":25,"turns":5},{"damage":39,"enemies":"Slavers","floor":31,"turns":4},{"damage":46,"enemies":"Champ","floor":33,"turns":8},{"damage":13,"enemies":"3 Darklings","floor":35,"turns":5},{"damage":51,"enemies":"Nemesis","floor":41,"turns":5},{"damage":0,"enemies":"3 Shapes","floor":45,"turns":3},{"damage":18,"enemies":"2 Orb Walkers","floor":48,"turns":4},{"damage":56,"enemies":"Donu and Deca","floor":50,"turns":7}],"seed_played":"-1411501312641179218","potions_obtained":[{"floor":0,"key":"Regen Potion"},{"floor":0,"key":"Explosive Potion"},{"floor":0,"key":"FearPotion"},{"floor":1,"key":"Regen Potion"},{"floor":11,"key":"Strength Potion"},{"floor":13,"key":"Poison Potion"},{"floor":14,"key":"Block Potion"}],"is_trial":false,"path_per_floor":["M","M","?","$","M","R","M","?","T","E","M","E","M","M","R","B",null,"M","$","?","?","?","E","$","M","T","R","$","$","R","E","R","B",null,"M","?","$","?","?","R","E","R","T","R","M","$","?","?","R","B",null],"character_chosen":"DEFECT","items_purchased":["Defragment","Heatsinks","Mummified Hand","Gash","Defragment","Defragment","Static Discharge"],"campfire_rested":6,"item_purchase_floors":[4,19,24,29,37,37,46],"current_hp_per_floor":[75,74,74,74,73,73,70,70,70,50,57,56,49,40,40,36,75,65,65,65,65,51,42,42,32,32,56,56,56,80,41,65,19,80,67,67,67,67,67,67,16,40,40,64,64,64,64,46,68,12],"gold":88,"neow_bonus":"THREE_SMALL_POTIONS","is_prod":false,"is_daily":false,"chose_seed":false,"campfire_upgraded":3,"win_rate":0,"timestamp":1565718237,"path_taken":["M","M","?","$","?","R","M","?","T","E","M","E","M","M","R","BOSS","M","$","?","?","?","E","?","?","T","R","?","$","R","E","R","BOSS","M","?","$","?","?","R","E","R","T","R","M","$","?","?","R","BOSS"],"build_version":"2019-07-17","purchased_purges":1,"victory":true,"max_hp_per_floor":[75,75,75,75,75,75,75,75,75,75,75,75,75,75,75,75,75,75,75,75,75,80,80,80,80,80,80,80,80,80,80,80,80,80,80,80,80,80,80,80,80,80,80,80,80,80,76,76,76,76],"card_choices":[{"not_picked":["Stack","Streamline"],"picked":"Sweeping Beam","floor":1},{"not_picked":["Conserve Battery","Beam Cell"],"picked":"Redo","floor":2},{"not_picked":["Aggregate","Compile Driver"],"picked":"Hello World","floor":5},{"not_picked":["Rip and Tear","Force Field","Fusion"],"picked":"SKIP","floor":7},{"not_picked":["Echo Form","Undo","Melter"],"picked":"SKIP","floor":10},{"not_picked":["Stack","Streamline","Reinforced Body"],"picked":"SKIP","floor":11},{"not_picked":["Blizzard","Reinforced Body"],"picked":"Go for the Eyes","floor":12},{"not_picked":["Barrage","Recycle"],"picked":"Cold Snap","floor":13},{"not_picked":["Steam","Hologram"],"picked":"FTL","floor":14},{"not_picked":["Meteor Strike","Hyperbeam"],"picked":"Machine Learning","floor":16},{"not_picked":["Leap+1","Recycle"],"picked":"Go for the Eyes+1","floor":18},{"not_picked":["Turbo","Leap"],"picked":"Gash+1","floor":23},{"not_picked":["Undo+1","Reinforced Body+1","Leap"],"picked":"Ball Lightning","floor":25},{"not_picked":["Steam Power","Cold Snap","Sunder+1"],"picked":"Barrage+1","floor":31},{"not_picked":["Echo Form","Rainbow","Buffer"],"picked":"Creative AI","floor":33},{"not_picked":["Sweeping Beam","Cold Snap+1","Go for the Eyes+1"],"picked":"Storm+1","floor":35},{"not_picked":["Purity","Violence","Flash of Steel"],"picked":"Master of Strategy","floor":39},{"not_picked":["Darkness","Genetic Algorithm","Steam+1"],"picked":"Stack+1","floor":41},{"not_picked":["Ball Lightning","Sunder+1","Consume+1","Self Repair"],"picked":"SKIP","floor":45},{"not_picked":["Beam Cell+1","Leap","Heatsinks"],"picked":"Loop+1","floor":48}],"player_experience":310305,"relics_obtained":[{"floor":9,"key":"Ginger"},{"floor":10,"key":"Gambling Chip"},{"floor":12,"key":"Dodecahedron"},{"floor":23,"key":"Question Card"},{"floor":26,"key":"Juzu Bracelet"},{"floor":31,"key":"The Courier"},{"floor":41,"key":"Orichalcum"},{"floor":43,"key":"StoneCalendar"},{"floor":48,"key":"Ice Cream"}],"event_choices":[{"damage_healed":0,"gold_gain":0,"player_choice":"Forge","damage_taken":0,"max_hp_gain":0,"max_hp_loss":0,"event_name":"Accursed Blacksmith","floor":3,"gold_loss":0,"cards_upgraded":["Redo"]},{"cards_removed":["Strike_B"],"damage_healed":0,"gold_gain":0,"player_choice":"Offered Basic","damage_taken":0,"max_hp_gain":0,"max_hp_loss":0,"event_name":"Bonfire Elementals","floor":8,"gold_loss":0},{"damage_healed":0,"gold_gain":0,"cards_transformed":["Strike_B","Strike_B"],"player_choice":"Became Test Subject","damage_taken":0,"max_hp_gain":0,"max_hp_loss":0,"event_name":"Drug Dealer","floor":20,"gold_loss":0,"cards_obtained":["Redo","Steam Power"]},{"damage_healed":0,"gold_gain":0,"player_choice":"Opened","damage_taken":0,"relics_obtained":["FossilizedHelix"],"max_hp_gain":0,"max_hp_loss":0,"event_name":"The Mausoleum","floor":21,"gold_loss":0,"cards_obtained":["Writhe"]},{"damage_healed":0,"gold_gain":0,"player_choice":"Shed Blood","damage_taken":19,"max_hp_gain":5,"max_hp_loss":0,"event_name":"Forgotten Altar","floor":22,"gold_loss":0},{"damage_healed":0,"gold_gain":0,"player_choice":"Ignored","damage_taken":0,"max_hp_gain":0,"max_hp_loss":0,"event_name":"Tomb of Lord Red Mask","floor":36,"gold_loss":0},{"cards_removed":["Sweeping Beam"],"damage_healed":0,"gold_gain":0,"player_choice":"Removed Attack","damage_taken":0,"max_hp_gain":0,"max_hp_loss":0,"event_name":"Falling","floor":38,"gold_loss":0},{"damage_healed":0,"gold_gain":0,"player_choice":"Memory 1","damage_taken":0,"max_hp_gain":0,"max_hp_loss":0,"event_name":"SensoryStone","floor":39,"gold_loss":0},{"damage_healed":0,"gold_gain":0,"player_choice":"Max HP","damage_taken":0,"max_hp_gain":0,"max_hp_loss":4,"event_name":"Winding Halls","floor":47,"gold_loss":0},{"damage_healed":0,"gold_gain":0,"player_choice":"Fight","damage_taken":0,"max_hp_gain":0,"max_hp_loss":0,"event_name":"Mysterious Sphere","floor":48,"gold_loss":0}],"is_beta":false,"boss_relics":[{"not_picked":["Coffee Dripper","Velvet Choker"],"picked":"Sozu"},{"not_picked":["Fusion Hammer","Astrolabe"],"picked":"Philosopher\u0027s Stone"}],"items_purged_floors":[19],"is_endless":false,"potions_floor_spawned":[1,7,11,13,14,25,31,41],"ascension_level":1}