{"gold_per_floor":[116,131,149,162,179,179,210,210,236,236,236,264,264,168,168,267,267,285,304,317,232,249,249,263,263,288,288,298,298,314,334,334,429,429,439,457,468,468,482,482,482,482,506,506,517,529,543,558,558,558],"floor_reached":51,"playtime":5969,"items_purged":[],"score":617,"play_id":"059e1a71-d898-4ebe-aa9a-55049d60a6e0","local_time":"20180629094105","is_ascension_mode":false,"campfire_choices":[{"data":"Terror","floor":6.0,"key":"SMITH"},{"data":"Well Laid Plans","floor":8.0,"key":"SMITH"},{"data":"Sucker Punch","floor":10.0,"key":"SMITH"},{"floor":15.0,"key":"REST"},{"floor":23,"key":"REST"},{"data":"Footwork","floor":25,"key":"SMITH"},{"data":"Outmaneuver","floor":27,"key":"SMITH"},{"floor":29,"key":"REST"},{"data":"Footwork","floor":32,"key":"SMITH"},{"data":"Malaise","floor":40,"key":"SMITH"},{"data":"Backflip","floor":42,"key":"SMITH"},{"data":"Predator","floor":44,"key":"SMITH"},{"floor":49,"key":"REST"}],"neow_cost":"","seed_source_timestamp":0,"circlet_count":0,"master_deck":["Defend_G","Defend_G","Defend_G","Defend_G","Defend_G","Strike_G","Strike_G","Strike_G","Survivor","Neutralize","Well Laid Plans+1","Sucker Punch+1","Skewer","Terror+1","Heel Hook","Footwork+1","Outmaneuver+1","Die Die Die","Malaise+1","Leg Sweep+1","Backflip+1","Footwork+1","Die Die Die","Dodge and Roll+1","Predator+1","Flying Knee+1","Finesse","Blur","Backstab+1","Grand Finale"],"special_seed":0,"relics":["Ring of the Snake","Vajra","Snake Skull","Strawberry","Sozu","Bag of Marbles","Bronze Scales","Snecko Eye","Happy Flower"],"potions_floor_usage":[20,33],"damage_taken":[{"damage":0.0,"enemies":"Cultist","floor":1.0,"turns":5.0},{"damage":0.0,"enemies":"Jaw Worm","floor":2.0,"turns":5.0},{"damage":0.0,"enemies":"2 Louse","floor":3.0,"turns":4.0},{"damage":0.0,"enemies":"Exordium Wildlife","floor":4.0,"turns":2.0},{"damage":9.0,"enemies":"Large Slime","floor":5.0,"turns":7.0},{"damage":4.0,"enemies":"Lagavulin","floor":7.0,"turns":10.0},{"damage":15.0,"enemies":"3 Sentries","floor":12.0,"turns":10.0},{"damage":3.0,"enemies":"The Guardian","floor":16.0,"turns":12.0},{"damage":18,"enemies":"Spheric Guardian","floor":18,"turns":5},{"damage":11,"enemies":"Shell Parasite","floor":19,"turns":5},{"damage":20,"enemies":"Cultist and Chosen","floor":20,"turns":11},{"damage":0,"enemies":"Snake Plant","floor":22,"turns":4},{"damage":2,"enemies":"Sentry and Sphere","floor":24,"turns":7},{"damage":0,"enemies":"Centurion and Healer","floor":28,"turns":5},{"damage":12,"enemies":"3 Cultists","floor":30,"turns":5},{"damage":0,"enemies":"Snake Plant","floor":31,"turns":3},{"damage":8,"enemies":"Champ","floor":33,"turns":16},{"damage":0,"enemies":"3 Shapes","floor":35,"turns":6},{"damage":2,"enemies":"3 Darklings","floor":36,"turns":7},{"damage":0,"enemies":"Maw","floor":37,"turns":8},{"damage":5,"enemies":"Sphere and 2 Shapes","floor":39,"turns":7},{"damage":3,"enemies":"3 Darklings","floor":45,"turns":5},{"damage":0,"enemies":"4 Shapes","floor":46,"turns":4},{"damage":0,"enemies":"Maw","floor":47,"turns":8},{"damage":2,"enemies":"3 Darklings","floor":48,"turns":6},{"damage":46,"enemies":"Time Eater","floor":50,"turns":15}],"seed_played":"-9157780340242910167","potions_obtained":[{"floor":2.0,"key":"SmokeBomb"},{"floor":3.0,"key":"Energy Potion"},{"floor":4.0,"key":"Energy Potion"},{"floor":12.0,"key":"Fire Potion"}],"is_trial":false,"path_per_floor":["M","M","M","M","M","R","E","R","T","R","?","E","?","$","R","B",null,"M","M","M","?","M","R","M","R","T","R","M","R","M","M","R","B",null,"M","M","M","?","M","R","?","R","T","R","M","M","M","M","R","B"],"character_chosen":"THE_SILENT","items_purchased":["Footwork","Outmaneuver"],"campfire_rested":4,"item_purchase_floors":[],"current_hp_per_floor":[70,70,70,70,61,61,57,57,57,57,57,49,49,49,72,69,77,59,48,28,28,28,51,49,49,49,49,49,72,60,60,60,52,77,77,75,75,75,70,70,70,70,70,70,67,67,67,65,77,31],"gold":558,"neow_bonus":"","is_prod":false,"is_daily":false,"chose_seed":false,"campfire_upgraded":9,"win_rate":0,"timestamp":1530261665,"path_taken":["M","M","M","?","?","R","E","R","T","R","?","E","?","$","R","BOSS","M","M","M","?","M","R","M","R","T","R","M","R","M","M","R","BOSS","M","M","M","?","?","R","?","R","T","R","M","M","?","M","R","BOSS"],"build_version":"2018-06-28","purchased_purges":0,"victory":true,"max_hp_per_floor":[70,70,70,70,70,70,70,70,70,70,70,77,77,77,77,77,77,77,77,77,77,77,77,77,77,77,77,77,77,77,77,77,77,77,77,77,77,77,77,77,77,77,77,77,77,77,77,77,77,77],"card_choices":[{"not_picked":["Dagger Throw","Slice"],"picked":"Well Laid Plans","floor":1.0},{"not_picked":["Riddle With Holes","Reflex"],"picked":"Sucker Punch","floor":2.0},{"not_picked":["Acrobatics","Dodge and Roll"],"picked":"Skewer","floor":3.0},{"not_picked":["Deflect","Poisoned Stab","Bouncing Flask"],"picked":"SKIP","floor":4.0},{"not_picked":["Skewer","Expertise"],"picked":"Terror","floor":5.0},{"not_picked":["Dagger Throw","Deadly Poison","Well Laid Plans"],"picked":"SKIP","floor":7.0},{"not_picked":["Underhanded Strike","Riddle With Holes"],"picked":"Heel Hook","floor":12.0},{"not_picked":["Grand Finale","Doppelganger"],"picked":"Die Die Die","floor":16.0},{"not_picked":["Backflip","Accuracy"],"picked":"Malaise","floor":18},{"not_picked":["PiercingWail+1","Skewer","Bane"],"picked":"SKIP","floor":19},{"not_picked":["PiercingWail","Underhanded Strike","Flechettes"],"picked":"SKIP","floor":20},{"not_picked":["Quick Slash+1","Dagger Throw","Accuracy"],"picked":"SKIP","floor":22},{"not_picked":["Outmaneuver","Flechettes","Unload"],"picked":"SKIP","floor":24},{"not_picked":["Cloak And Dagger","Eviscerate"],"picked":"Leg Sweep+1","floor":28},{"not_picked":["Reflex+1","Dagger Spray"],"picked":"Backflip","floor":30},{"not_picked":["Flying Knee","Terror"],"picked":"Footwork","floor":31},{"not_picked":["Phantasmal Killer","Night Terror"],"picked":"Die Die Die","floor":33},{"not_picked":["Poisoned Stab","Dagger Throw+1","Calculated Gamble"],"picked":"SKIP","floor":35},{"not_picked":["Distraction+1","Quick Slash+1","Catalyst+1"],"picked":"SKIP","floor":36},{"not_picked":["Catalyst+1","Prepared"],"picked":"Dodge and Roll+1","floor":37},{"not_picked":["Dodge and Roll+1","Glass Knife"],"picked":"Flying Knee+1","floor":39},{"not_picked":["Bandage Up","Mind Blast"],"picked":"Finesse","floor":41},{"not_picked":["Calculated Gamble+1","Accuracy+1","Outmaneuver+1"],"picked":"SKIP","floor":45},{"not_picked":["Deadly Poison","Crippling Poison"],"picked":"Blur","floor":46},{"not_picked":["Dagger Throw","Cloak And Dagger"],"picked":"Backstab+1","floor":47},{"not_picked":["PiercingWail+1","Underhanded Strike"],"picked":"Grand Finale","floor":48}],"player_experience":216802,"relics_obtained":[{"floor":7.0,"key":"Vajra"},{"floor":9.0,"key":"Snake Skull"},{"floor":12.0,"key":"Strawberry"},{"floor":26,"key":"Bronze Scales"},{"floor":43,"key":"Happy Flower"}],"event_choices":[{"event_name":"Living Wall","player_choice":"Forget","floor":11.0,"damage_taken":0.0},{"event_name":"Transmorgrifier","player_choice":"Skipped","floor":13.0,"damage_taken":0.0},{"event_name":"Addict","player_choice":"Obtained Relic","floor":21,"damage_taken":0},{"event_name":"Match and Keep!","player_choice":"1 cards matched","floor":38,"damage_taken":0},{"event_name":"SensoryStone","player_choice":"Memory 1","floor":41,"damage_taken":0}],"boss_relics":[{"not_picked":["Astrolabe","Black Star"],"picked":"Sozu"},{"not_picked":["Runic Dome","Busted Crown"],"picked":"Snecko Eye"}],"items_purged_floors":[],"is_endless":false,"potions_floor_spawned":[2,3,4,12,18,19,20,28,33,35,36,48],"ascension_level":0}