{"gold_per_floor":[109,123,123,138,138,172,172,191,191,191,191,191],"floor_reached":12,"playtime":714,"items_purged":[],"score":86,"play_id":"d000072e-0857-4900-aec7-65c794166bc9","local_time":"20190803092924","is_ascension_mode":true,"campfire_choices":[{"floor":7,"key":"REST"},{"floor":11,"key":"REST"}],"neow_cost":"NONE","seed_source_timestamp":7371592717830,"circlet_count":0,"master_deck":["Strike_B","Strike_B","Strike_B","Strike_B","Defend_B","Defend_B","Defend_B","Defend_B","Zap","Dualcast","Multi-Cast","Gash","Gash","Steam","Defragment"],"relics":["Cracked Core","Golden Idol","Blood Vial","Oddly Smooth Stone","Meat on the Bone"],"potions_floor_usage":[8],"damage_taken":[{"damage":1,"enemies":"Cultist","floor":1,"turns":3},{"damage":4,"enemies":"Jaw Worm","floor":2,"turns":3},{"damage":10,"enemies":"2 Louse","floor":4,"turns":2},{"damage":30,"enemies":"Lagavulin","floor":6,"turns":6},{"damage":31,"enemies":"Exordium Thugs","floor":8,"turns":5},{"damage":33,"enemies":"Gremlin Nob","floor":12,"turns":4}],"seed_played":"-522922430500156334","potions_obtained":[{"floor":4,"key":"SpeedPotion"}],"is_trial":false,"path_per_floor":["M","M","?","M","?","E","R","M","T","T","R","E"],"character_chosen":"DEFECT","items_purchased":[],"campfire_rested":2,"item_purchase_floors":[],"current_hp_per_floor":[74,70,70,60,42,12,34,5,5,5,27,0],"gold":191,"neow_bonus":"ONE_RANDOM_RARE_CARD","is_prod":false,"is_daily":false,"chose_seed":false,"campfire_upgraded":0,"win_rate":0,"timestamp":1564842564,"path_taken":["M","M","?","M","?","E","R","M","T","?","R","E"],"build_version":"2019-07-17","purchased_purges":0,"victory":false,"max_hp_per_floor":[75,75,75,75,75,75,75,75,75,75,75,75],"card_choices":[{"not_picked":["Compile Driver","Coolheaded"],"picked":"Gash","floor":1},{"not_picked":["Cold Snap","Leap"],"picked":"Gash","floor":2},{"not_picked":["Rip and Tear","Cold Snap"],"picked":"Steam","floor":4},{"not_picked":["FTL","Leap","Barrage"],"picked":"SKIP","floor":6},{"not_picked":["Redo","Chill"],"picked":"Defragment","floor":8}],"player_experience":353678,"relics_obtained":[{"floor":6,"key":"Blood Vial"},{"floor":9,"key":"Oddly Smooth Stone"},{"floor":10,"key":"Meat on the Bone"}],"event_choices":[{"damage_healed":0,"gold_gain":0,"player_choice":"Ignored","damage_taken":0,"max_hp_gain":0,"max_hp_loss":0,"event_name":"Shining Light","floor":3,"gold_loss":0},{"damage_healed":0,"gold_gain":0,"player_choice":"Take Damage","damage_taken":18,"relics_obtained":["Golden Idol"],"max_hp_gain":0,"max_hp_loss":0,"event_name":"Golden Idol","floor":5,"gold_loss":0}],"is_beta":false,"boss_relics":[],"items_purged_floors":[],"is_endless":false,"potions_floor_spawned":[4],"killed_by":"Gremlin Nob","ascension_level":2}