{"gold_per_floor":[118,131,83,97,47,74,74,74,74,105,117,39,65,75,75,152,152,152,152,152,152,39,39,39,39,39,39,39,39,39,39,39,39,39,39,39,15,15,15,15,15,15,15,15,15,15,15,15,15,15],"floor_reached":51,"playtime":2382,"items_purged":["Strike_R"],"score":1380,"play_id":"1ad36212-4184-4d1a-a9be-e735a629fcc8","local_time":"20190813203419","is_ascension_mode":true,"campfire_choices":[{"data":"Bash","floor":7,"key":"SMITH"},{"floor":15,"key":"REST"},{"data":"Armaments","floor":24,"key":"SMITH"},{"floor":27,"key":"REST"},{"data":"Inflame","floor":32,"key":"SMITH"},{"data":"Intimidate","floor":42,"key":"SMITH"},{"data":"Limit Break","floor":46,"key":"SMITH"},{"floor":49,"key":"REST"}],"neow_cost":"NONE","seed_source_timestamp":124338780435200,"circlet_count":0,"master_deck":["AscendersBane","Strike_R","Strike_R","Defend_R","Defend_R","Defend_R","Defend_R","Bash+1","Cleave","Inflame+1","Ghostly Armor","Iron Wave+1","Carnage+1","Clothesline+1","Armaments+1","Shrug It Off","Uppercut+1","Thunderclap+1","Pommel Strike+1","Offering","Warcry+1","Necronomicurse","Armaments+1","Corruption","Pummel+1","True Grit+1","Immolate+1","Intimidate+1","Reaper+1","Whirlwind+1","Shrug It Off","Doubt","Limit Break+1","Armaments+1","Iron Wave+1","Rage"],"relics":["Burning Blood","Dream Catcher","Molten Egg 2","Shuriken","Mercury Hourglass","Bag of Preparation","Ectoplasm","Necronomicon","Red Mask","Sundial","Meat on the Bone","Calipers","Cursed Key","Old Coin","Red Skull","Torii","Turnip","Bag of Marbles","Potion Belt"],"potions_floor_usage":[6,10,11,13,16,33,33,41,50,50,50],"damage_taken":[{"damage":14,"enemies":"Small Slimes","floor":1,"turns":5},{"damage":6,"enemies":"2 Louse","floor":2,"turns":4},{"damage":7,"enemies":"Jaw Worm","floor":4,"turns":3},{"damage":30,"enemies":"Gremlin Nob","floor":6,"turns":5},{"damage":13,"enemies":"3 Sentries","floor":10,"turns":9},{"damage":18,"enemies":"Large Slime","floor":11,"turns":6},{"damage":18,"enemies":"Gremlin Nob","floor":13,"turns":4},{"damage":0,"enemies":"2 Fungi Beasts","floor":14,"turns":3},{"damage":23,"enemies":"The Guardian","floor":16,"turns":12},{"damage":14,"enemies":"3 Byrds","floor":18,"turns":3},{"damage":6,"enemies":"Masked Bandits","floor":20,"turns":4},{"damage":6,"enemies":"Shell Parasite","floor":21,"turns":2},{"damage":14,"enemies":"Book of Stabbing","floor":23,"turns":3},{"damage":6,"enemies":"Snecko","floor":25,"turns":3},{"damage":6,"enemies":"Gremlin Leader","floor":28,"turns":3},{"damage":6,"enemies":"Cultist and Chosen","floor":30,"turns":3},{"damage":6,"enemies":"Chosen and Byrds","floor":31,"turns":3},{"damage":28,"enemies":"Automaton","floor":33,"turns":8},{"damage":12,"enemies":"3 Darklings","floor":35,"turns":4},{"damage":0,"enemies":"Mind Bloom Boss Battle","floor":38,"turns":3},{"damage":6,"enemies":"Reptomancer","floor":40,"turns":3},{"damage":11,"enemies":"2 Orb Walkers","floor":41,"turns":4},{"damage":6,"enemies":"3 Shapes","floor":44,"turns":2},{"damage":16,"enemies":"Giant Head","floor":45,"turns":5},{"damage":7,"enemies":"Maw","floor":47,"turns":6},{"damage":43,"enemies":"Nemesis","floor":48,"turns":7},{"damage":84,"enemies":"Time Eater","floor":50,"turns":12}],"seed_played":"-8606998493110463330","potions_obtained":[{"floor":1,"key":"Weak Potion"},{"floor":6,"key":"Fire Potion"},{"floor":10,"key":"SpeedPotion"},{"floor":11,"key":"Swift Potion"},{"floor":13,"key":"Weak Potion"},{"floor":18,"key":"PowerPotion"},{"floor":20,"key":"SkillPotion"},{"floor":40,"key":"Swift Potion"},{"floor":41,"key":"Poison Potion"},{"floor":44,"key":"Strength Potion"},{"floor":48,"key":"Poison Potion"}],"is_trial":false,"path_per_floor":["M","M","?","M","?","E","R","?","T","E","M","$","E","M","R","B",null,"M","?","?","M","$","E","R","M","T","R","E","$","M","M","R","B",null,"M","?","$","?","$","E","?","R","T","M","E","R","M","E","R","B",null],"character_chosen":"IRONCLAD","items_purchased":["Armaments","Shrug It Off","Pummel+1","Shrug It Off"],"campfire_rested":3,"item_purchase_floors":[12,12,22,37],"current_hp_per_floor":[64,64,64,63,63,39,39,39,39,32,20,20,8,14,38,21,65,57,41,41,41,41,33,33,33,33,57,57,57,57,57,57,47,72,80,80,80,80,80,80,75,75,75,75,65,65,80,58,80,27],"gold":15,"neow_bonus":"RANDOM_COMMON_RELIC","is_prod":false,"is_daily":false,"chose_seed":false,"campfire_upgraded":5,"win_rate":0,"timestamp":1565742859,"path_taken":["M","M","?","M","?","E","R","?","T","E","M","$","E","M","R","BOSS","M","?","?","M","$","E","R","M","T","R","E","$","M","M","R","BOSS","M","?","$","?","?","E","?","R","T","M","E","R","M","E","R","BOSS"],"build_version":"2019-07-17","purchased_purges":1,"victory":true,"max_hp_per_floor":[80,80,80,80,80,80,80,80,80,80,80,80,80,80,80,80,80,80,80,80,80,80,80,80,80,80,80,80,80,80,80,80,80,80,80,80,80,80,80,80,80,80,80,80,80,80,80,80,80,80],"card_choices":[{"not_picked":["Power Through","Headbutt"],"picked":"Cleave","floor":1},{"not_picked":["Cleave","Corruption"],"picked":"Inflame","floor":2},{"not_picked":["Searing Blow","Cleave"],"picked":"Ghostly Armor","floor":4},{"not_picked":["Anger","Warcry"],"picked":"Iron Wave","floor":6},{"not_picked":["Evolve","Inflame"],"picked":"Carnage+1","floor":10},{"not_picked":["Metallicize","Sentinel"],"picked":"Clothesline+1","floor":11},{"not_picked":["Fire Breathing","Metallicize"],"picked":"Uppercut+1","floor":13},{"not_picked":["Cleave+1","True Grit"],"picked":"Thunderclap+1","floor":14},{"not_picked":["Seeing Red","Clash+1"],"picked":"Pommel Strike+1","floor":15},{"not_picked":["Brutality","Double Tap"],"picked":"Offering","floor":16},{"not_picked":["Dropkick+1","Hemokinesis+1"],"picked":"Warcry+1","floor":18},{"not_picked":["Thunderclap+1","Clothesline+1"],"picked":"Armaments+1","floor":20},{"not_picked":["Flex+1","Thunderclap+1"],"picked":"Corruption","floor":21},{"not_picked":["Havoc","Cleave+1"],"picked":"True Grit+1","floor":23},{"not_picked":["Clothesline+1","Disarm"],"picked":"Immolate+1","floor":25},{"not_picked":["Juggernaut","Hemokinesis+1"],"picked":"Intimidate","floor":28},{"not_picked":["Body Slam+1","Reckless Charge+1","Headbutt+1"],"picked":"SKIP","floor":30},{"not_picked":["Headbutt+1","Perfected Strike+1","Clothesline+1"],"picked":"SKIP","floor":31},{"not_picked":["Dark Embrace","Barricade"],"picked":"Reaper+1","floor":33},{"not_picked":["Heavy Blade+1","Combust+1"],"picked":"Whirlwind+1","floor":35},{"not_picked":["Heavy Blade+1","Clothesline+1","True Grit"],"picked":"SKIP","floor":40},{"not_picked":["Iron Wave+1","Pommel Strike+1","Havoc"],"picked":"SKIP","floor":44},{"not_picked":["Dual Wield+1","Iron Wave+1"],"picked":"Limit Break","floor":45},{"not_picked":["Clash+1","Perfected Strike+1"],"picked":"Armaments+1","floor":47},{"not_picked":["Headbutt+1","Armaments"],"picked":"Iron Wave+1","floor":48},{"not_picked":["Carnage+1","Second Wind"],"picked":"Rage","floor":49}],"player_experience":731555,"relics_obtained":[{"floor":6,"key":"Molten Egg 2"},{"floor":9,"key":"Shuriken"},{"floor":10,"key":"Mercury Hourglass"},{"floor":13,"key":"Bag of Preparation"},{"floor":19,"key":"Necronomicon"},{"floor":20,"key":"Red Mask"},{"floor":23,"key":"Sundial"},{"floor":26,"key":"Meat on the Bone"},{"floor":28,"key":"Calipers"},{"floor":38,"key":"Old Coin"},{"floor":40,"key":"Red Skull"},{"floor":41,"key":"Torii"},{"floor":43,"key":"Turnip"},{"floor":45,"key":"Bag of Marbles"},{"floor":48,"key":"Potion Belt"}],"event_choices":[{"damage_healed":0,"gold_gain":0,"player_choice":"Left Gold","damage_taken":0,"max_hp_gain":0,"max_hp_loss":0,"event_name":"World of Goop","floor":3,"gold_loss":48},{"cards_removed":["Strike_R"],"damage_healed":0,"gold_gain":0,"player_choice":"Card Removal","damage_taken":0,"max_hp_gain":0,"max_hp_loss":0,"event_name":"The Cleric","floor":5,"gold_loss":50},{"cards_removed":["Strike_R"],"damage_healed":0,"gold_gain":0,"player_choice":"Forget","damage_taken":0,"max_hp_gain":0,"max_hp_loss":0,"event_name":"Living Wall","floor":8,"gold_loss":0},{"damage_healed":0,"gold_gain":0,"player_choice":"Obtained Book","damage_taken":16,"max_hp_gain":0,"max_hp_loss":0,"event_name":"Cursed Tome","floor":19,"gold_loss":0},{"damage_healed":0,"gold_gain":0,"player_choice":"Fought Bandits","damage_taken":0,"max_hp_gain":0,"max_hp_loss":0,"event_name":"Masked Bandits","floor":20,"gold_loss":0},{"damage_healed":0,"gold_gain":222,"player_choice":"Wore Mask","damage_taken":0,"max_hp_gain":0,"max_hp_loss":0,"event_name":"Tomb of Lord Red Mask","floor":36,"gold_loss":0},{"damage_healed":0,"gold_gain":0,"player_choice":"Fight","damage_taken":0,"max_hp_gain":0,"max_hp_loss":0,"event_name":"MindBloom","floor":38,"gold_loss":0},{"damage_healed":0,"gold_gain":0,"player_choice":"Fight","damage_taken":0,"max_hp_gain":0,"max_hp_loss":0,"event_name":"Mysterious Sphere","floor":41,"gold_loss":0}],"is_beta":false,"boss_relics":[{"not_picked":["Coffee Dripper","Runic Cube"],"picked":"Ectoplasm"},{"not_picked":["Astrolabe","Runic Dome"],"picked":"Cursed Key"}],"items_purged_floors":[22],"is_endless":false,"potions_floor_spawned":[1,6,10,11,13,18,20,25,30,31,40,41,44,45,48],"ascension_level":13}