{"gold_per_floor":[112,128,128,152,177,177,208,208,234,269,269,269,297,61,61,154,154,174,194,38,38,38,77,89,101,161,183,224,25,25,75,75,149,149,168,168,184,284,295,295,313,313,360,0,0,0,16,30,30,30],"floor_reached":51,"playtime":1546,"items_purged":["Strike_G","Strike_G","Pain","Pain"],"score":1245,"play_id":"04cf61a9-32ad-4ff4-9e67-cb90d7fc6d15","local_time":"20190815202218","is_ascension_mode":true,"campfire_choices":[{"data":"Deadly Poison","floor":6,"key":"SMITH"},{"floor":11,"key":"REST"},{"data":"Noxious Fumes","floor":15,"key":"SMITH"},{"floor":24,"key":"REST"},{"data":"Footwork","floor":30,"key":"SMITH"},{"data":"Crippling Poison","floor":32,"key":"SMITH"},{"floor":40,"key":"REST"},{"data":"Noxious Fumes","floor":42,"key":"SMITH"},{"data":"PiercingWail","floor":49,"key":"SMITH"}],"neow_cost":"NONE","seed_source_timestamp":1594930472269410,"circlet_count":0,"master_deck":["AscendersBane","Strike_G","Strike_G+1","Defend_G","Defend_G","Defend_G+1","Defend_G+1","Defend_G","Survivor","Neutralize","Backflip","Deadly Poison+1","Dagger Spray+1","Cloak And Dagger","Corpse Explosion","Noxious Fumes+1","Adrenaline","Crippling Poison+1","PiercingWail+1","Adrenaline","Deflect","Footwork+1","Blur","After Image","Madness","Noxious Fumes+1","Well Laid Plans","Madness"],"relics":["Ring of the Snake","NeowsBlessing","Bloody Idol","Vajra","Gremlin Horn","Whetstone","Anchor","Tingsha","Odd Mushroom","Cursed Key","MutagenicStrength","MawBank","Happy Flower","PreservedInsect","Runic Pyramid","Girya","War Paint"],"potions_floor_usage":[7,7,18,19,23,23,28,47,50,50],"damage_taken":[{"damage":0,"enemies":"2 Louse","floor":1,"turns":1},{"damage":0,"enemies":"Jaw Worm","floor":2,"turns":1},{"damage":0,"enemies":"Small Slimes","floor":5,"turns":1},{"damage":11,"enemies":"Lagavulin","floor":7,"turns":6},{"damage":24,"enemies":"Gremlin Nob","floor":10,"turns":4},{"damage":0,"enemies":"The Mushroom Lair","floor":13,"turns":3},{"damage":10,"enemies":"Hexaghost","floor":16,"turns":9},{"damage":16,"enemies":"Spheric Guardian","floor":18,"turns":4},{"damage":0,"enemies":"Chosen","floor":19,"turns":4},{"damage":10,"enemies":"Book of Stabbing","floor":23,"turns":7},{"damage":7,"enemies":"Snake Plant","floor":27,"turns":3},{"damage":7,"enemies":"Slavers","floor":28,"turns":4},{"damage":16,"enemies":"Automaton","floor":33,"turns":10},{"damage":0,"enemies":"Orb Walker","floor":35,"turns":5},{"damage":1,"enemies":"3 Shapes","floor":37,"turns":3},{"damage":0,"enemies":"Mind Bloom Boss Battle","floor":38,"turns":7},{"damage":22,"enemies":"Transient","floor":39,"turns":5},{"damage":0,"enemies":"Spire Growth","floor":41,"turns":6},{"damage":0,"enemies":"4 Shapes","floor":47,"turns":4},{"damage":0,"enemies":"Sphere and 2 Shapes","floor":48,"turns":4},{"damage":11,"enemies":"Donu and Deca","floor":50,"turns":7}],"seed_played":"8851025367884579739","potions_obtained":[{"floor":2,"key":"Fire Potion"},{"floor":5,"key":"GhostInAJar"},{"floor":13,"key":"Regen Potion"},{"floor":18,"key":"SneckoOil"},{"floor":27,"key":"Energy Potion"},{"floor":33,"key":"Ancient Potion"},{"floor":39,"key":"Fire Potion"},{"floor":41,"key":"LiquidBronze"},{"floor":48,"key":"AttackPotion"}],"is_trial":false,"path_per_floor":["M","M","?","T","M","R","E","?","T","E","R","T","?","$","R","B",null,"M","M","$","?","?","E","R","?","T","M","E","$","R","?","R","B",null,"M","?","M","?","M","R","M","R","T","$","?","$","M","M","R","B",null],"character_chosen":"THE_SILENT","items_purchased":["Noxious Fumes","GhostInAJar","Block Potion","Blur","PowerPotion","Block Potion","Madness"],"campfire_rested":3,"item_purchase_floors":[14,14,20,29,44,44,44],"current_hp_per_floor":[59,59,59,59,59,59,48,41,41,17,35,35,35,35,35,25,51,47,47,47,47,47,37,55,55,60,58,58,60,60,60,60,49,57,60,60,60,60,43,60,60,60,60,60,57,57,57,57,57,46],"gold":30,"neow_bonus":"THREE_ENEMY_KILL","is_prod":false,"is_daily":false,"chose_seed":false,"campfire_upgraded":6,"win_rate":0,"timestamp":1565918538,"path_taken":["M","M","?","?","?","R","E","?","T","E","R","?","?","$","R","BOSS","M","M","$","?","?","E","R","?","T","M","E","$","R","?","R","BOSS","M","?","M","?","M","R","M","R","T","$","?","$","M","M","R","BOSS"],"build_version":"2019-07-17","purchased_purges":4,"victory":true,"max_hp_per_floor":[66,66,60,60,60,60,60,60,60,60,60,60,60,60,60,60,60,60,60,60,60,60,60,60,60,60,60,60,60,60,60,60,60,60,60,60,60,60,60,60,60,60,60,60,57,57,57,57,57,57],"card_choices":[{"not_picked":["Flying Knee","Riddle With Holes"],"picked":"Backflip","floor":1},{"not_picked":["Outmaneuver","Wraith Form v2"],"picked":"Deadly Poison","floor":2},{"not_picked":["Masterful Stab","Flechettes","Prepared"],"picked":"SKIP","floor":5},{"not_picked":["Venomology","Caltrops"],"picked":"Dagger Spray","floor":7},{"not_picked":["Underhanded Strike","Tactician"],"picked":"Cloak And Dagger","floor":10},{"not_picked":["Heel Hook","Cloak And Dagger"],"picked":"Corpse Explosion","floor":13},{"not_picked":["Venomology","Bullet Time"],"picked":"Adrenaline","floor":16},{"not_picked":["Cloak And Dagger","Backflip"],"picked":"Crippling Poison","floor":18},{"not_picked":["Crippling Poison","Bane"],"picked":"PiercingWail","floor":19},{"not_picked":["Dash","Flying Knee"],"picked":"Adrenaline","floor":23},{"not_picked":["Prepared","Crippling Poison"],"picked":"Deflect","floor":27},{"not_picked":["Underhanded Strike","Flying Knee+1"],"picked":"Footwork","floor":28},{"not_picked":["Envenom","Bullet Time"],"picked":"After Image","floor":33},{"not_picked":["Quick Slash","Slice","Dagger Spray+1"],"picked":"SKIP","floor":35},{"not_picked":["Flash of Steel","Purity"],"picked":"Madness","floor":36},{"not_picked":["Backstab","Dagger Spray"],"picked":"Noxious Fumes","floor":37},{"not_picked":["Escape Plan","Prepared+1"],"picked":"Well Laid Plans","floor":38},{"not_picked":["Expertise","Cloak And Dagger","Eviscerate+1"],"picked":"SKIP","floor":39},{"not_picked":["Bane","Flying Knee","Cloak And Dagger+1"],"picked":"SKIP","floor":41},{"not_picked":["Crippling Poison+1","Dash+1","Deflect"],"picked":"SKIP","floor":47},{"not_picked":["Underhanded Strike","Cloak And Dagger","Skewer"],"picked":"SKIP","floor":48}],"player_experience":599378,"relics_obtained":[{"floor":4,"key":"Vajra"},{"floor":7,"key":"Gremlin Horn"},{"floor":9,"key":"Whetstone"},{"floor":10,"key":"Anchor"},{"floor":12,"key":"Tingsha"},{"floor":13,"key":"Odd Mushroom"},{"floor":23,"key":"MawBank"},{"floor":26,"key":"Happy Flower"},{"floor":28,"key":"PreservedInsect"},{"floor":38,"key":"Girya"},{"floor":43,"key":"War Paint"}],"event_choices":[{"damage_healed":0,"gold_gain":0,"player_choice":"Lose Max HP","damage_taken":0,"relics_obtained":["Golden Idol"],"max_hp_gain":0,"max_hp_loss":6,"event_name":"Golden Idol","floor":3,"gold_loss":0},{"cards_removed":["Strike_G"],"damage_healed":0,"gold_gain":0,"player_choice":"Card Removal","damage_taken":7,"max_hp_gain":0,"max_hp_loss":0,"event_name":"Golden Wing","floor":8,"gold_loss":0},{"damage_healed":0,"gold_gain":0,"player_choice":"Fought Mushrooms","damage_taken":0,"max_hp_gain":0,"max_hp_loss":0,"event_name":"Mushrooms","floor":13,"gold_loss":0},{"damage_healed":0,"gold_gain":0,"player_choice":"Ignored","damage_taken":0,"max_hp_gain":0,"max_hp_loss":0,"event_name":"Ghosts","floor":21,"gold_loss":0},{"damage_healed":0,"gold_gain":0,"player_choice":"Inject Mutagens","damage_taken":0,"relics_obtained":["MutagenicStrength"],"max_hp_gain":0,"max_hp_loss":0,"event_name":"Drug Dealer","floor":22,"gold_loss":0},{"damage_healed":0,"gold_gain":0,"player_choice":"Gave Idol","damage_taken":0,"relics_obtained":["Bloody Idol"],"max_hp_gain":0,"max_hp_loss":0,"event_name":"Forgotten Altar","floor":25,"relics_lost":["Golden Idol"],"gold_loss":0},{"damage_healed":0,"gold_gain":50,"player_choice":"Stole From Cult","damage_taken":0,"max_hp_gain":0,"max_hp_loss":0,"event_name":"Nest","floor":31,"gold_loss":0},{"damage_healed":0,"gold_gain":0,"player_choice":"Memory 1","damage_taken":0,"max_hp_gain":0,"max_hp_loss":0,"event_name":"SensoryStone","floor":36,"gold_loss":0},{"damage_healed":0,"gold_gain":0,"player_choice":"Fight","damage_taken":0,"max_hp_gain":0,"max_hp_loss":0,"event_name":"MindBloom","floor":38,"gold_loss":0},{"damage_healed":0,"gold_gain":0,"player_choice":"Max HP","damage_taken":0,"max_hp_gain":0,"max_hp_loss":3,"event_name":"Winding Halls","floor":45,"gold_loss":0}],"is_beta":false,"boss_relics":[{"not_picked":["Calling Bell","Sozu"],"picked":"Cursed Key"},{"not_picked":["Coffee Dripper","HoveringKite"],"picked":"Runic Pyramid"}],"items_purged_floors":[14,20,29,44],"is_endless":false,"potions_floor_spawned":[2,5,13,18,27,33,39,41,48],"ascension_level":16}