{"gold_per_floor":[213,213,232,242,258,258,286,299,299,311,262,262,272,65,65,160,160,171,185,195,195,120,120,154,171,171,191,106,106,106,106],"floor_reached":31,"playtime":3701,"items_purged":["Strike_R"],"score":259,"play_id":"5cb5c8a2-f248-4f7c-9629-a11bc3282478","local_time":"20180625170220","is_ascension_mode":false,"campfire_choices":[{"data":"Whirlwind","floor":6,"key":"SMITH"},{"data":"Heavy Blade","floor":12,"key":"SMITH"},{"floor":15,"key":"REST"},{"floor":23,"key":"REST"},{"floor":30,"key":"REST"}],"neow_cost":"NONE","seed_source_timestamp":568481454312353,"circlet_count":0,"master_deck":["Strike_R+1","Strike_R","Defend_R","Defend_R","Defend_R","Defend_R+1","Bash+1","Clash+1","Heavy Blade+1","Whirlwind+1","Disarm","Spot Weakness","Heavy Blade","True Grit","Apotheosis","Barricade","Battle Trance","Body Slam"],"relics":["Black Blood","Whetstone","Lantern","Strawberry","Smiling Mask","Toolbox"],"potions_floor_usage":[20,31,31],"damage_taken":[{"damage":10,"enemies":"Jaw Worm","floor":1,"turns":4},{"damage":1,"enemies":"Cultist","floor":3,"turns":4},{"damage":3,"enemies":"Small Slimes","floor":4,"turns":3},{"damage":0,"enemies":"Gremlin Gang","floor":5,"turns":4},{"damage":37,"enemies":"Lagavulin","floor":7,"turns":7},{"damage":0,"enemies":"2 Fungi Beasts","floor":8,"turns":1},{"damage":7,"enemies":"Blue Slaver","floor":10,"turns":2},{"damage":3,"enemies":"Large Slime","floor":13,"turns":4},{"damage":36,"enemies":"Slime Boss","floor":16,"turns":9},{"damage":30,"enemies":"2 Thieves","floor":18,"turns":4},{"damage":17,"enemies":"Shell Parasite","floor":19,"turns":7},{"damage":37,"enemies":"Sentry and Sphere","floor":20,"turns":6},{"damage":15,"enemies":"Book of Stabbing","floor":24,"turns":9},{"damage":31,"enemies":"Slaver and Parasite","floor":25,"turns":6},{"damage":29,"enemies":"Cultist and Chosen","floor":27,"turns":9},{"damage":51,"enemies":"3 Cultists","floor":31,"turns":5}],"seed_played":"-5700276089048873047","potions_obtained":[{"floor":7,"key":"Strength Potion"},{"floor":8,"key":"BloodPotion"},{"floor":13,"key":"Swift Potion"},{"floor":16,"key":"Block Potion"},{"floor":20,"key":"Swift Potion"},{"floor":24,"key":"BloodPotion"}],"is_trial":false,"path_per_floor":["M","?","M","M","M","R","E","M","T","M","$","R","M","$","R","B",null,"M","M","M","?","$","R","E","M","T","M","?","?","R"],"character_chosen":"IRONCLAD","items_purchased":["Heavy Blade","Apotheosis"],"campfire_rested":3,"item_purchase_floors":[11,14],"current_hp_per_floor":[76,60,65,68,74,74,43,49,49,48,48,48,51,51,75,45,80,60,53,26,26,26,50,52,31,31,12,12,12,38,3],"gold":106,"neow_bonus":"HUNDRED_GOLD","is_prod":false,"is_daily":false,"chose_seed":false,"campfire_upgraded":2,"win_rate":0.0,"timestamp":1529942540,"path_taken":["M","?","M","M","M","R","E","M","T","M","$","R","M","$","R","BOSS","M","M","M","?","$","R","E","?","T","M","?","?","R","M"],"build_version":"2018-06-21v2","purchased_purges":1,"victory":false,"max_hp_per_floor":[80,80,80,80,80,80,80,80,80,80,80,80,80,80,80,80,80,80,80,80,80,80,80,87,87,87,87,87,87,87,87],"card_choices":[{"not_picked":["Sword Boomerang","Armaments","Reckless Charge"],"picked":"SKIP","floor":1},{"not_picked":["Shrug It Off","Spot Weakness"],"picked":"Clash","floor":3},{"not_picked":["Clash","Iron Wave"],"picked":"Heavy Blade","floor":4},{"not_picked":["Havoc","Shrug It Off"],"picked":"Whirlwind","floor":5},{"not_picked":["Clash","Reckless Charge","Brutality"],"picked":"SKIP","floor":7},{"not_picked":["Wild Strike","Bloodletting"],"picked":"Disarm","floor":8},{"not_picked":["Anger","Whirlwind"],"picked":"Spot Weakness","floor":10},{"not_picked":["Feel No Pain","Sever Soul"],"picked":"True Grit","floor":13},{"not_picked":["Feed","Bludgeon"],"picked":"Barricade","floor":16},{"not_picked":["Dropkick","Disarm","Flame Barrier"],"picked":"SKIP","floor":18},{"not_picked":["Flex+1","Disarm","Anger"],"picked":"SKIP","floor":19},{"not_picked":["Flex","Dropkick"],"picked":"Battle Trance","floor":20},{"not_picked":["Flex","Hemokinesis+1"],"picked":"Body Slam","floor":24},{"not_picked":["Anger","Pommel Strike","Disarm"],"picked":"SKIP","floor":25},{"not_picked":["Infernal Blade+1","Clash","Reckless Charge"],"picked":"SKIP","floor":27}],"player_experience":135842,"relics_obtained":[{"floor":7,"key":"Whetstone"},{"floor":9,"key":"Lantern"},{"floor":24,"key":"Strawberry"},{"floor":26,"key":"Smiling Mask"}],"event_choices":[{"event_name":"Shining Light","player_choice":"Entered Light","floor":2,"damage_taken":0},{"event_name":"Purifier","player_choice":"One Purge","floor":21,"damage_taken":0},{"event_name":"Addict","player_choice":"Obtained Relic","floor":28,"damage_taken":0},{"event_name":"Back to Basics","player_choice":"Elegance","floor":29,"damage_taken":0}],"boss_relics":[{"not_picked":["White Beast Statue","Coffee Dripper"],"picked":"Black Blood"}],"items_purged_floors":[22],"is_endless":false,"potions_floor_spawned":[7,8,13,16,20,24,27],"killed_by":"3 Cultists","ascension_level":0}