{"path_per_floor":["M","M","?","$","?","R","E","R","T","M","$","M","M","M","R","B",null,"M","?","$","?","$","R","?","R","T","M"],"character_chosen":"IRONCLAD","items_purchased":["Searing Blow","Ghostly Armor","Armaments","Shrug It Off","Heavy Blade","Uppercut","Jack Of All Trades"],"gold_per_floor":[110,121,121,39,39,39,75,75,75,100,61,79,92,112,112,231,231,244,343,19,19,19,19,19,19,42,55,55],"floor_reached":28,"campfire_rested":1,"playtime":2179,"item_purchase_floors":[4,11,20,20,20,20,20],"current_hp_per_floor":[71,80,85,85,85,85,38,63,63,67,67,73,78,76,76,26,85,80,80,80,80,80,80,80,80,80,43,0],"items_purged":[],"gold":55,"score":216,"play_id":"c8bcd0c5-36b9-4141-a2b3-3acf97b07307","local_time":"20180616203036","is_prod":false,"is_daily":false,"chose_seed":false,"is_ascension_mode":false,"campfire_upgraded":4,"win_rate":0.0,"timestamp":1529177436,"campfire_choices":[{"data":"Searing Blow","floor":6,"key":"SMITH"},{"floor":8,"key":"REST"},{"data":"Searing Blow+1","floor":15,"key":"SMITH"},{"data":"Searing Blow+2","floor":23,"key":"SMITH"},{"data":"Searing Blow+3","floor":25,"key":"SMITH"}],"path_taken":["M","M","?","$","?","R","E","R","T","?","?","M","M","M","R","BOSS","M","?","$","?","$","R","?","R","T","M","E"],"build_version":"2018-06-14v2","seed_source_timestamp":176602687744819,"purchased_purges":0,"victory":false,"master_deck":["Strike_R","Strike_R","Strike_R","Strike_R","Strike_R","Defend_R","Defend_R","Defend_R","Bash","Reaper","Twin Strike","Cleave","Searing Blow+4","Injury","Seeing Red","Searing Blow","Ghostly Armor","Armaments","Flame Barrier","Clothesline","Feed","Clothesline+1","Armaments","Shrug It Off","Heavy Blade","Uppercut","Jack Of All Trades","Searing Blow+2","Clumsy","Perfected Strike"],"max_hp_per_floor":[80,80,85,85,85,85,85,85,85,85,85,85,85,85,85,85,85,89,89,89,89,89,89,89,89,89,89,89],"relics":["Burning Blood","Golden Idol","Champion Belt","Matryoshka","Cursed Key","Dream Catcher","Vajra"],"card_choices":[{"not_picked":["Body Slam","Shrug It Off"],"picked":"Twin Strike","floor":1},{"not_picked":["Clash","Armaments"],"picked":"Cleave","floor":2},{"not_picked":["Anger","Heavy Blade"],"picked":"Seeing Red","floor":7},{"not_picked":["Shockwave","Headbutt"],"picked":"Searing Blow","floor":10},{"not_picked":["Twin Strike","Dropkick"],"picked":"Armaments","floor":12},{"not_picked":["Blood for Blood","Shrug It Off"],"picked":"Flame Barrier","floor":13},{"not_picked":["Feel No Pain","Warcry"],"picked":"Clothesline","floor":14},{"not_picked":["Barricade","Limit Break"],"picked":"Feed","floor":16},{"not_picked":["Combust","Heavy Blade"],"picked":"Clothesline+1","floor":18},{"not_picked":["Twin Strike","Anger+1"],"picked":"Perfected Strike","floor":27}],"player_experience":20744,"potions_floor_usage":[16,16,16],"damage_taken":[{"damage":15,"enemies":"Jaw Worm","floor":1,"turns":5},{"damage":0,"enemies":"Small Slimes","floor":2,"turns":3},{"damage":57,"enemies":"Gremlin Nob","floor":7,"turns":6},{"damage":2,"enemies":"2 Louse","floor":10,"turns":3},{"damage":8,"enemies":"Exordium Thugs","floor":12,"turns":5},{"damage":1,"enemies":"3 Louse","floor":13,"turns":3},{"damage":11,"enemies":"Blue Slaver","floor":14,"turns":5},{"damage":68,"enemies":"Slime Boss","floor":16,"turns":14},{"damage":15,"enemies":"Shell Parasite","floor":18,"turns":7},{"damage":43,"enemies":"2 Thieves","floor":27,"turns":4},{"damage":43,"enemies":"Slavers","floor":28,"turns":3}],"relics_obtained":[{"floor":7,"key":"Champion Belt"},{"floor":9,"key":"Matryoshka"},{"floor":26,"key":"Dream Catcher"},{"floor":26,"key":"Vajra"}],"event_choices":[{"event_name":"Big Fish","player_choice":"Donut","floor":3,"damage_taken":0},{"event_name":"Golden Idol","player_choice":"Take Wound","floor":5,"damage_taken":0},{"event_name":"Nest","player_choice":"Stole From Cult","floor":19,"damage_taken":0},{"event_name":"Duplicator","player_choice":"One dupe","floor":21,"damage_taken":0},{"event_name":"Vampires","player_choice":"Ignored","floor":24,"damage_taken":0}],"boss_relics":[{"not_picked":["Sozu","Coffee Dripper"],"picked":"Cursed Key"}],"items_purged_floors":[],"is_endless":false,"potions_floor_spawned":[2,12,13],"seed_played":"6026113252438546043","killed_by":"Slavers","ascension_level":0,"potions_obtained":[{"floor":2,"key":"Weak Potion"},{"floor":12,"key":"PowerPotion"},{"floor":13,"key":"BloodPotion"}],"is_trial":false}