{"gold_per_floor":[110,37,37,37,51,77,93,93,93,22,22,1,35,35,35,137,137,148,247,247,17,37,37,72,72,95,95,95],"floor_reached":28,"playtime":4229,"items_purged":[],"score":252,"play_id":"f064bebe-9720-4f50-a3fb-9aee1f67509d","local_time":"20190813175735","is_ascension_mode":true,"campfire_choices":[{"floor":8,"key":"REST"},{"data":"Redo","floor":11,"key":"SMITH"},{"data":"Redo","floor":15,"key":"SMITH"},{"data":"Zap","floor":23,"key":"SMITH"}],"neow_cost":"NONE","seed_source_timestamp":193324698827342,"circlet_count":0,"master_deck":["Strike_B","Strike_B","Strike_B","Strike_B","Defend_B","Defend_B","Defend_B","Defend_B","Zap+1","Dualcast","Static Discharge+1","Go for the Eyes","Redo+1","Coolheaded","Beam Cell","Redo+1","Hello World","Gash","Gash","Machine Learning","All For One","Cold Snap","Heatsinks","Loop","Storm","Conserve Battery","Chaos+1","Stack"],"special_seed":0,"relics":["Cracked Core","The Courier","Nunchaku","Juzu Bracelet","Boot","Eternal Feather","Ancient Tea Set","Smiling Mask"],"potions_floor_usage":[6,18,22,24,24,28],"damage_taken":[{"damage":6.0,"enemies":"2 Louse","floor":1.0,"turns":3.0},{"damage":7,"enemies":"Small Slimes","floor":5,"turns":3},{"damage":14,"enemies":"Lagavulin","floor":6,"turns":5},{"damage":0,"enemies":"Cultist","floor":7,"turns":3},{"damage":17,"enemies":"Gremlin Nob","floor":13,"turns":4},{"damage":36,"enemies":"Hexaghost","floor":16,"turns":6},{"damage":21,"enemies":"2 Thieves","floor":18,"turns":4},{"damage":21,"enemies":"Shell Parasite","floor":22,"turns":4},{"damage":39,"enemies":"Slavers","floor":24,"turns":5},{"damage":46,"enemies":"Shelled Parasite and Fungi","floor":28,"turns":3}],"seed_played":"2149229142021227267","potions_obtained":[{"floor":5,"key":"Fire Potion"},{"floor":16,"key":"AttackPotion"},{"floor":20,"key":"Poison Potion"},{"floor":20,"key":"SpeedPotion"},{"floor":20,"key":"Weak Potion"},{"floor":22,"key":"Ancient Potion"},{"floor":24,"key":"SneckoOil"}],"is_trial":false,"path_per_floor":["M","$","?","?","M","E","M","R","T","$","R","$","E","?","R","B",null,"M","?","?","$","M","R","E","?","T","?","M"],"character_chosen":"DEFECT","items_purchased":["Go for the Eyes","Redo","Hello World","Gash","Gash","Heatsinks","Loop","Storm","Conserve Battery"],"campfire_rested":1,"item_purchase_floors":[2,2,10,10,12,21,21,21,21],"current_hp_per_floor":[76,76,58,58,51,37,37,61,61,61,61,61,44,82,82,46,82,61,61,61,61,40,55,16,16,16,43,0],"gold":95,"neow_bonus":"TEN_PERCENT_HP_BONUS","is_prod":false,"is_daily":false,"chose_seed":false,"campfire_upgraded":3,"win_rate":0,"timestamp":1565715455,"path_taken":["M","$","?","?","M","E","?","R","T","?","R","$","E","?","R","BOSS","M","?","?","$","M","R","E","?","T","?","M"],"build_version":"2019-07-17","purchased_purges":0,"victory":false,"max_hp_per_floor":[82,82,82,82,82,82,82,82,82,82,82,82,82,82,82,82,82,82,82,82,82,82,82,82,82,82,82,82],"card_choices":[{"not_picked":["Beam Cell","Sweeping Beam"],"picked":"Static Discharge","floor":1.0},{"not_picked":["Ball Lightning","Double Energy"],"picked":"Coolheaded","floor":5},{"not_picked":["Conserve Battery","Sweeping Beam"],"picked":"Beam Cell","floor":6},{"not_picked":["Recycle","Cold Snap"],"picked":"Redo","floor":7},{"not_picked":["Darkness","Lockon"],"picked":"Machine Learning","floor":13},{"not_picked":["Meteor Strike","Electrodynamics"],"picked":"All For One","floor":16},{"not_picked":["Turbo","Hologram"],"picked":"Cold Snap","floor":18},{"not_picked":["Steam","Heatsinks"],"picked":"Chaos+1","floor":22},{"not_picked":["Biased Cognition","Chaos"],"picked":"Stack","floor":24}],"player_experience":306076,"relics_obtained":[{"floor":6,"key":"Nunchaku"},{"floor":9,"key":"Juzu Bracelet"},{"floor":13,"key":"Boot"},{"floor":24,"key":"Ancient Tea Set"},{"floor":26,"key":"Smiling Mask"}],"event_choices":[{"damage_healed":0,"gold_gain":0,"player_choice":"Success","damage_taken":18,"relics_obtained":["The Courier"],"max_hp_gain":0,"max_hp_loss":0,"event_name":"Scrap Ooze","floor":3,"gold_loss":0},{"damage_healed":0,"gold_gain":0,"player_choice":"Forge","damage_taken":0,"max_hp_gain":0,"max_hp_loss":0,"event_name":"Accursed Blacksmith","floor":4,"gold_loss":0,"cards_upgraded":["Static Discharge"]},{"damage_healed":38,"gold_gain":0,"player_choice":"Full Heal","damage_taken":0,"max_hp_gain":0,"max_hp_loss":0,"event_name":"Wheel of Change","floor":14,"gold_loss":0},{"damage_healed":0,"gold_gain":99,"player_choice":"Stole From Cult","damage_taken":0,"max_hp_gain":0,"max_hp_loss":0,"event_name":"Nest","floor":19,"gold_loss":0},{"damage_healed":0,"gold_gain":0,"player_choice":"Got Potions","damage_taken":0,"max_hp_gain":0,"max_hp_loss":0,"event_name":"Lab","floor":20,"gold_loss":0},{"damage_healed":0,"gold_gain":0,"player_choice":"Ignored","damage_taken":0,"max_hp_gain":0,"max_hp_loss":0,"event_name":"The Mausoleum","floor":25,"gold_loss":0},{"damage_healed":27,"gold_gain":0,"player_choice":"Heal","damage_taken":0,"max_hp_gain":0,"max_hp_loss":0,"event_name":"The Library","floor":27,"gold_loss":0}],"is_beta":false,"boss_relics":[{"not_picked":["White Beast Statue","Velvet Choker"],"picked":"Eternal Feather"}],"items_purged_floors":[],"is_endless":false,"potions_floor_spawned":[5,16,22,24],"killed_by":"Shelled Parasite and Fungi","ascension_level":1}