{"gold_per_floor":[110,110,1,16,35,67,67,81,81,107,119,119,119,22,22,117,117,133,133,97,297,326,352,352,352,379,299,316,334,334],"floor_reached":30,"playtime":2058,"items_purged":["Strike_G","Calculated Gamble"],"score":282,"play_id":"7fd7b015-710c-4b78-813a-b7a02221e20d","local_time":"20181015112023","is_ascension_mode":true,"campfire_choices":[{"data":"A Thousand Cuts","floor":7.0,"key":"SMITH"},{"data":"Footwork","floor":13.0,"key":"SMITH"},{"floor":15.0,"key":"REST"},{"data":"Well Laid Plans","floor":24.0,"key":"SMITH"}],"neow_cost":"NONE","seed_source_timestamp":261576983263208,"circlet_count":0,"master_deck":["Survivor","Neutralize","Footwork+1","A Thousand Cuts+1","Escape Plan","All Out Attack","Backflip","Flying Knee","Dodge and Roll","Noxious Fumes","Slice","Venomology","Backflip","Dagger Throw","Cloak And Dagger","Dodge and Roll","Choke","Poisoned Stab","Dodge and Roll+1","Well Laid Plans+1","Endless Agony+1","Escape Plan","Terror+1"],"special_seed":0,"relics":["Ring of the Snake","Anchor","Letter Opener","WingedGreaves","Pandora\u0027s Box","MutagenicStrength","Red Mask","The Courier","Orichalcum"],"potions_floor_usage":[30],"damage_taken":[{"damage":1.0,"enemies":"Jaw Worm","floor":1.0,"turns":7.0},{"damage":0.0,"enemies":"Cultist","floor":4.0,"turns":6.0},{"damage":0.0,"enemies":"2 Louse","floor":5.0,"turns":1.0},{"damage":9.0,"enemies":"3 Sentries","floor":6.0,"turns":7.0},{"damage":1.0,"enemies":"Looter","floor":8.0,"turns":4.0},{"damage":23.0,"enemies":"Gremlin Nob","floor":10.0,"turns":6.0},{"damage":0.0,"enemies":"Blue Slaver","floor":11.0,"turns":3.0},{"damage":2.0,"enemies":"Slime Boss","floor":16.0,"turns":7.0},{"damage":5.0,"enemies":"Shell Parasite","floor":18.0,"turns":5.0},{"damage":6.0,"enemies":"Masked Bandits","floor":22.0,"turns":4.0},{"damage":3.0,"enemies":"Gremlin Leader","floor":23.0,"turns":8.0},{"damage":5.0,"enemies":"Chosen","floor":28.0,"turns":6.0},{"damage":45.0,"enemies":"Snecko","floor":29.0,"turns":6.0},{"damage":12,"enemies":"Chosen and Byrds","floor":30,"turns":4}],"seed_played":"-7046902324588981185","potions_obtained":[{"floor":5.0,"key":"SkillPotion"},{"floor":8.0,"key":"Weak Potion"},{"floor":16.0,"key":"PowerPotion"},{"floor":23.0,"key":"Weak Potion"},{"floor":29.0,"key":"Regen Potion"}],"is_trial":false,"path_per_floor":["M","?","$","M","M","E","R","M","T","E","M","?","R","$","R","B",null,"M","?","$","?","?","E","R","?","T","$","M","M"],"character_chosen":"THE_SILENT","items_purchased":["Escape Plan","Noxious Fumes","Slice","Well Laid Plans"],"campfire_rested":1,"item_purchase_floors":[3,14,14,20],"current_hp_per_floor":[69,69,69,69,69,60,60,59,59,36,36,36,36,36,57,55,70,65,65,65,65,59,56,56,56,56,56,51,6,0],"gold":334,"neow_bonus":"REMOVE_CARD","is_prod":false,"is_daily":false,"chose_seed":false,"campfire_upgraded":3,"win_rate":0,"timestamp":1539598823,"path_taken":["M","?","$","?","M","E","R","M","T","E","M","?","R","$","R","BOSS","M","?","$","?","?","E","R","?","T","$","M","M","?"],"build_version":"2018-10-11","purchased_purges":2,"victory":false,"max_hp_per_floor":[70,70,70,70,70,70,70,70,70,70,70,70,70,70,70,70,70,70,70,70,70,70,70,70,70,70,70,70,70,70],"card_choices":[{"not_picked":["Dodge and Roll","Dagger Spray"],"picked":"Footwork","floor":1.0},{"not_picked":["Blade Dance","Dagger Spray"],"picked":"All Out Attack","floor":4.0},{"not_picked":["Flechettes","Grand Finale"],"picked":"Backflip","floor":5.0},{"not_picked":["Bane","Quick Slash"],"picked":"Flying Knee","floor":6.0},{"not_picked":["Calculated Gamble","Blade Dance","Acrobatics"],"picked":"SKIP","floor":8.0},{"not_picked":["Endless Agony","Deadly Poison","Poisoned Stab"],"picked":"SKIP","floor":10.0},{"not_picked":["Endless Agony","Deadly Poison"],"picked":"Dodge and Roll","floor":11.0},{"not_picked":["Corpse Explosion","Phantasmal Killer"],"picked":"Venomology","floor":16.0},{"not_picked":["Cloak And Dagger","Deflect"],"picked":"Dodge and Roll+1","floor":18.0},{"not_picked":["Reflex","Underhanded Strike"],"picked":"Endless Agony+1","floor":22.0},{"not_picked":["Dash+1","Crippling Poison"],"picked":"Escape Plan","floor":23.0},{"not_picked":["Well Laid Plans","Dagger Throw","Underhanded Strike+1"],"picked":"SKIP","floor":28.0},{"not_picked":["PiercingWail","Backflip+1"],"picked":"Terror+1","floor":29.0}],"player_experience":171666,"relics_obtained":[{"floor":6.0,"key":"Anchor"},{"floor":9.0,"key":"Letter Opener"},{"floor":10.0,"key":"WingedGreaves"},{"floor":22.0,"key":"Red Mask"},{"floor":23.0,"key":"The Courier"},{"floor":26.0,"key":"Orichalcum"}],"event_choices":[{"event_name":"Transmorgrifier","player_choice":"Transform","floor":2.0,"damage_taken":0.0},{"event_name":"Liars Game","player_choice":"disagreed","floor":12.0,"damage_taken":0.0},{"event_name":"Drug Dealer","player_choice":"Inject Mutagens","floor":19.0,"damage_taken":0.0},{"event_name":"Wheel of Change","player_choice":"Gold","floor":21.0,"damage_taken":0.0},{"event_name":"Masked Bandits","player_choice":"Fought Bandits","floor":22.0,"damage_taken":0.0},{"event_name":"Cursed Tome","player_choice":"Ignored","floor":25.0,"damage_taken":0.0}],"is_beta":false,"boss_relics":[{"not_picked":["Lizard Tail","Fusion Hammer"],"picked":"Pandora\u0027s Box"}],"items_purged_floors":[3,27],"is_endless":false,"potions_floor_spawned":[5,8,16,23,29],"killed_by":"Chosen and Byrds","ascension_level":2}