{"gold_per_floor":[113,188,188,32,32,32,60,60,60,86,99,99,119,12,12,114,114,101,125,137,137,137,137,167,167,192,205,223,257,257,269,269,366,366,378,478,478,491,213,213,229,249,328,328,344,363,383,394,394,394],"floor_reached":51,"playtime":4854,"items_purged":[],"score":997,"play_id":"ab167d07-c965-4979-8b36-d51c40cc20f8","local_time":"20181207153311","is_ascension_mode":true,"campfire_choices":[{"data":"Footwork","floor":6.0,"key":"SMITH"},{"data":"Neutralize","floor":8.0,"key":"SMITH"},{"data":"Caltrops","floor":15.0,"key":"SMITH"},{"data":"Adrenaline","floor":23.0,"key":"SMITH"},{"data":"Tools of the Trade","floor":25.0,"key":"SMITH"},{"data":"Adrenaline","floor":32,"key":"SMITH"},{"data":"Apotheosis","floor":40,"key":"SMITH"},{"floor":44,"key":"REST"},{"floor":49,"key":"REST"}],"neow_cost":"NONE","seed_source_timestamp":0,"circlet_count":0,"master_deck":["Defend_G","Defend_G+1","Survivor","Neutralize+1","Slice","Footwork+1","Backstab","Tools of the Trade+1","Dagger Spray","Cloak And Dagger","Caltrops+1","PiercingWail","Adrenaline+1","Endless Agony+1","Backflip","Bite","Bite","Bite","Bite","Bite","Backflip","Adrenaline+1","Blur+1","Dodge and Roll+1","Footwork+1","Grand Finale+1","Deflect+1","Dodge and Roll+1","Accuracy+1","Dodge and Roll","Caltrops","Apotheosis+1","Sucker Punch+1","Backflip+1","Infinite Blades+1","Parasite","Backflip","Dodge and Roll+1","Deflect"],"special_seed":0,"relics":["Ring of the Snake","NeowsBlessing","PreservedInsect","Paper Crane","Ancient Tea Set","Happy Flower","Tiny Chest","Bag of Marbles","Ginger","Astrolabe","Pocketwatch","Ninja Scroll"],"potions_floor_usage":[33,35,36,46,48,50,50],"damage_taken":[{"damage":0.0,"enemies":"2 Louse","floor":1.0,"turns":1.0},{"damage":0.0,"enemies":"Gremlin Nob","floor":7.0,"turns":1.0},{"damage":0.0,"enemies":"3 Sentries","floor":10.0,"turns":1.0},{"damage":0.0,"enemies":"Small Slimes","floor":11.0,"turns":3.0},{"damage":0.0,"enemies":"Cultist","floor":13.0,"turns":3.0},{"damage":0.0,"enemies":"The Guardian","floor":16.0,"turns":12.0},{"damage":11.0,"enemies":"2 Thieves","floor":18.0,"turns":4.0},{"damage":2.0,"enemies":"Spheric Guardian","floor":20.0,"turns":5.0},{"damage":21.0,"enemies":"Snake Plant","floor":27.0,"turns":4.0},{"damage":18.0,"enemies":"Chosen and Byrds","floor":28.0,"turns":5.0},{"damage":1.0,"enemies":"Gremlin Leader","floor":29.0,"turns":4.0},{"damage":4,"enemies":"3 Cultists","floor":31,"turns":6},{"damage":70,"enemies":"Automaton","floor":33,"turns":23},{"damage":9,"enemies":"3 Darklings","floor":35,"turns":6},{"damage":0,"enemies":"Mind Bloom Boss Battle","floor":36,"turns":4},{"damage":0,"enemies":"3 Shapes","floor":38,"turns":8},{"damage":4,"enemies":"Maw","floor":41,"turns":11},{"damage":38,"enemies":"Transient","floor":42,"turns":5},{"damage":13,"enemies":"Sphere and 2 Shapes","floor":45,"turns":7},{"damage":20,"enemies":"Writhing Mass","floor":46,"turns":9},{"damage":2,"enemies":"4 Shapes","floor":47,"turns":7},{"damage":29,"enemies":"Jaw Worm Horde","floor":48,"turns":5},{"damage":71,"enemies":"Donu and Deca","floor":50,"turns":17}],"seed_played":"5572291003995086324","potions_obtained":[{"floor":7.0,"key":"Swift Potion"},{"floor":10.0,"key":"Energy Potion"},{"floor":16.0,"key":"GamblersBrew"},{"floor":20.0,"key":"PowerPotion"},{"floor":28.0,"key":"Fire Potion"},{"floor":29.0,"key":"Block Potion"},{"floor":33,"key":"Fruit Juice"},{"floor":35,"key":"Fire Potion"},{"floor":42,"key":"SkillPotion"},{"floor":45,"key":"EssenceOfSteel"},{"floor":46,"key":"SpeedPotion"},{"floor":48,"key":"Weak Potion"}],"is_trial":false,"path_per_floor":["M","?","?","$","?","R","E","R","T","E","M","?","M","$","R","B",null,"M","T","M","?","?","R","T","R","T","M","M","E","?","M","R","B",null,"M","?","?","M","$","R","M","M","T","R","M","M","M","M","R","B",null],"character_chosen":"THE_SILENT","items_purchased":["Footwork","Backstab","Caltrops","PiercingWail","Caltrops","Apotheosis"],"campfire_rested":2,"item_purchase_floors":[4,4,14,14,39,39],"current_hp_per_floor":[70,59,45,45,45,45,45,45,45,45,45,68,68,68,68,68,70,59,59,57,57,49,49,49,49,49,32,24,35,35,47,47,6,49,53,54,54,54,54,54,54,18,18,34,39,43,54,31,47,12],"gold":394,"neow_bonus":"THREE_ENEMY_KILL","is_prod":false,"is_daily":false,"chose_seed":false,"campfire_upgraded":7,"win_rate":0,"timestamp":1544196791,"path_taken":["M","?","?","$","?","R","E","R","T","E","M","?","M","?","R","BOSS","M","?","?","?","?","R","?","R","T","?","M","E","?","M","R","BOSS","M","?","?","M","$","R","M","M","T","R","M","M","?","M","R","BOSS"],"build_version":"2018-12-06","purchased_purges":0,"victory":true,"max_hp_per_floor":[70,70,70,70,70,70,70,70,70,70,70,70,70,70,70,70,70,70,70,70,70,49,49,49,49,49,49,49,49,49,49,49,49,49,54,54,54,54,54,54,54,54,54,54,54,54,54,54,54,54],"card_choices":[{"not_picked":["Dagger Throw","Outmaneuver"],"picked":"Slice","floor":1.0},{"not_picked":["Concentrate","Quick Slash","Deflect"],"picked":"SKIP","floor":7.0},{"not_picked":["Poisoned Stab","Bane"],"picked":"Tools of the Trade","floor":10.0},{"not_picked":["Acrobatics","Slice"],"picked":"Dagger Spray","floor":11.0},{"not_picked":["Expertise","Acrobatics"],"picked":"Cloak And Dagger","floor":13.0},{"not_picked":["Venomology","Bullet Time"],"picked":"Adrenaline","floor":16.0},{"not_picked":["Outmaneuver","Dagger Spray"],"picked":"Endless Agony+1","floor":18.0},{"not_picked":["Outmaneuver+1","Dagger Throw"],"picked":"Backflip","floor":20.0},{"not_picked":["Deflect+1","Bouncing Flask"],"picked":"Backflip","floor":27.0},{"not_picked":["Flying Knee","All Out Attack"],"picked":"Adrenaline","floor":28.0},{"not_picked":["Bullet Time","Cloak And Dagger"],"picked":"Blur+1","floor":29.0},{"not_picked":["Infinite Blades","Choke"],"picked":"Dodge and Roll+1","floor":31},{"not_picked":["Quick Slash","Underhanded Strike"],"picked":"Dodge and Roll+1","floor":35},{"not_picked":["Poisoned Stab+1","Cloak And Dagger"],"picked":"Accuracy+1","floor":36},{"not_picked":["Skewer+1","Bane+1"],"picked":"Dodge and Roll","floor":38},{"not_picked":["Choke","Dagger Throw"],"picked":"Sucker Punch+1","floor":41},{"not_picked":["Expertise","Phantasmal Killer"],"picked":"Backflip+1","floor":42},{"not_picked":["All Out Attack","Endless Agony"],"picked":"Infinite Blades+1","floor":45},{"not_picked":["Poisoned Stab+1","Prepared"],"picked":"Backflip","floor":46},{"not_picked":["Flechettes","Dagger Spray"],"picked":"Dodge and Roll+1","floor":47},{"not_picked":["Prepared","Poisoned Stab+1"],"picked":"Deflect","floor":48}],"player_experience":284562,"relics_obtained":[{"floor":7.0,"key":"PreservedInsect"},{"floor":9.0,"key":"Paper Crane"},{"floor":10.0,"key":"Ancient Tea Set"},{"floor":19.0,"key":"Happy Flower"},{"floor":24.0,"key":"Tiny Chest"},{"floor":26.0,"key":"Bag of Marbles"},{"floor":29.0,"key":"Ginger"},{"floor":36,"key":"Pocketwatch"},{"floor":43,"key":"Ninja Scroll"}],"event_choices":[{"damage_healed":0.0,"max_hp_gain":0.0,"max_hp_loss":0.0,"gold_gain":75.0,"event_name":"World of Goop","player_choice":"Gather Gold","floor":2.0,"gold_loss":0.0,"damage_taken":11.0},{"damage_healed":0.0,"max_hp_gain":0.0,"max_hp_loss":0.0,"gold_gain":0.0,"event_name":"Shining Light","player_choice":"Entered Light","floor":3.0,"gold_loss":0.0,"damage_taken":14.0,"cards_upgraded":["Strike_G","Defend_G"]},{"cards_removed":["Strike_G"],"damage_healed":0.0,"max_hp_gain":0.0,"max_hp_loss":0.0,"gold_gain":0.0,"event_name":"Living Wall","player_choice":"Forget","floor":5.0,"gold_loss":0.0,"damage_taken":0.0},{"damage_healed":23.0,"max_hp_gain":0.0,"max_hp_loss":0.0,"gold_gain":0.0,"event_name":"Big Fish","player_choice":"Banana","floor":12.0,"gold_loss":0.0,"damage_taken":0.0},{"damage_healed":0.0,"max_hp_gain":0.0,"max_hp_loss":0.0,"gold_gain":0.0,"event_name":"Ghosts","player_choice":"Ignored","floor":21.0,"gold_loss":0.0,"damage_taken":0.0},{"damage_healed":0.0,"max_hp_gain":0.0,"max_hp_loss":21.0,"gold_gain":0.0,"event_name":"Vampires","player_choice":"Became a vampire","floor":22.0,"gold_loss":0.0,"damage_taken":0.0,"cards_obtained":["Bite","Bite","Bite","Bite","Bite"]},{"damage_healed":0.0,"max_hp_gain":0.0,"max_hp_loss":0.0,"gold_gain":0.0,"event_name":"The Mausoleum","player_choice":"Ignored","floor":30.0,"gold_loss":0.0,"damage_taken":0.0},{"damage_healed":0,"gold_gain":0,"player_choice":"Fight","damage_taken":0,"max_hp_gain":0,"max_hp_loss":0,"event_name":"MindBloom","floor":36,"gold_loss":0},{"damage_healed":0,"gold_gain":0,"player_choice":"Ignored","damage_taken":0,"max_hp_gain":0,"max_hp_loss":0,"event_name":"SecretPortal","floor":37,"gold_loss":0}],"is_beta":false,"boss_relics":[{"not_picked":["Runic Pyramid","Calling Bell","Runic Dome"]},{"not_picked":["Tiny House","Black Star"],"picked":"Astrolabe"}],"items_purged_floors":[],"is_endless":false,"potions_floor_spawned":[7,10,16,20,28,29,33,35,42,45,46,48],"ascension_level":4}