{"gold_per_floor":[114,35,110,120,52,85,97,123,149,184,184,203,230,258,270,282],"floor_reached":16,"playtime":637,"items_purged":[],"score":315,"play_id":"a6d76e29-32ea-4adb-8189-34b52809f28f","local_time":"20190814130637","is_ascension_mode":true,"campfire_choices":[{"data":"Uppercut","floor":15,"key":"SMITH"}],"neow_cost":"NONE","seed_source_timestamp":185635830368900,"circlet_count":0,"master_deck":["AscendersBane","Strike_R","Strike_R","Strike_R","Strike_R","Strike_R","Defend_R","Defend_R","Defend_R","Defend_R","Bash","Armaments","Battle Trance","Uppercut+1","Feel No Pain","True Grit","Second Wind","Juggernaut","True Grit","True Grit","Rampage"],"relics":["Burning Blood","NeowsBlessing","Ancient Tea Set","Blood Vial","Oddly Smooth Stone","Bronze Scales","MawBank"],"potions_floor_usage":[8,12,16],"damage_taken":[{"damage":0,"enemies":"Small Slimes","floor":1,"turns":1},{"damage":0,"enemies":"Jaw Worm","floor":4,"turns":1},{"damage":0,"enemies":"Gremlin Nob","floor":6,"turns":1},{"damage":0,"enemies":"Cultist","floor":7,"turns":4},{"damage":20,"enemies":"Lagavulin","floor":8,"turns":8},{"damage":46,"enemies":"Gremlin Nob","floor":10,"turns":5},{"damage":0,"enemies":"3 Louse","floor":12,"turns":3},{"damage":0,"enemies":"Lagavulin","floor":13,"turns":6},{"damage":3,"enemies":"2 Fungi Beasts","floor":14,"turns":4},{"damage":51,"enemies":"The Guardian","floor":16,"turns":10}],"seed_played":"-8296187301281693086","potions_obtained":[{"floor":7,"key":"AttackPotion"},{"floor":10,"key":"Fire Potion"},{"floor":13,"key":"SteroidPotion"}],"is_trial":false,"path_per_floor":["M","$","?","M","$","E","M","E","T","E","?","M","E","M","R","B"],"character_chosen":"IRONCLAD","items_purchased":["Battle Trance","Feel No Pain"],"campfire_rested":0,"item_purchase_floors":[2,5],"current_hp_per_floor":[74,74,63,69,69,75,75,61,61,23,23,31,39,44,44,0],"gold":282,"neow_bonus":"THREE_ENEMY_KILL","is_prod":false,"is_daily":false,"chose_seed":false,"campfire_upgraded":1,"win_rate":0,"timestamp":1565802397,"path_taken":["M","$","?","M","$","E","M","E","T","E","?","M","E","M","R","BOSS"],"build_version":"2019-07-17","purchased_purges":0,"victory":false,"max_hp_per_floor":[75,75,75,75,75,75,75,75,75,75,75,75,75,75,75,75],"card_choices":[{"not_picked":["Warcry","Pommel Strike"],"picked":"Armaments","floor":1},{"not_picked":["Clash","Iron Wave"],"picked":"Uppercut","floor":4},{"not_picked":["Rupture","Fire Breathing","Heavy Blade"],"picked":"SKIP","floor":6},{"not_picked":["Entrench","Rupture"],"picked":"True Grit","floor":7},{"not_picked":["Flex","Uppercut"],"picked":"Second Wind","floor":8},{"not_picked":["Headbutt","Second Wind"],"picked":"Juggernaut","floor":10},{"not_picked":["Headbutt","Heavy Blade"],"picked":"True Grit","floor":12},{"not_picked":["Perfected Strike","Wild Strike"],"picked":"True Grit","floor":13},{"not_picked":["Power Through","Pommel Strike"],"picked":"Rampage","floor":14}],"player_experience":748420,"relics_obtained":[{"floor":6,"key":"Ancient Tea Set"},{"floor":8,"key":"Blood Vial"},{"floor":9,"key":"Oddly Smooth Stone"},{"floor":10,"key":"Bronze Scales"},{"floor":13,"key":"MawBank"}],"event_choices":[{"damage_healed":0,"gold_gain":75,"player_choice":"Gather Gold","damage_taken":11,"max_hp_gain":0,"max_hp_loss":0,"event_name":"World of Goop","floor":3,"gold_loss":0},{"damage_healed":0,"gold_gain":0,"player_choice":"Searched \u00270\u0027 times","damage_taken":0,"max_hp_gain":0,"max_hp_loss":0,"event_name":"Dead Adventurer","floor":11,"gold_loss":0}],"is_beta":false,"boss_relics":[],"items_purged_floors":[],"is_endless":false,"potions_floor_spawned":[7,10,13],"killed_by":"The Guardian","ascension_level":15}