{"gold_per_floor":[212,162,11,11,25,25,42,42,69,104,104,134,84,103,103,199,249,249],"floor_reached":18,"playtime":4538,"items_purged":["Strike_G","Strike_G"],"score":185,"play_id":"f81ef42f-b1cb-4e22-94d9-49576e0ae9db","local_time":"20181019141813","is_ascension_mode":true,"campfire_choices":[{"data":"Caltrops","floor":6,"key":"SMITH"},{"data":"Dagger Throw","floor":8,"key":"SMITH"},{"floor":15,"key":"REST"}],"neow_cost":"NONE","seed_source_timestamp":147390995480653,"circlet_count":0,"master_deck":["Defend_G","Defend_G+1","Defend_G+1","Defend_G","Defend_G","Strike_G","Strike_G","Survivor","Neutralize+1","Caltrops+1","Dagger Throw+1","Backflip","Glass Knife","Terror"],"special_seed":0,"relics":["Ring of the Snake","Smiling Mask","Singing Bowl","Pen Nib","Tiny House"],"potions_floor_usage":[10],"damage_taken":[{"damage":0,"enemies":"Cultist","floor":1,"turns":4},{"damage":0,"enemies":"Small Slimes","floor":5,"turns":4},{"damage":0,"enemies":"2 Louse","floor":7,"turns":3},{"damage":13,"enemies":"Lagavulin","floor":10,"turns":9},{"damage":18,"enemies":"3 Sentries","floor":12,"turns":9},{"damage":7,"enemies":"2 Fungi Beasts","floor":14,"turns":5},{"damage":6,"enemies":"The Guardian","floor":16,"turns":14},{"damage":16,"enemies":"3 Byrds","floor":18,"turns":5}],"seed_played":"-3092946904706554352","potions_obtained":[{"floor":7,"key":"Swift Potion"},{"floor":10,"key":"Swift Potion"},{"floor":12,"key":"EssenceOfSteel"},{"floor":17,"key":"FearPotion"}],"is_trial":false,"path_per_floor":["M","?","$","?","M","R","M","R","T","E","?","E","$","M","R","B",null],"character_chosen":"THE_SILENT","items_purchased":["Caltrops"],"campfire_rested":1,"item_purchase_floors":[3],"current_hp_per_floor":[70,70,70,56,56,56,56,56,56,43,43,27,27,22,44,38,79,63],"gold":249,"neow_bonus":"HUNDRED_GOLD","is_prod":false,"is_daily":false,"chose_seed":false,"campfire_upgraded":2,"win_rate":0,"timestamp":1539955093,"path_taken":["M","?","$","?","M","R","M","R","T","E","?","E","$","M","R","BOSS","M"],"build_version":"2018-10-18","purchased_purges":2,"victory":false,"max_hp_per_floor":[70,70,70,70,70,70,70,70,70,70,70,72,72,74,74,74,79,79],"card_choices":[{"not_picked":["Blade Dance","Outmaneuver","Quick Slash"],"picked":"SKIP","floor":1},{"not_picked":["Skewer","Deadly Poison","Quick Slash"],"picked":"SKIP","floor":5},{"not_picked":["Concentrate","Underhanded Strike"],"picked":"Dagger Throw","floor":7},{"not_picked":["Corpse Explosion","Flying Knee"],"picked":"Backflip","floor":10},{"not_picked":["Outmaneuver","Acrobatics","Bouncing Flask"],"picked":"Singing Bowl","floor":12},{"not_picked":["Prepared","Deflect","Skewer"],"picked":"Singing Bowl","floor":14},{"not_picked":["Die Die Die","Tools of the Trade"],"picked":"Glass Knife","floor":16},{"not_picked":["Escape Plan","Flying Knee"],"picked":"Terror","floor":17}],"player_experience":181433,"relics_obtained":[{"floor":9,"key":"Smiling Mask"},{"floor":10,"key":"Singing Bowl"},{"floor":12,"key":"Pen Nib"}],"event_choices":[{"cards_removed":["Strike_G"],"damage_healed":0,"gold_gain":0,"player_choice":"Card Removal","damage_taken":0,"max_hp_gain":0,"max_hp_loss":0,"event_name":"The Cleric","floor":2,"gold_loss":50},{"damage_healed":0,"gold_gain":0,"player_choice":"Entered Light","damage_taken":14,"max_hp_gain":0,"max_hp_loss":0,"event_name":"Shining Light","floor":4,"gold_loss":0,"cards_upgraded":["Defend_G","Neutralize"]},{"damage_healed":0,"gold_gain":0,"player_choice":"Ignored","damage_taken":0,"max_hp_gain":0,"max_hp_loss":0,"event_name":"Liars Game","floor":11,"gold_loss":0}],"is_beta":false,"boss_relics":[{"not_picked":["Philosopher\u0027s Stone","WristBlade"],"picked":"Tiny House"}],"items_purged_floors":[3,13],"is_endless":false,"potions_floor_spawned":[7,10,12],"killed_by":"3 Byrds","ascension_level":2}