{"gold_per_floor":[209,222,222,472,485,485,502,502,552,7,7,27,43,56,56,56],"floor_reached":16,"playtime":795,"items_purged":[],"score":94,"play_id":"37f66d75-ed93-4650-bca2-a02ebc1e2a39","local_time":"20180624100734","is_ascension_mode":false,"campfire_choices":[{"data":"Carnage","floor":6,"key":"SMITH"},{"floor":11,"key":"REST"},{"floor":15,"key":"REST"}],"neow_cost":"NONE","seed_source_timestamp":460100921202869,"circlet_count":0,"master_deck":["Strike_R","Strike_R","Strike_R","Strike_R","Strike_R","Defend_R","Defend_R","Defend_R","Bash","Wild Strike","Carnage+1","Ghostly Armor","Regret","Heavy Blade","Searing Blow","Injury","Clothesline","Clothesline","Combust","Perfected Strike"],"relics":["Burning Blood","Golden Idol","Potion Belt","Mercury Hourglass","Dodecahedron"],"potions_floor_usage":[7,14,16],"damage_taken":[{"damage":6,"enemies":"2 Louse","floor":1,"turns":5},{"damage":4,"enemies":"Cultist","floor":2,"turns":4},{"damage":13,"enemies":"Jaw Worm","floor":5,"turns":3},{"damage":17,"enemies":"3 Louse","floor":7,"turns":3},{"damage":23,"enemies":"Lots of Slimes","floor":12,"turns":3},{"damage":14,"enemies":"2 Fungi Beasts","floor":13,"turns":3},{"damage":7,"enemies":"Looter","floor":14,"turns":3},{"damage":91,"enemies":"The Guardian","floor":16,"turns":9}],"seed_played":"-2116115750293762295","potions_obtained":[{"floor":5,"key":"SpeedPotion"},{"floor":7,"key":"SteroidPotion"},{"floor":13,"key":"FairyPotion"},{"floor":14,"key":"SkillPotion"}],"is_trial":false,"path_per_floor":["M","M","?","?","M","R","M","?","T","$","R","M","M","M","R"],"character_chosen":"IRONCLAD","items_purchased":["Mercury Hourglass","Dodecahedron","Clothesline"],"campfire_rested":2,"item_purchase_floors":[10,10,10],"current_hp_per_floor":[80,80,80,80,73,73,62,62,62,62,80,63,55,54,78,0],"gold":56,"neow_bonus":"HUNDRED_GOLD","is_prod":false,"is_daily":false,"chose_seed":false,"campfire_upgraded":1,"win_rate":0.0,"timestamp":1529831254,"path_taken":["M","M","?","?","M","R","M","?","T","$","R","M","M","M","R","BOSS"],"build_version":"2018-06-21v2","purchased_purges":0,"victory":false,"max_hp_per_floor":[80,80,80,80,80,80,80,80,80,80,80,80,80,80,80,80],"card_choices":[{"not_picked":["Thunderclap","Disarm"],"picked":"Wild Strike","floor":1},{"not_picked":["Searing Blow","Cleave"],"picked":"Carnage","floor":2},{"not_picked":["Thunderclap","Havoc"],"picked":"Heavy Blade","floor":5},{"not_picked":["Combust","Flame Barrier"],"picked":"Searing Blow","floor":7},{"not_picked":["Pommel Strike","Iron Wave"],"picked":"Clothesline","floor":12},{"not_picked":["Evolve","Burning Pact"],"picked":"Combust","floor":13},{"not_picked":["Sentinel","Clash"],"picked":"Perfected Strike","floor":14}],"player_experience":98518,"relics_obtained":[{"floor":9,"key":"Potion Belt"}],"event_choices":[{"event_name":"Transmorgrifier","player_choice":"Transform","floor":3,"damage_taken":0},{"event_name":"Golden Shrine","player_choice":"Desecrate","floor":4,"damage_taken":0},{"event_name":"Golden Idol","player_choice":"Take Wound","floor":8,"damage_taken":0}],"boss_relics":[],"items_purged_floors":[],"is_endless":false,"potions_floor_spawned":[5,7,13,14],"killed_by":"The Guardian","ascension_level":0}