{"gold_per_floor":[18,30,44,44,44,79,79,94,94,94,169,169,204,224,224,320,320,336,346,358,249,249],"floor_reached":22,"playtime":1058,"items_purged":["Strike_R"],"score":274,"play_id":"43bcb8d2-c9e1-4a29-a120-1b153c378c16","local_time":"20190727233455","is_ascension_mode":true,"campfire_choices":[{"data":"Bash","floor":7,"key":"SMITH"},{"data":"True Grit","floor":10,"key":"SMITH"},{"floor":12,"key":"REST"},{"floor":15,"key":"REST"}],"neow_cost":"NO_GOLD","seed_source_timestamp":550228395531300,"circlet_count":0,"master_deck":["Strike_R","Strike_R","Strike_R","Defend_R","Defend_R","Defend_R","Bash+1","Shrug It Off","Clothesline+1","Pommel Strike","Headbutt","True Grit+1","Juggernaut","Dropkick","Entrench+1","Metallicize"],"relics":["Burning Blood","Art of War","Shuriken","Champion Belt","Cursed Key"],"potions_floor_usage":[13,16,16,16,22],"damage_taken":[{"damage":18,"enemies":"Small Slimes","floor":1,"turns":5},{"damage":4,"enemies":"Cultist","floor":2,"turns":5},{"damage":3,"enemies":"2 Louse","floor":3,"turns":4},{"damage":32,"enemies":"Gremlin Nob","floor":6,"turns":4},{"damage":19,"enemies":"Exordium Wildlife","floor":8,"turns":4},{"damage":30,"enemies":"3 Sentries","floor":13,"turns":9},{"damage":4,"enemies":"Blue Slaver","floor":14,"turns":4},{"damage":19,"enemies":"Hexaghost","floor":16,"turns":14},{"damage":27,"enemies":"3 Byrds","floor":18,"turns":7},{"damage":10,"enemies":"Chosen","floor":19,"turns":4},{"damage":12,"enemies":"Centurion and Healer","floor":20,"turns":7},{"damage":38,"enemies":"Masked Bandits","floor":22,"turns":4}],"seed_played":"-4276915769195417393","potions_obtained":[{"floor":2,"key":"Fire Potion"},{"floor":8,"key":"AttackPotion"},{"floor":13,"key":"SkillPotion"},{"floor":14,"key":"LiquidBronze"},{"floor":16,"key":"Poison Potion"},{"floor":18,"key":"FearPotion"}],"is_trial":false,"path_per_floor":["M","M","M","?","$","E","R","M","T","R","?","R","E","M","R","B",null,"M","M","M","$","?"],"character_chosen":"IRONCLAD","items_purchased":["Metallicize"],"campfire_rested":2,"item_purchase_floors":[21],"current_hp_per_floor":[60,62,65,65,65,39,39,26,26,26,15,39,15,17,41,28,67,46,42,36,36,0],"gold":249,"neow_bonus":"REMOVE_TWO","is_prod":false,"is_daily":false,"chose_seed":false,"campfire_upgraded":2,"win_rate":0,"timestamp":1564284895,"path_taken":["M","M","M","?","$","E","R","?","T","R","?","R","E","M","R","BOSS","M","M","M","$","?"],"build_version":"2019-07-17","purchased_purges":1,"victory":false,"max_hp_per_floor":[80,80,80,80,80,80,80,80,80,80,80,80,80,80,80,80,80,80,80,80,80,80],"card_choices":[{"not_picked":["Havoc","Flex"],"picked":"Shrug It Off","floor":1},{"not_picked":["Dropkick","Evolve"],"picked":"Clothesline","floor":2},{"not_picked":["Warcry","Iron Wave"],"picked":"Pommel Strike","floor":3},{"not_picked":["Feel No Pain","Clothesline"],"picked":"Headbutt","floor":6},{"not_picked":["Havoc","Battle Trance"],"picked":"True Grit","floor":8},{"not_picked":["Rupture","Cleave","Barricade"],"picked":"SKIP","floor":13},{"not_picked":["Second Wind","Perfected Strike","Intimidate"],"picked":"SKIP","floor":14},{"not_picked":["Brutality","Impervious"],"picked":"Juggernaut","floor":16},{"not_picked":["Perfected Strike","Cleave","Searing Blow"],"picked":"SKIP","floor":18},{"not_picked":["Body Slam","Bloodletting"],"picked":"Dropkick","floor":19},{"not_picked":["Clothesline","Sword Boomerang"],"picked":"Entrench+1","floor":20}],"player_experience":558046,"relics_obtained":[{"floor":6,"key":"Art of War"},{"floor":9,"key":"Shuriken"},{"floor":13,"key":"Champion Belt"}],"event_choices":[{"damage_healed":0,"gold_gain":0,"player_choice":"Upgraded","damage_taken":0,"max_hp_gain":0,"max_hp_loss":0,"event_name":"Upgrade Shrine","floor":4,"gold_loss":0,"cards_upgraded":["Clothesline"]},{"damage_healed":0,"gold_gain":75,"player_choice":"Gather Gold","damage_taken":11,"max_hp_gain":0,"max_hp_loss":0,"event_name":"World of Goop","floor":11,"gold_loss":0},{"damage_healed":0,"gold_gain":0,"player_choice":"Fought Bandits","damage_taken":0,"max_hp_gain":0,"max_hp_loss":0,"event_name":"Masked Bandits","floor":22,"gold_loss":0}],"is_beta":false,"boss_relics":[{"not_picked":["White Beast Statue","Pandora\u0027s Box"],"picked":"Cursed Key"}],"items_purged_floors":[21],"is_endless":false,"potions_floor_spawned":[2,8,13,14,16,18],"killed_by":"Masked Bandits","ascension_level":8}