{"gold_per_floor":[112,37,57,67,142,142,168,168,240,266,266,285,285,295,295,397,397,413,413,413,427,427,427,273,273,352,352,109,208,218,231,231,332,332,348,348,362,376,387,387,399,399,422,422,432,432,55,55,55,55],"floor_reached":50,"playtime":5813,"items_purged":["Strike_G"],"score":465,"play_id":"db9d7e81-7086-446f-9787-bbf3ed2d3466","local_time":"20180628121341","is_ascension_mode":false,"campfire_choices":[{"data":"Dagger Spray","floor":6,"key":"SMITH"},{"data":"Well Laid Plans","floor":8,"key":"SMITH"},{"data":"Dash","floor":13,"key":"SMITH"},{"floor":15,"key":"REST"},{"data":"Burst","floor":23,"key":"SMITH"},{"data":"Backflip","floor":25,"key":"SMITH"},{"data":"Leg Sweep","floor":27,"key":"SMITH"},{"data":"Caltrops","floor":32,"key":"SMITH"},{"floor":40,"key":"REST"},{"data":"After Image","floor":42,"key":"SMITH"},{"floor":46,"key":"REST"},{"data":"Neutralize","floor":49,"key":"SMITH"}],"neow_cost":"NONE","seed_source_timestamp":808271097883082,"circlet_count":0,"master_deck":["Defend_G+1","Defend_G+1","Defend_G+1","Defend_G+1","Defend_G+1","Strike_G+1","Strike_G+1","Strike_G+1","Survivor","Neutralize+1","Dagger Spray+1","Dash+1","Caltrops+1","Well Laid Plans+1","Leg Sweep+1","Burst+1","Backstab+1","Backflip+1","After Image+1","Outmaneuver+1","Footwork+1","Leg Sweep+1","Dash+1"],"special_seed":17710,"relics":["Ring of the Snake","Strawberry","Bottled Lightning","Odd Mushroom","Meat on the Bone","Snecko Eye","Pen Nib","Pear","Potion Belt","Sozu","Anchor","Ice Cream"],"potions_floor_usage":[7,16,16,50],"damage_taken":[{"damage":0,"enemies":"Cultist","floor":1,"turns":5},{"damage":0,"enemies":"Small Slimes","floor":3,"turns":6},{"damage":0,"enemies":"Jaw Worm","floor":4,"turns":5},{"damage":12,"enemies":"Lagavulin","floor":7,"turns":11},{"damage":3,"floor":10,"turns":4},{"damage":0,"enemies":"3 Louse","floor":12,"turns":3},{"damage":0,"enemies":"Exordium Wildlife","floor":14,"turns":5},{"damage":29,"enemies":"Slime Boss","floor":16,"turns":16},{"damage":8,"enemies":"Spheric Guardian","floor":18,"turns":8},{"damage":1,"enemies":"2 Thieves","floor":21,"turns":5},{"damage":0,"enemies":"Slaver and Parasite","floor":30,"turns":8},{"damage":2,"enemies":"Centurion and Healer","floor":31,"turns":11},{"damage":5,"enemies":"Automaton","floor":33,"turns":16},{"damage":5,"enemies":"Orb Walker","floor":35,"turns":6},{"damage":13,"enemies":"3 Darklings","floor":37,"turns":5},{"damage":20,"enemies":"4 Shapes","floor":38,"turns":5},{"damage":21,"enemies":"Maw","floor":39,"turns":13},{"damage":0,"enemies":"3 Darklings","floor":41,"turns":5},{"damage":6,"enemies":"4 Shapes","floor":45,"turns":5},{"damage":108,"enemies":"Donu and Deca","floor":50,"turns":24}],"seed_played":"-1882914104102308116","potions_obtained":[{"floor":3,"key":"Poison Potion"},{"floor":7,"key":"Swift Potion"},{"floor":10,"key":"Block Potion"},{"floor":21,"key":"Swift Potion"}],"is_trial":false,"path_per_floor":["M","$","M","M","?","R","E","R","T","?","T","M","R","M","R","B",null,"M","?","?","M","$","R","$","R","T","R","$","?","M","M","R","B",null,"M","?","M","M","M","R","M","R","T","?","M","R","$","?","R"],"character_chosen":"THE_SILENT","items_purchased":["Pen Nib","Potion Belt","FairyPotion","Dash","Ice Cream"],"campfire_rested":3,"item_purchase_floors":[24,28,28,47,47],"current_hp_per_floor":[70,70,70,70,59,59,54,54,54,51,51,51,51,51,74,45,77,69,69,69,68,68,68,68,68,78,78,78,78,78,76,76,71,87,82,82,69,49,40,66,66,66,66,66,60,86,86,86,86,0],"gold":55,"neow_bonus":"REMOVE_CARD","is_prod":false,"is_daily":false,"chose_seed":false,"campfire_upgraded":9,"win_rate":0,"timestamp":1530184421,"path_taken":["M","$","M","M","?","R","E","R","T","?","?","M","R","M","R","BOSS","M","?","?","M","?","R","$","R","T","R","$","?","M","M","R","BOSS","M","?","M","M","M","R","M","R","T","?","M","R","$","?","R","BOSS"],"build_version":"2018-06-21v2","purchased_purges":1,"victory":false,"max_hp_per_floor":[70,70,70,70,70,70,77,77,77,77,77,77,77,77,77,77,77,77,77,77,77,77,77,77,77,87,87,87,87,87,87,87,87,87,87,87,87,87,87,87,87,87,87,87,87,87,87,87,87,87],"card_choices":[{"not_picked":["Expertise","PiercingWail"],"picked":"Dagger Spray","floor":1},{"not_picked":["Bane","Deadly Poison"],"picked":"Dash","floor":3},{"not_picked":["PiercingWail","Outmaneuver"],"picked":"Caltrops","floor":4},{"not_picked":["Dodge and Roll","Slice"],"picked":"Well Laid Plans","floor":7},{"not_picked":["Blade Dance","Dagger Spray"],"picked":"Leg Sweep","floor":12},{"not_picked":["Poisoned Stab","Quick Slash","All Out Attack"],"picked":"SKIP","floor":14},{"not_picked":["Phantasmal Killer","Storm of Steel"],"picked":"Burst","floor":16},{"not_picked":["Dodge and Roll","Sucker Punch"],"picked":"Backstab+1","floor":18},{"not_picked":["Dagger Throw","Dodge and Roll"],"picked":"Backflip","floor":21},{"not_picked":["Underhanded Strike","Bullet Time","Deadly Poison"],"picked":"SKIP","floor":30},{"not_picked":["Slice+1","Dagger Spray","Quick Slash+1"],"picked":"SKIP","floor":31},{"not_picked":["Wraith Form v2","Venomology"],"picked":"After Image","floor":33},{"not_picked":["Outmaneuver","Poisoned Stab+1","Skewer"],"picked":"SKIP","floor":35},{"not_picked":["Finisher","Deflect+1","PiercingWail"],"picked":"SKIP","floor":37},{"not_picked":["Predator","Quick Slash+1"],"picked":"Outmaneuver+1","floor":38},{"not_picked":["Slice+1","Dagger Throw"],"picked":"Footwork+1","floor":39},{"not_picked":["Prepared","Dagger Spray"],"picked":"Leg Sweep+1","floor":41},{"not_picked":["Wraith Form v2","Quick Slash+1","Catalyst"],"picked":"SKIP","floor":45}],"player_experience":206960,"relics_obtained":[{"floor":7,"key":"Strawberry"},{"floor":9,"key":"Bottled Lightning"},{"floor":10,"key":"Odd Mushroom"},{"floor":11,"key":"Meat on the Bone"},{"floor":26,"key":"Pear"},{"floor":43,"key":"Anchor"}],"event_choices":[{"event_name":"World of Goop","player_choice":"Gather Gold","floor":5,"damage_taken":0},{"event_name":"Mushrooms","player_choice":"Fought Mushrooms","floor":10,"damage_taken":0},{"event_name":"Ghosts","player_choice":"Ignored","floor":19,"damage_taken":0},{"event_name":"Back to Basics","player_choice":"Simplicity","floor":20,"damage_taken":0},{"event_name":"Nest","player_choice":"Stole From Cult","floor":29,"damage_taken":0},{"event_name":"The Lab","player_choice":"Got Potions","floor":36,"damage_taken":0},{"event_name":"Accursed Blacksmith","player_choice":"Ignore","floor":44,"damage_taken":0},{"event_name":"Upgrade Shrine","player_choice":"Upgraded","floor":48,"damage_taken":0}],"boss_relics":[{"not_picked":["Runic Dome","Velvet Choker"],"picked":"Snecko Eye"},{"not_picked":["Busted Crown","Orrery"],"picked":"Sozu"}],"items_purged_floors":[2],"is_endless":false,"potions_floor_spawned":[3,7,10,21,37,45],"killed_by":"Donu and Deca","ascension_level":0}