{"gold_per_floor":[114,127,138,138,138,169,169,199,199,214,271,271,46,63,63,161,161,180,195,46,145,145,171,96,96,169,169,116,145,145,163,163,262,262,280,291,391,19,19,19,50,50,50,61,61,61,88,51,51,51],"floor_reached":50,"playtime":3382,"items_purged":["Strike_R","Strike_R","Strike_R"],"score":883,"play_id":"947c2e91-d028-4254-b9ec-36dcad4e5753","local_time":"20190801105339","is_ascension_mode":true,"campfire_choices":[{"data":"Bash","floor":7,"key":"SMITH"},{"data":"Uppercut","floor":12,"key":"SMITH"},{"data":"Disarm","floor":15,"key":"SMITH"},{"data":"True Grit","floor":25,"key":"SMITH"},{"data":"Armaments","floor":27,"key":"SMITH"},{"data":"Metallicize","floor":30,"key":"SMITH"},{"data":"Rage","floor":32,"key":"SMITH"},{"data":"Inflame","floor":40,"key":"SMITH"},{"data":"Shockwave","floor":42,"key":"SMITH"},{"data":"Whirlwind","floor":46,"key":"SMITH"},{"floor":49,"key":"REST"}],"neow_cost":"NONE","seed_source_timestamp":934247663809100,"circlet_count":0,"master_deck":["Strike_R","Defend_R","Defend_R","Defend_R","Defend_R","Bash+1","Sword Boomerang","Whirlwind+1","Inflame+1","Shockwave+1","Uppercut+1","Rage+1","Metallicize+1","Disarm+1","Ghostly Armor","Immolate","Armaments+1","Thunderclap","True Grit+1","Battle Trance","Shrug It Off","Feed","Shrug It Off+1","Evolve+1","Dropkick+1","Juggernaut+1","Feel No Pain+1"],"relics":["Burning Blood","Juzu Bracelet","Torii","Bag of Preparation","Darkstone Periapt","Orichalcum","Velvet Choker","Vajra","Pear","Meat on the Bone","Busted Crown","Incense Burner","Blood Vial","Frozen Egg 2","Potion Belt","Du-Vu Doll"],"potions_floor_usage":[8,23,33,35,41,50,50,50],"damage_taken":[{"damage":4,"enemies":"Small Slimes","floor":1,"turns":3},{"damage":1,"enemies":"Cultist","floor":2,"turns":3},{"damage":0,"enemies":"2 Louse","floor":3,"turns":1},{"damage":35,"enemies":"Lagavulin","floor":6,"turns":5},{"damage":23,"enemies":"3 Sentries","floor":8,"turns":5},{"damage":18,"enemies":"Large Slime","floor":10,"turns":6},{"damage":33,"enemies":"3 Sentries","floor":11,"turns":7},{"damage":0,"enemies":"Blue Slaver","floor":14,"turns":4},{"damage":0,"enemies":"Hexaghost","floor":16,"turns":11},{"damage":9,"enemies":"2 Thieves","floor":18,"turns":3},{"damage":6,"enemies":"Chosen","floor":19,"turns":4},{"damage":6,"enemies":"Book of Stabbing","floor":23,"turns":7},{"damage":2,"enemies":"Gremlin Leader","floor":29,"turns":7},{"damage":1,"enemies":"3 Cultists","floor":31,"turns":4},{"damage":85,"enemies":"Champ","floor":33,"turns":20},{"damage":10,"enemies":"3 Shapes","floor":35,"turns":7},{"damage":1,"enemies":"Orb Walker","floor":36,"turns":5},{"damage":1,"enemies":"Mind Bloom Boss Battle","floor":37,"turns":11},{"damage":46,"enemies":"Nemesis","floor":41,"turns":11},{"damage":0,"enemies":"4 Shapes","floor":44,"turns":6},{"damage":42,"enemies":"Giant Head","floor":47,"turns":12},{"damage":98,"enemies":"Awakened One","floor":50,"turns":12}],"seed_played":"2674029298176766983","potions_obtained":[{"floor":1,"key":"Poison Potion"},{"floor":6,"key":"Regen Potion"},{"floor":8,"key":"Dexterity Potion"},{"floor":18,"key":"Weak Potion"},{"floor":33,"key":"Poison Potion"},{"floor":36,"key":"GamblersBrew"},{"floor":44,"key":"Poison Potion"}],"is_trial":false,"path_per_floor":["M","M","M","?","?","E","R","E","T","M","?","R","$","M","R","B",null,"M","M","$","?","?","E","?","R","T","R","$","E","R","M","R","B",null,"M","M","?","$","?","R","E","R","T","M","?","R","E","$","R","B"],"character_chosen":"IRONCLAD","items_purchased":["Metallicize","Disarm","True Grit","Shrug It Off","Blood Vial","PowerPotion","SpeedPotion","Feel No Pain+1"],"campfire_rested":1,"item_purchase_floors":[13,13,20,28,38,38,38,48],"current_hp_per_floor":[82,87,88,88,93,64,64,61,61,49,22,22,22,28,28,34,78,75,75,75,75,75,75,75,75,85,85,85,89,89,94,94,27,84,83,91,96,96,96,96,70,70,70,82,82,82,60,60,92,0],"gold":51,"neow_bonus":"TEN_PERCENT_HP_BONUS","is_prod":false,"is_daily":false,"chose_seed":false,"campfire_upgraded":10,"win_rate":0,"timestamp":1564671219,"path_taken":["M","M","M","?","?","E","R","E","T","M","?","R","$","M","R","BOSS","M","M","$","?","?","E","?","R","T","R","$","E","R","M","R","BOSS","M","M","?","$","?","R","E","R","T","M","?","R","E","?","R","BOSS"],"build_version":"2019-07-17","purchased_purges":3,"victory":false,"max_hp_per_floor":[88,88,88,88,93,93,93,93,93,93,93,93,93,93,93,93,93,93,93,93,93,93,93,93,93,103,103,103,103,103,103,103,103,103,106,109,109,109,104,104,104,104,104,108,108,108,108,108,108,108],"card_choices":[{"not_picked":["Power Through","Heavy Blade"],"picked":"Sword Boomerang","floor":1},{"not_picked":["Infernal Blade","Heavy Blade"],"picked":"Whirlwind","floor":2},{"not_picked":["Cleave","Headbutt"],"picked":"Inflame","floor":3},{"not_picked":["Flex","Havoc","Twin Strike"],"picked":"SKIP","floor":6},{"not_picked":["Fire Breathing","Ghostly Armor"],"picked":"Shockwave","floor":8},{"not_picked":["Havoc","Thunderclap"],"picked":"Uppercut","floor":10},{"not_picked":["Clothesline","Headbutt"],"picked":"Rage","floor":11},{"not_picked":["Combust","Sentinel"],"picked":"Ghostly Armor","floor":14},{"not_picked":["Exhume","Dark Embrace"],"picked":"Immolate","floor":16},{"not_picked":["Sword Boomerang","Flex"],"picked":"Armaments","floor":18},{"not_picked":["Rupture","Sentinel"],"picked":"Thunderclap","floor":19},{"not_picked":["True Grit","Flex"],"picked":"Seeing Red","floor":23},{"not_picked":["True Grit","Combust+1","Headbutt"],"picked":"SKIP","floor":29},{"not_picked":["Power Through","Havoc","Twin Strike+1"],"picked":"SKIP","floor":31},{"not_picked":["Brutality","Double Tap"],"picked":"Feed","floor":33},{"not_picked":["Sword Boomerang"],"picked":"SKIP","floor":35},{"not_picked":["Pommel Strike"],"picked":"SKIP","floor":36},{"not_picked":[],"picked":"Shrug It Off+1","floor":37},{"not_picked":[],"picked":"Evolve+1","floor":41},{"not_picked":[],"picked":"Dropkick+1","floor":44},{"not_picked":[],"picked":"Juggernaut+1","floor":47}],"player_experience":606360,"relics_obtained":[{"floor":6,"key":"Torii"},{"floor":8,"key":"Bag of Preparation"},{"floor":9,"key":"Darkstone Periapt"},{"floor":11,"key":"Orichalcum"},{"floor":23,"key":"Vajra"},{"floor":26,"key":"Pear"},{"floor":29,"key":"Meat on the Bone"},{"floor":37,"key":"Incense Burner"},{"floor":41,"key":"Frozen Egg 2"},{"floor":43,"key":"Potion Belt"},{"floor":47,"key":"Du-Vu Doll"}],"event_choices":[{"damage_healed":0,"gold_gain":0,"player_choice":"Gave Potion","damage_taken":0,"relics_obtained":["Juzu Bracelet"],"max_hp_gain":0,"max_hp_loss":0,"event_name":"WeMeetAgain","floor":4,"gold_loss":0},{"damage_healed":0,"gold_gain":0,"player_choice":"Donut","damage_taken":0,"max_hp_gain":5,"max_hp_loss":0,"event_name":"Big Fish","floor":5,"gold_loss":0},{"damage_healed":0,"gold_gain":30,"player_choice":"Searched \u00273\u0027 times","damage_taken":0,"max_hp_gain":0,"max_hp_loss":0,"event_name":"Dead Adventurer","floor":11,"gold_loss":0},{"damage_healed":0,"gold_gain":99,"player_choice":"Stole From Cult","damage_taken":0,"max_hp_gain":0,"max_hp_loss":0,"event_name":"Nest","floor":21,"gold_loss":0},{"damage_healed":0,"gold_gain":0,"player_choice":"Read","damage_taken":0,"max_hp_gain":0,"max_hp_loss":0,"event_name":"The Library","floor":22,"gold_loss":0,"cards_obtained":["Battle Trance"]},{"cards_removed":["Strike_R"],"damage_healed":0,"gold_gain":0,"player_choice":"Gave Gold","damage_taken":0,"max_hp_gain":0,"max_hp_loss":0,"event_name":"Beggar","floor":24,"gold_loss":75},{"damage_healed":0,"gold_gain":0,"player_choice":"Fight","damage_taken":0,"max_hp_gain":0,"max_hp_loss":0,"event_name":"MindBloom","floor":37,"gold_loss":0},{"damage_healed":0,"gold_gain":0,"player_choice":"Max HP","damage_taken":0,"max_hp_gain":0,"max_hp_loss":5,"event_name":"Winding Halls","floor":39,"gold_loss":0},{"cards_removed":["Seeing Red"],"damage_healed":0,"gold_gain":0,"player_choice":"Removed Skill","damage_taken":0,"max_hp_gain":0,"max_hp_loss":0,"event_name":"Falling","floor":45,"gold_loss":0}],"is_beta":false,"boss_relics":[{"not_picked":["Orrery","Empty Cage"],"picked":"Velvet Choker"},{"not_picked":["Runic Cube","Eternal Feather"],"picked":"Busted Crown"}],"items_purged_floors":[13,20,38],"is_endless":false,"potions_floor_spawned":[1,6,8,18,33,36,44],"killed_by":"Awakened One","ascension_level":9}