{"gold_per_floor":[115,68,143,155,155,189,189,214,214,224,242,259,259,117,117,222,222,232,245,255,255,41,41],"floor_reached":23,"playtime":912,"items_purged":["Defend_B","Strike_B"],"score":249,"play_id":"10f68bd0-e595-4277-9d25-b1543bf6fb68","local_time":"20190712014502","is_ascension_mode":true,"campfire_choices":[{"data":"Zap","floor":7,"key":"SMITH"},{"data":"BootSequence","floor":13,"key":"SMITH"},{"data":"Conserve Battery","floor":15,"key":"SMITH"}],"neow_cost":"NONE","seed_source_timestamp":34294216320400,"circlet_count":0,"master_deck":["Defend_B","Defend_B","Zap+1","Dualcast","Conserve Battery+1","Compile Driver","Cold Snap","Sweeping Beam","Thunder Strike","BootSequence+1","Capacitor+1","Machine Learning+1","Sunder+1","Coolheaded+1","Electrodynamics+1","Storm+1","Darkness+1","Self Repair+1","Capacitor+1","Consume"],"relics":["Cracked Core","NeowsBlessing","Mango","Ice Cream","Frozen Egg 2","Astrolabe"],"potions_floor_usage":[16,20,23],"damage_taken":[{"damage":0,"enemies":"Cultist","floor":1,"turns":1},{"damage":0,"enemies":"2 Louse","floor":4,"turns":1},{"damage":0,"enemies":"Lagavulin","floor":6,"turns":1},{"damage":27,"enemies":"Gremlin Nob","floor":8,"turns":4},{"damage":0,"enemies":"Jaw Worm","floor":10,"turns":2},{"damage":6,"enemies":"Blue Slaver","floor":11,"turns":3},{"damage":1,"enemies":"Looter","floor":12,"turns":3},{"damage":1,"enemies":"The Guardian","floor":16,"turns":12},{"damage":5,"enemies":"Chosen","floor":18,"turns":5},{"damage":18,"enemies":"2 Thieves","floor":19,"turns":4},{"damage":32,"enemies":"Snake Plant","floor":20,"turns":4},{"damage":53,"enemies":"Slavers","floor":23,"turns":3}],"seed_played":"358001580196267736","potions_obtained":[{"floor":1,"key":"FairyPotion"},{"floor":4,"key":"FocusPotion"},{"floor":10,"key":"FocusPotion"},{"floor":19,"key":"AttackPotion"}],"is_trial":false,"path_per_floor":["M","$","?","M","?","E","R","E","T","M","M","M","R","$","R","B",null,"M","M","M","?","$","E"],"character_chosen":"DEFECT","items_purchased":["Compile Driver","Capacitor+1","Capacitor+1","Consume"],"campfire_rested":0,"item_purchase_floors":[2,14,22,22],"current_hp_per_floor":[75,75,64,64,64,78,78,51,51,51,45,44,44,44,44,43,89,84,66,34,34,34,0],"gold":41,"neow_bonus":"THREE_ENEMY_KILL","is_prod":false,"is_daily":false,"chose_seed":false,"campfire_upgraded":3,"win_rate":0,"timestamp":1562910302,"path_taken":["M","$","?","M","?","E","R","E","T","M","?","M","R","$","R","BOSS","M","M","M","?","$","E"],"build_version":"2019-07-05","purchased_purges":2,"victory":false,"max_hp_per_floor":[75,75,75,75,75,89,89,89,89,89,89,89,89,89,89,89,89,89,89,89,89,89,89],"card_choices":[{"not_picked":["Chill","Steam"],"picked":"Conserve Battery","floor":1},{"not_picked":["Gash","Heatsinks"],"picked":"Cold Snap","floor":4},{"not_picked":["Streamline","Double Energy"],"picked":"Sweeping Beam","floor":6},{"not_picked":["Stack","Hologram","Rebound"],"picked":"SKIP","floor":8},{"not_picked":["Go for the Eyes","Steam Power","Blizzard"],"picked":"SKIP","floor":10},{"not_picked":["Hello World+1","Chill"],"picked":"Thunder Strike","floor":11},{"not_picked":["Reinforced Body","Rebound"],"picked":"BootSequence","floor":12},{"not_picked":["Seek","Creative AI+1"],"picked":"Machine Learning+1","floor":16},{"not_picked":["Undo","Genetic Algorithm"],"picked":"Storm+1","floor":18},{"not_picked":["Force Field+1","Beam Cell"],"picked":"Darkness+1","floor":19},{"not_picked":["Cold Snap","Streamline"],"picked":"Self Repair+1","floor":20}],"player_experience":311958,"relics_obtained":[{"floor":6,"key":"Mango"},{"floor":8,"key":"Ice Cream"},{"floor":9,"key":"Frozen Egg 2"}],"event_choices":[{"damage_healed":0,"gold_gain":75,"player_choice":"Gather Gold","damage_taken":11,"max_hp_gain":0,"max_hp_loss":0,"event_name":"World of Goop","floor":3,"gold_loss":0},{"cards_removed":["Strike_B"],"damage_healed":0,"gold_gain":0,"player_choice":"Card Removal","damage_taken":0,"max_hp_gain":0,"max_hp_loss":0,"event_name":"Wheel of Change","floor":5,"gold_loss":0},{"damage_healed":0,"gold_gain":0,"player_choice":"Ignored","damage_taken":0,"max_hp_gain":0,"max_hp_loss":0,"event_name":"Vampires","floor":21,"gold_loss":0}],"is_beta":false,"boss_relics":[{"not_picked":["Black Star","White Beast Statue"],"picked":"Astrolabe"}],"items_purged_floors":[14,22],"is_endless":false,"potions_floor_spawned":[1,4,10,19],"killed_by":"Slavers","ascension_level":2}