{"gold_per_floor":[115,18,38,14,29,29,54,54,80,109,109,109,109,109,109,213,213,233,243,243,71,71,71,21,120,145,158,158,184,184,201,201,306,306,317,336,336,336,255,255,286,286,286,286,32,44,44,59,59,59],"floor_reached":50,"playtime":4797,"items_purged":["Strike_G","Choke"],"score":672,"play_id":"54f43795-fa16-4c14-aea3-735f7d9d6af9","local_time":"20180703132919","is_ascension_mode":true,"campfire_choices":[{"data":"Footwork","floor":6.0,"key":"SMITH"},{"floor":11.0,"key":"REST"},{"data":"Neutralize","floor":13.0,"key":"SMITH"},{"data":"Dodge and Roll","floor":15.0,"key":"SMITH"},{"floor":23.0,"key":"REST"},{"floor":28.0,"key":"REST"},{"floor":30.0,"key":"REST"},{"floor":32.0,"key":"REST"},{"floor":40.0,"key":"REST"},{"data":"Noxious Fumes","floor":42.0,"key":"SMITH"},{"data":"Well Laid Plans","floor":44.0,"key":"SMITH"},{"floor":49.0,"key":"REST"}],"neow_cost":"","seed_source_timestamp":1245715339573259,"circlet_count":0,"master_deck":["Survivor","Neutralize+1","Footwork+1","Slice","Backflip","Dagger Throw","Dodge and Roll+1","Bane","Dagger Spray","Skewer","Poisoned Stab","Terror","Dagger Throw","Dagger Throw","Cloak And Dagger","Flying Knee","Poisoned Stab","Noxious Fumes+1","Deflect","Backflip","Caltrops","Flying Knee+1","Tools of the Trade","Slice+1","Deflect","Well Laid Plans+1","Outmaneuver+1","Deflect","Flying Knee","Adrenaline","Caltrops"],"special_seed":17715,"relics":["Ring of the Snake","Ancient Tea Set","Blood Vial","Bird Faced Urn","Dodecahedron","Pandora\u0027s Box","Boot","Darkstone Periapt","Cursed Key","Meat on the Bone","Bronze Scales"],"potions_floor_usage":[50,50],"damage_taken":[{"damage":1.0,"enemies":"Cultist","floor":1.0,"turns":5.0},{"damage":0.0,"enemies":"2 Louse","floor":3.0,"turns":3.0},{"damage":0.0,"enemies":"Small Slimes","floor":5.0,"turns":4.0},{"damage":0.0,"enemies":"Gremlin Nob","floor":7.0,"turns":2.0},{"damage":19.0,"enemies":"3 Sentries","floor":10.0,"turns":14.0},{"damage":12.0,"enemies":"The Guardian","floor":16.0,"turns":22.0},{"damage":18.0,"enemies":"Shell Parasite","floor":18.0,"turns":5.0},{"damage":18.0,"enemies":"2 Thieves","floor":19.0,"turns":4.0},{"damage":15.0,"enemies":"Slaver and Parasite","floor":27.0,"turns":6.0},{"damage":66.0,"enemies":"Gremlin Leader","floor":29.0,"turns":7.0},{"damage":1.0,"enemies":"Snecko","floor":31.0,"turns":6.0},{"damage":62.0,"enemies":"Collector","floor":33.0,"turns":10.0},{"damage":0.0,"enemies":"3 Shapes","floor":35.0,"turns":7.0},{"damage":29.0,"enemies":"3 Darklings","floor":36.0,"turns":5.0},{"damage":6.0,"enemies":"Nemesis","floor":41.0,"turns":6.0},{"damage":14.0,"enemies":"4 Shapes","floor":46.0,"turns":6.0},{"damage":30.0,"enemies":"Sphere and 2 Shapes","floor":48.0,"turns":6.0},{"damage":54,"enemies":"Time Eater","floor":50,"turns":5}],"seed_played":"-7305868762566240453","potions_obtained":[{"floor":3.0,"key":"SteroidPotion"},{"floor":7.0,"key":"Ancient Potion"},{"floor":10.0,"key":"SpeedPotion"},{"floor":19.0,"key":"Energy Potion"},{"floor":29.0,"key":"Regen Potion"},{"floor":33.0,"key":"Strength Potion"},{"floor":41.0,"key":"Explosive Potion"},{"floor":46.0,"key":"Regen Potion"}],"is_trial":false,"path_per_floor":["M","$","M","$","M","R","E","?","T","E","R","?","R","T","R","B",null,"M","M","?","$","?","R","$","?","T","M","R","E","R","M","R","B",null,"M","M","?","?","$","R","E","R","T","R","$","M","?","M","R"],"character_chosen":"THE_SILENT","items_purchased":["Slice","Dagger Throw","Noxious Fumes","Deflect","Well Laid Plans","Bronze Scales","Deflect","Flying Knee"],"campfire_rested":7,"item_purchase_floors":[],"current_hp_per_floor":[62,62,62,62,62,62,62,67,67,50,72,72,72,72,72,63,72,57,43,43,43,43,65,65,65,65,56,75,9,31,50,72,17,61,71,50,50,50,50,72,71,71,71,71,71,69,69,51,73,38],"gold":59,"neow_bonus":"","is_prod":false,"is_daily":false,"chose_seed":false,"campfire_upgraded":5,"win_rate":0,"timestamp":1530620959,"path_taken":["M","$","M","$","?","R","E","?","T","E","R","?","R","?","R","BOSS","M","?","?","$","?","R","$","?","T","M","R","E","R","M","R","BOSS","M","M","?","?","$","R","E","R","T","R","$","?","?","M","R","BOSS"],"build_version":"2018-06-28","purchased_purges":2,"victory":false,"max_hp_per_floor":[70,70,70,70,70,70,70,75,75,75,75,75,75,75,75,75,75,75,75,75,75,75,75,75,75,75,75,75,75,75,75,75,75,75,75,75,75,75,75,75,75,75,75,75,75,75,75,75,75,75],"card_choices":[{"not_picked":["Dagger Throw","Slice"],"picked":"Footwork","floor":1.0},{"not_picked":["Deadly Poison","Prepared"],"picked":"Backflip","floor":3.0},{"not_picked":["Reflex","Accuracy","Deadly Poison"],"picked":"SKIP","floor":5.0},{"not_picked":["Poisoned Stab","Riddle With Holes","Skewer"],"picked":"SKIP","floor":7.0},{"not_picked":["Blur","Bane"],"picked":"Dodge and Roll","floor":10.0},{"not_picked":["Prepared","Poisoned Stab"],"picked":"Cloak And Dagger","floor":18.0},{"not_picked":["Cloak And Dagger+1","Deadly Poison+1"],"picked":"Flying Knee","floor":19.0},{"not_picked":["Dagger Spray","Bane"],"picked":"Backflip","floor":27.0},{"not_picked":["Backflip","Sucker Punch"],"picked":"Caltrops","floor":29.0},{"not_picked":["Backstab+1","Caltrops"],"picked":"Flying Knee+1","floor":31.0},{"not_picked":["Corpse Explosion","Storm of Steel"],"picked":"Tools of the Trade","floor":33.0},{"not_picked":["Quick Slash+1","Deadly Poison"],"picked":"Slice+1","floor":35.0},{"not_picked":["Heel Hook","Eviscerate+1"],"picked":"Deflect","floor":36.0},{"not_picked":["Deadly Poison","Flying Knee"],"picked":"Outmaneuver+1","floor":41.0},{"not_picked":["Infinite Blades","Deflect"],"picked":"Adrenaline","floor":46.0},{"not_picked":["Riddle With Holes+1","Accuracy"],"picked":"Caltrops","floor":48.0}],"player_experience":301605,"relics_obtained":[{"floor":7.0,"key":"Ancient Tea Set"},{"floor":9.0,"key":"Blood Vial"},{"floor":10.0,"key":"Bird Faced Urn"},{"floor":14.0,"key":"Dodecahedron"},{"floor":26.0,"key":"Boot"},{"floor":29.0,"key":"Darkstone Periapt"},{"floor":41.0,"key":"Meat on the Bone"}],"event_choices":[{"event_name":"Big Fish","player_choice":"Donut","floor":8.0,"damage_taken":0.0},{"event_name":"Match and Keep!","player_choice":"0 cards matched","floor":12.0,"damage_taken":0.0},{"event_name":"Match and Keep!","player_choice":"1 cards matched","floor":20.0,"damage_taken":0.0},{"event_name":"Beggar","player_choice":"Ignored","floor":22.0,"damage_taken":0.0},{"event_name":"Nest","player_choice":"Stole From Cult","floor":25.0,"damage_taken":0.0},{"event_name":"Tomb of Lord Red Mask","player_choice":"Ignored","floor":37.0,"damage_taken":0.0},{"event_name":"Mysterious Sphere","player_choice":"Ignore","floor":38.0,"damage_taken":0.0},{"event_name":"Falling","player_choice":"Removed Attack","floor":47.0,"damage_taken":0.0}],"boss_relics":[{"not_picked":["Coffee Dripper","White Beast Statue"],"picked":"Pandora\u0027s Box"},{"not_picked":["Empty Cage","Philosopher\u0027s Stone"],"picked":"Cursed Key"}],"items_purged_floors":[],"is_endless":false,"potions_floor_spawned":[3,7,10,19,29,33,41,46],"killed_by":"Time Eater","ascension_level":6}