{"gold_per_floor":[110,110,128,142,67,99,99,124,124,142,157,57,75,75,75,75],"floor_reached":16,"playtime":980,"items_purged":["Strike_R","Strike_R"],"score":118,"play_id":"5ef79d08-6311-4a9c-be2d-a307904899fa","local_time":"20190809214122","is_ascension_mode":true,"campfire_choices":[{"floor":7,"key":"REST"},{"floor":15,"key":"REST"}],"neow_cost":"NONE","seed_source_timestamp":483730549904769,"circlet_count":0,"master_deck":["Strike_R","Strike_R","Strike_R","Defend_R","Defend_R","Defend_R","Defend_R","Bash","Armaments","Iron Wave","Armaments","Shockwave","Feel No Pain","Offering"],"relics":["Burning Blood","Bag of Marbles","Question Card","Boot","Bottled Flame"],"potions_floor_usage":[],"damage_taken":[{"damage":1,"enemies":"2 Louse","floor":1,"turns":3},{"damage":13,"enemies":"Cultist","floor":3,"turns":5},{"damage":5,"enemies":"Small Slimes","floor":4,"turns":4},{"damage":54,"enemies":"Gremlin Nob","floor":6,"turns":6},{"damage":18,"enemies":"3 Sentries","floor":8,"turns":14},{"damage":13,"enemies":"Exordium Thugs","floor":10,"turns":8},{"damage":7,"enemies":"Looter","floor":11,"turns":4},{"damage":4,"enemies":"Blue Slaver","floor":13,"turns":6},{"damage":62,"enemies":"Hexaghost","floor":16,"turns":14}],"seed_played":"1211664189021291422","potions_obtained":[{"floor":6,"key":"SteroidPotion"},{"floor":8,"key":"Energy Potion"}],"is_trial":false,"path_per_floor":["M","?","M","M","$","E","R","E","T","M","M","$","M","T","R","B"],"character_chosen":"IRONCLAD","items_purchased":[],"campfire_rested":2,"item_purchase_floors":[],"current_hp_per_floor":[80,80,73,74,74,26,50,38,38,31,30,30,32,32,56,0],"gold":75,"neow_bonus":"RANDOM_COLORLESS","is_prod":false,"is_daily":false,"chose_seed":false,"campfire_upgraded":0,"win_rate":0,"timestamp":1565379682,"path_taken":["M","?","?","M","?","E","R","E","T","?","M","$","M","?","R","BOSS"],"build_version":"2019-07-17","purchased_purges":2,"victory":false,"max_hp_per_floor":[80,80,80,80,80,80,80,80,80,80,80,80,80,80,80,80],"card_choices":[{"not_picked":["Wild Strike","Pummel"],"picked":"Armaments","floor":1},{"not_picked":["Sever Soul","Warcry"],"picked":"Iron Wave","floor":3},{"not_picked":["Twin Strike","Clothesline"],"picked":"Armaments","floor":4},{"not_picked":["Iron Wave","Sword Boomerang"],"picked":"Shockwave","floor":6},{"not_picked":["Iron Wave","Seeing Red"],"picked":"Feel No Pain","floor":8},{"not_picked":["Spot Weakness","Metallicize","Wild Strike","Combust"],"picked":"SKIP","floor":10},{"not_picked":["Sword Boomerang","Burning Pact","Rupture"],"picked":"Offering","floor":11},{"not_picked":["Flex","Searing Blow","Blood for Blood","Dropkick"],"picked":"SKIP","floor":13}],"player_experience":53978,"relics_obtained":[{"floor":6,"key":"Bag of Marbles"},{"floor":8,"key":"Question Card"},{"floor":9,"key":"Boot"},{"floor":14,"key":"Bottled Flame"}],"event_choices":[{"cards_removed":["Purity"],"damage_healed":0,"gold_gain":0,"player_choice":"Offered Uncommon","damage_taken":0,"max_hp_gain":0,"max_hp_loss":0,"event_name":"Bonfire Elementals","floor":2,"gold_loss":0}],"is_beta":false,"boss_relics":[],"items_purged_floors":[5,12],"is_endless":false,"potions_floor_spawned":[6,8],"killed_by":"Hexaghost","ascension_level":1}