{"gold_per_floor":[112,37,37,37,50,50,50,70,70,102,102,152,152,185,185,287,287,297,317,317,317,317,317,171,71,121,121,121,121,41,74,74,74],"floor_reached":33,"playtime":3982,"items_purged":["Strike_R","Strike_R"],"score":265,"play_id":"58bc028f-273d-4f64-b6b4-8a21ad960e61","local_time":"20180625113759","is_ascension_mode":false,"campfire_choices":[{"data":"Body Slam","floor":6,"key":"SMITH"},{"data":"Evolve","floor":13,"key":"SMITH"},{"floor":15,"key":"REST"},{"data":"Disarm","floor":23,"key":"SMITH"},{"data":"Feel No Pain","floor":27,"key":"SMITH"},{"floor":29,"key":"REST"},{"data":"Limit Break","floor":32,"key":"SMITH"}],"neow_cost":"NONE","seed_source_timestamp":548739541663069,"circlet_count":0,"master_deck":["Strike_R","Defend_R","Defend_R+1","Defend_R","Defend_R+1","Bash+1","Iron Wave","Body Slam+1","Shrug It Off","Evolve+1","Limit Break+1","True Grit+1","Disarm+1","Feel No Pain+1","Inflame"],"relics":["Burning Blood","Kunai","Peace Pipe","Mark of Pain","War Paint","Bag of Marbles"],"potions_floor_usage":[16,16,33],"damage_taken":[{"damage":1,"enemies":"Jaw Worm","floor":1,"turns":4},{"damage":3,"enemies":"Small Slimes","floor":5,"turns":3},{"damage":0,"enemies":"2 Louse","floor":8,"turns":2},{"damage":10,"enemies":"3 Sentries","floor":10,"turns":8},{"damage":28,"enemies":"Lagavulin","floor":14,"turns":8},{"damage":33,"enemies":"Slime Boss","floor":16,"turns":10},{"damage":27,"enemies":"3 Byrds","floor":18,"turns":7},{"damage":7,"enemies":"Chosen","floor":19,"turns":5},{"damage":15,"enemies":"Book of Stabbing","floor":31,"turns":7},{"damage":40,"enemies":"Automaton","floor":33,"turns":6}],"seed_played":"-5749376437011043656","potions_obtained":[{"floor":1,"key":"Strength Potion"},{"floor":11,"key":"FairyPotion"},{"floor":11,"key":"Poison Potion"},{"floor":14,"key":"Fire Potion"},{"floor":16,"key":"Block Potion"},{"floor":18,"key":"FearPotion"}],"is_trial":false,"path_per_floor":["M","$","?","?","M","R","$","M","T","E","?","?","R","E","R","B",null,"M","M","?","?","?","R","$","$","T","R","?","R","$","E","R"],"character_chosen":"IRONCLAD","items_purchased":["Body Slam","Shrug It Off","Feel No Pain","Inflame"],"campfire_rested":2,"item_purchase_floors":[2,2,24,30],"current_hp_per_floor":[80,80,80,85,85,85,85,85,85,81,81,81,81,59,84,57,85,64,63,63,63,63,63,63,63,63,63,63,85,85,76,76,36],"gold":74,"neow_bonus":"UPGRADE_CARD","is_prod":false,"is_daily":false,"chose_seed":false,"campfire_upgraded":5,"win_rate":0.0,"timestamp":1529923079,"path_taken":["M","$","?","?","M","R","$","M","T","E","?","?","R","E","R","BOSS","M","M","?","?","?","R","?","$","T","R","?","R","$","E","R","BOSS"],"build_version":"2018-06-21v2","purchased_purges":2,"victory":false,"max_hp_per_floor":[80,80,80,85,85,85,85,85,85,85,85,85,85,85,85,85,85,85,85,85,85,85,85,85,85,85,85,85,85,85,85,85,85],"card_choices":[{"not_picked":["Carnage","Thunderclap"],"picked":"Iron Wave","floor":1},{"not_picked":["Combust","Dropkick","Perfected Strike"],"picked":"SKIP","floor":5},{"not_picked":["Rampage","Warcry"],"picked":"Evolve","floor":8},{"not_picked":["Warcry","Body Slam","Pommel Strike"],"picked":"SKIP","floor":10},{"not_picked":["Twin Strike","Armaments","Heavy Blade"],"picked":"SKIP","floor":14},{"not_picked":["Berserk","Fiend Fire"],"picked":"Limit Break","floor":16},{"not_picked":["Havoc","Burning Pact+1","Clothesline"],"picked":"SKIP","floor":18},{"not_picked":["Dropkick+1","Body Slam+1"],"picked":"True Grit+1","floor":19},{"not_picked":["Iron Wave+1","Reckless Charge","Pommel Strike"],"picked":"SKIP","floor":31}],"player_experience":125331,"relics_obtained":[{"floor":9,"key":"Kunai"},{"floor":10,"key":"Peace Pipe"},{"floor":26,"key":"War Paint"},{"floor":31,"key":"Bag of Marbles"}],"event_choices":[{"event_name":"Golden Idol","player_choice":"Ignored","floor":3,"damage_taken":0},{"event_name":"Big Fish","player_choice":"Donut","floor":4,"damage_taken":0},{"event_name":"The Lab","player_choice":"Got Potions","floor":11,"damage_taken":0},{"event_name":"Golden Wing","player_choice":"Gained Gold","floor":12,"damage_taken":0},{"event_name":"Ghosts","player_choice":"Ignored","floor":20,"damage_taken":0},{"event_name":"Bonfire Elementals","player_choice":"BASIC","floor":21,"damage_taken":0},{"event_name":"The Library","player_choice":"Read","floor":22,"damage_taken":0},{"event_name":"Back to Basics","player_choice":"Elegance","floor":28,"damage_taken":0}],"boss_relics":[{"not_picked":["Empty Cage","Snecko Eye"],"picked":"Mark of Pain"}],"items_purged_floors":[24,25],"is_endless":false,"potions_floor_spawned":[1,14,16,18],"killed_by":"Automaton","ascension_level":0}