{"gold_per_floor":[117,117,137,137,151,182,182,282,282,296,306,111,111,97,97,192,192,208,219,219,231,250,250,268,0,23,35,35,35,35,68,68,170,170,188,539,553,553],"floor_reached":38,"playtime":2388,"items_purged":["Strike_G"],"score":517,"play_id":"dd9465bf-9fe1-47c0-b891-45c12ab3c08b","local_time":"20190813152944","is_ascension_mode":true,"campfire_choices":[{"floor":7.0,"key":"REST"},{"floor":15.0,"key":"REST"},{"floor":23.0,"key":"REST"},{"floor":28.0,"key":"REST"},{"data":"Neutralize","floor":30.0,"key":"SMITH"},{"floor":32.0,"key":"REST"}],"neow_cost":"NONE","seed_source_timestamp":0,"circlet_count":0,"master_deck":["Defend_G","Defend_G","Defend_G","Defend_G","Defend_G","Strike_G","Strike_G","Strike_G","Survivor","Neutralize+1","All Out Attack","PiercingWail","Footwork","Glass Knife","Backflip","Well Laid Plans","Sucker Punch","Adrenaline","Predator+1","Terror+1","Footwork","Caltrops","Parasite","Deflect","Outmaneuver+1","Envenom","Leg Sweep+1","Dodge and Roll+1"],"special_seed":0,"relics":["Ring of the Snake","Sundial","Bronze Scales","Bag of Marbles","Letter Opener","Cursed Key","Nilry\u0027s Codex","Anchor","MutagenicStrength","Question Card","Sozu","Old Coin"],"potions_floor_usage":[],"damage_taken":[{"damage":0.0,"enemies":"2 Louse","floor":1.0,"turns":3.0},{"damage":9.0,"enemies":"Jaw Worm","floor":3.0,"turns":6.0},{"damage":1.0,"enemies":"Cultist","floor":5.0,"turns":3.0},{"damage":22.0,"enemies":"Lagavulin","floor":6.0,"turns":12.0},{"damage":2.0,"enemies":"Blue Slaver","floor":10.0,"turns":4.0},{"damage":0.0,"enemies":"Lots of Slimes","floor":11.0,"turns":1.0},{"damage":13.0,"enemies":"Exordium Thugs","floor":14.0,"turns":4.0},{"damage":73.0,"enemies":"Slime Boss","floor":16.0,"turns":14.0},{"damage":0.0,"enemies":"Chosen","floor":18.0,"turns":5.0},{"damage":2.0,"enemies":"Shell Parasite","floor":19.0,"turns":5.0},{"damage":1.0,"enemies":"Snecko","floor":21.0,"turns":4.0},{"damage":4.0,"enemies":"Centurion and Healer","floor":22.0,"turns":4.0},{"damage":15.0,"enemies":"Snake Plant","floor":24.0,"turns":4.0},{"damage":0.0,"enemies":"Chosen and Byrds","floor":27.0,"turns":5.0},{"damage":9.0,"enemies":"Book of Stabbing","floor":31.0,"turns":5.0},{"damage":30.0,"enemies":"Automaton","floor":33.0,"turns":10.0},{"damage":0.0,"enemies":"3 Shapes","floor":35.0,"turns":3.0},{"damage":43.0,"enemies":"2 Orb Walkers","floor":36.0,"turns":6.0},{"damage":0.0,"enemies":"Orb Walker","floor":37.0,"turns":3.0},{"damage":20,"enemies":"Writhing Mass","floor":38,"turns":3}],"seed_played":"8197018889444226366","potions_obtained":[{"floor":0.0,"key":"Regen Potion"},{"floor":0.0,"key":"FearPotion"},{"floor":0.0,"key":"FairyPotion"},{"floor":3.0,"key":"GhostInAJar"},{"floor":10.0,"key":"Poison Potion"},{"floor":14.0,"key":"Swift Potion"},{"floor":16.0,"key":"PowerPotion"},{"floor":19.0,"key":"AttackPotion"},{"floor":21.0,"key":"Strength Potion"},{"floor":31.0,"key":"AttackPotion"}],"is_trial":false,"path_per_floor":["M","?","M","?","M","E","R","?","T","M","M","$","?","M","R","B",null,"M","M","?","M","M","R","M","?","T","M","R","?","R","E","R","B",null,"M","?","M","M"],"character_chosen":"THE_SILENT","items_purchased":["Well Laid Plans","Sucker Punch"],"campfire_rested":5,"item_purchase_floors":[12,12],"current_hp_per_floor":[63,60,51,51,50,43,64,64,64,62,62,62,62,49,70,7,54,54,52,36,35,31,52,37,37,37,37,58,58,58,49,70,40,63,63,20,20,0],"gold":553,"neow_bonus":"THREE_SMALL_POTIONS","is_prod":false,"is_daily":false,"chose_seed":false,"campfire_upgraded":1,"win_rate":0,"timestamp":1565706584,"path_taken":["M","?","M","?","?","E","R","?","T","?","M","$","?","M","R","BOSS","M","M","?","M","M","R","M","?","T","M","R","?","R","E","R","BOSS","M","?","M","M"],"build_version":"2019-07-17","purchased_purges":1,"victory":false,"max_hp_per_floor":[70,70,70,70,70,70,70,70,70,70,70,70,70,70,70,70,70,70,70,70,70,70,70,70,70,70,70,70,70,70,70,70,70,70,70,70,70,70],"card_choices":[{"not_picked":["Slice","Outmaneuver"],"picked":"All Out Attack","floor":1.0},{"not_picked":["Deadly Poison","Poisoned Stab"],"picked":"PiercingWail","floor":3.0},{"not_picked":["Dagger Throw","Crippling Poison"],"picked":"Footwork","floor":5.0},{"not_picked":["PiercingWail","Deadly Poison"],"picked":"Glass Knife","floor":6.0},{"not_picked":["Catalyst","Blade Dance"],"picked":"Backflip","floor":10.0},{"not_picked":["Acrobatics","Finisher","Underhanded Strike"],"picked":"SKIP","floor":11.0},{"not_picked":["Dagger Throw","Concentrate","Bane"],"picked":"SKIP","floor":14.0},{"not_picked":["Storm of Steel","Die Die Die"],"picked":"Adrenaline","floor":16.0},{"not_picked":["Blade Dance","Outmaneuver","Predator+1"],"picked":"SKIP","floor":18.0},{"not_picked":["Blade Dance","Outmaneuver"],"picked":"Predator+1","floor":18.0},{"not_picked":["Skewer","Quick Slash"],"picked":"Terror+1","floor":19.0},{"not_picked":["Deadly Poison","Dodge and Roll+1"],"picked":"Footwork","floor":21.0},{"not_picked":["Backstab+1","Quick Slash"],"picked":"Caltrops","floor":22.0},{"not_picked":["Flying Knee","Catalyst","Quick Slash"],"picked":"SKIP","floor":24.0},{"not_picked":["Unload","Dodge and Roll"],"picked":"Deflect","floor":27.0},{"not_picked":["Riddle With Holes","Flechettes+1"],"picked":"Outmaneuver+1","floor":31.0},{"not_picked":["Night Terror","Doppelganger","Bullet Time"],"picked":"Envenom","floor":33.0},{"not_picked":["Poisoned Stab+1","Underhanded Strike+1","Quick Slash+1"],"picked":"Leg Sweep+1","floor":35.0},{"not_picked":["Blade Dance+1","Deadly Poison","Dagger Spray"],"picked":"Dodge and Roll+1","floor":36.0},{"not_picked":["Blur","Quick Slash+1","Accuracy","Predator+1"],"picked":"SKIP","floor":37.0}],"player_experience":299413,"relics_obtained":[{"floor":6.0,"key":"Bronze Scales"},{"floor":9.0,"key":"Bag of Marbles"},{"floor":20.0,"key":"Nilry\u0027s Codex"},{"floor":26.0,"key":"Anchor"},{"floor":31.0,"key":"Question Card"},{"floor":36.0,"key":"Old Coin"}],"event_choices":[{"damage_healed":0.0,"max_hp_gain":0.0,"max_hp_loss":0.0,"gold_gain":0.0,"event_name":"Scrap Ooze","player_choice":"Success","floor":2.0,"gold_loss":0.0,"damage_taken":3.0,"relics_obtained":["Sundial"]},{"cards_removed":["Strike_G"],"damage_healed":0.0,"max_hp_gain":0.0,"max_hp_loss":0.0,"gold_gain":0.0,"event_name":"Bonfire Elementals","player_choice":"Offered Basic","floor":4.0,"gold_loss":0.0,"damage_taken":0.0},{"damage_healed":0.0,"max_hp_gain":0.0,"max_hp_loss":0.0,"gold_gain":100.0,"event_name":"Golden Shrine","player_choice":"Pray","floor":8.0,"gold_loss":0.0,"damage_taken":0.0},{"damage_healed":0.0,"max_hp_gain":0.0,"max_hp_loss":0.0,"gold_gain":0.0,"event_name":"WeMeetAgain","player_choice":"Gave Potion","floor":13.0,"gold_loss":0.0,"damage_taken":0.0,"relics_obtained":["Letter Opener"]},{"damage_healed":0.0,"max_hp_gain":0.0,"max_hp_loss":0.0,"gold_gain":0.0,"event_name":"Cursed Tome","player_choice":"Obtained Book","floor":20.0,"gold_loss":0.0,"damage_taken":16.0},{"damage_healed":0.0,"max_hp_gain":0.0,"max_hp_loss":0.0,"gold_gain":0.0,"event_name":"Masked Bandits","player_choice":"Paid Fearfully","floor":25.0,"gold_loss":268.0,"damage_taken":0.0},{"damage_healed":0.0,"max_hp_gain":0.0,"max_hp_loss":0.0,"gold_gain":0.0,"event_name":"Drug Dealer","player_choice":"Inject Mutagens","floor":29.0,"gold_loss":0.0,"damage_taken":0.0,"relics_obtained":["MutagenicStrength"]},{"damage_healed":0.0,"max_hp_gain":0.0,"max_hp_loss":0.0,"gold_gain":0.0,"event_name":"Mysterious Sphere","player_choice":"Fight","floor":36.0,"gold_loss":0.0,"damage_taken":0.0}],"is_beta":false,"boss_relics":[{"not_picked":["Ring of the Serpent","Snecko Eye"],"picked":"Cursed Key"},{"not_picked":["Coffee Dripper","WristBlade"],"picked":"Sozu"}],"items_purged_floors":[12],"is_endless":false,"potions_floor_spawned":[3,10,14,16,19,21,31,35,37],"killed_by":"Writhing Mass","ascension_level":6}