{"path_per_floor":["M","M","?","M","M","R","?","R","T","M","?","M","R","M","R"],"character_chosen":"DEFECT","items_purchased":[],"gold_per_floor":[115,130,95,110,121,121,78,78,105,119,294,306,306,319,319,319],"floor_reached":16,"campfire_rested":2,"playtime":927,"item_purchase_floors":[],"current_hp_per_floor":[74,59,75,75,72,72,72,72,72,55,55,45,67,50,72,0],"items_purged":[],"gold":319,"score":94,"play_id":"32bd514a-746b-4de5-85e4-e52788a638f3","local_time":"20180621203234","is_prod":false,"is_daily":false,"chose_seed":false,"is_ascension_mode":false,"campfire_upgraded":2,"win_rate":0.0,"timestamp":1529609554,"campfire_choices":[{"data":"Streamline","floor":6,"key":"SMITH"},{"data":"Cold Snap","floor":8,"key":"SMITH"},{"floor":13,"key":"REST"},{"floor":15,"key":"REST"}],"path_taken":["M","M","?","M","?","R","?","R","T","M","?","M","R","M","R","BOSS"],"build_version":"2018-06-14v2","seed_source_timestamp":238266257695509,"purchased_purges":0,"victory":false,"master_deck":["Strike_B","Strike_B","Strike_B","Strike_B","Defend_B","Defend_B","Defend_B","Defend_B","Zap","Dualcast","Fusion","Cold Snap+1","Streamline+1","Force Field","Doom and Gloom","Doubt","Streamline","Leap"],"max_hp_per_floor":[75,75,75,75,75,75,75,75,75,75,75,75,75,75,75,75],"relics":["Cracked Core","Blood Vial"],"card_choices":[{"not_picked":["Stack","Turbo"],"picked":"Fusion","floor":1},{"not_picked":["Compile Driver","Static Discharge"],"picked":"Cold Snap","floor":2},{"not_picked":["FTL","Barrage"],"picked":"Streamline","floor":4},{"not_picked":["Ball Lightning","Gash"],"picked":"Force Field","floor":5},{"not_picked":["Go for the Eyes","Steam Power"],"picked":"Doom and Gloom","floor":10},{"not_picked":["Gash","Heatsinks"],"picked":"Streamline","floor":12},{"not_picked":["Go for the Eyes","Compile Driver"],"picked":"Leap","floor":14}],"player_experience":48027,"potions_floor_usage":[],"damage_taken":[{"damage":1,"enemies":"Jaw Worm","floor":1,"turns":4},{"damage":15,"enemies":"Small Slimes","floor":2,"turns":4},{"damage":0,"enemies":"Cultist","floor":4,"turns":4},{"damage":3,"enemies":"Looter","floor":5,"turns":4},{"damage":19,"enemies":"3 Louse","floor":10,"turns":3},{"damage":12,"enemies":"2 Fungi Beasts","floor":12,"turns":3},{"damage":19,"enemies":"Large Slime","floor":14,"turns":7},{"damage":74,"enemies":"The Guardian","floor":16,"turns":9}],"relics_obtained":[{"floor":9,"key":"Blood Vial"}],"event_choices":[{"event_name":"The Cleric","player_choice":"Healed","floor":3,"damage_taken":0},{"event_name":"World of Goop","player_choice":"Left","floor":7,"damage_taken":0},{"event_name":"Liars Game","player_choice":"agreed","floor":11,"damage_taken":0}],"boss_relics":[],"items_purged_floors":[],"is_endless":false,"potions_floor_spawned":[1,5,14],"seed_played":"1294529815751770341","killed_by":"The Guardian","ascension_level":0,"potions_obtained":[{"floor":1,"key":"SkillPotion"},{"floor":5,"key":"Block Potion"},{"floor":14,"key":"Dexterity Potion"}],"is_trial":false}