{"gold_per_floor":[116,130,148,148,248,248,265,291,291,303,303,303,44,60,60,134,134,149,166,182,194,104,104,24,0,0,29,29,57,68,82,82,159,209,227,237,247,247,259,294,294,394,394,85,112,112],"floor_reached":46,"playtime":3943,"items_purged":["Pain","Strike_G","Strike_G","Pain"],"score":861,"play_id":"ffe48e1a-0628-4d51-9d61-44b9c0cdc1d9","local_time":"20190801081026","is_ascension_mode":true,"campfire_choices":[{"data":"Sucker Punch","floor":6,"key":"SMITH"},{"data":"Noxious Fumes","floor":11,"key":"SMITH"},{"data":"Cloak And Dagger","floor":15,"key":"SMITH"},{"data":"Malaise","floor":23,"key":"SMITH"},{"floor":32,"key":"REST"},{"data":"Footwork","floor":41,"key":"SMITH"}],"neow_cost":"NONE","seed_source_timestamp":923894255239600,"circlet_count":0,"master_deck":["AscendersBane","Strike_G+1","Strike_G+1","Defend_G","Defend_G","Defend_G+1","Defend_G","Defend_G","Survivor","Neutralize+1","Dagger Spray","Sucker Punch+1","Dash","Deflect","Noxious Fumes+1","Infinite Blades","PiercingWail","Cloak And Dagger+1","Malaise+1","Acrobatics","Caltrops","Tactician","Doubt","Well Laid Plans","Adrenaline","Prepared","Footwork+1","Acrobatics","Reflex","Prepared+1","Terror+1","Backflip+1","Panache"],"relics":["Ring of the Snake","Strawberry","Kunai","WarpedTongs","Membership Card","Cursed Key","Pantograph","Shovel","Art of War","Tiny House","Ancient Tea Set","Turnip","Bronze Scales","Whetstone","Orichalcum","Bottled Flame"],"potions_floor_usage":[16,27,33,37,37,45],"damage_taken":[{"damage":0,"enemies":"Small Slimes","floor":1,"turns":3},{"damage":3,"enemies":"Jaw Worm","floor":2,"turns":4},{"damage":0,"enemies":"Cultist","floor":3,"turns":4},{"damage":0,"enemies":"Looter","floor":7,"turns":3},{"damage":24,"enemies":"Gremlin Nob","floor":8,"turns":6},{"damage":6,"enemies":"Red Slaver","floor":10,"turns":4},{"damage":6,"enemies":"Gremlin Gang","floor":14,"turns":4},{"damage":1,"enemies":"The Guardian","floor":16,"turns":14},{"damage":0,"enemies":"Chosen","floor":18,"turns":5},{"damage":16,"enemies":"Spheric Guardian","floor":19,"turns":7},{"damage":12,"enemies":"Centurion and Healer","floor":20,"turns":9},{"damage":4,"enemies":"Snake Plant","floor":21,"turns":7},{"damage":4,"enemies":"Gremlin Leader","floor":27,"turns":8},{"damage":5,"enemies":"Book of Stabbing","floor":29,"turns":5},{"damage":12,"enemies":"Snecko","floor":30,"turns":8},{"damage":3,"enemies":"Shelled Parasite and Fungi","floor":31,"turns":8},{"damage":26,"enemies":"Automaton","floor":33,"turns":14},{"damage":0,"enemies":"3 Darklings","floor":35,"turns":9},{"damage":16,"enemies":"Orb Walker","floor":36,"turns":8},{"damage":29,"enemies":"Jaw Worm Horde","floor":37,"turns":6},{"damage":17,"enemies":"Sphere and 2 Shapes","floor":39,"turns":7},{"damage":20,"enemies":"Giant Head","floor":40,"turns":13},{"damage":0,"enemies":"Mind Bloom Boss Battle","floor":42,"turns":8},{"damage":13,"enemies":"Reptomancer","floor":45,"turns":7},{"damage":69,"enemies":"Transient","floor":46,"turns":4}],"seed_played":"-4193577659091224640","potions_obtained":[{"floor":8,"key":"FearPotion"},{"floor":10,"key":"Block Potion"},{"floor":16,"key":"EssenceOfSteel"},{"floor":20,"key":"Block Potion"},{"floor":27,"key":"FearPotion"},{"floor":33,"key":"Regen Potion"},{"floor":34,"key":"Swift Potion"},{"floor":37,"key":"EssenceOfSteel"},{"floor":40,"key":"SkillPotion"}],"is_trial":false,"path_per_floor":["M","M","M","?","?","R","M","E","T","M","R","?","$","M","R","B",null,"M","M","M","M","$","R","$","?","T","E","$","E","M","M","R","B",null,"M","M","M","?","M","E","R","?","T","$","E","M"],"character_chosen":"THE_SILENT","items_purchased":["Membership Card","PiercingWail","Caltrops","Tactician","Panache","Whetstone","Orichalcum"],"campfire_rested":1,"item_purchase_floors":[13,13,22,24,44,44,44],"current_hp_per_floor":[63,60,60,53,53,53,53,36,36,30,30,30,30,24,24,23,64,64,48,36,32,32,32,32,32,32,28,28,23,11,8,31,30,70,70,54,39,72,55,35,35,60,60,60,47,0],"gold":112,"neow_bonus":"UPGRADE_CARD","is_prod":false,"is_daily":false,"chose_seed":false,"campfire_upgraded":5,"win_rate":0,"timestamp":1564661426,"path_taken":["M","M","M","?","?","R","M","E","T","?","R","?","$","?","R","BOSS","M","M","?","M","$","R","$","?","T","E","$","E","M","M","R","BOSS","M","M","M","?","M","E","R","?","T","$","E","M"],"build_version":"2019-07-17","purchased_purges":4,"victory":false,"max_hp_per_floor":[70,70,70,70,70,70,70,77,77,77,77,77,77,77,77,77,77,77,77,77,77,77,77,77,77,77,77,77,77,77,77,77,77,82,82,82,82,72,72,72,72,72,72,72,72,72],"card_choices":[{"not_picked":["Dodge and Roll","Choke"],"picked":"Dagger Spray","floor":1},{"not_picked":["Bane","Bouncing Flask"],"picked":"Sucker Punch","floor":2},{"not_picked":["Setup","Sucker Punch"],"picked":"Dash","floor":3},{"not_picked":["Acrobatics","Distraction"],"picked":"Deflect","floor":7},{"not_picked":["Catalyst","Poisoned Stab"],"picked":"Noxious Fumes","floor":8},{"not_picked":["Deflect","Finisher"],"picked":"Infinite Blades","floor":10},{"not_picked":["Eviscerate","Well Laid Plans"],"picked":"Cloak And Dagger","floor":14},{"not_picked":["Glass Knife","Die Die Die"],"picked":"Malaise","floor":16},{"not_picked":["Skewer","Dash"],"picked":"Acrobatics","floor":18},{"not_picked":["Outmaneuver","Deadly Poison","Underhanded Strike"],"picked":"SKIP","floor":19},{"not_picked":["PiercingWail+1","Dagger Spray","Poisoned Stab"],"picked":"SKIP","floor":20},{"not_picked":["Sucker Punch","Infinite Blades","Glass Knife"],"picked":"SKIP","floor":21},{"not_picked":["Slice","Deadly Poison"],"picked":"Well Laid Plans","floor":27},{"not_picked":["Riddle With Holes+1","Quick Slash"],"picked":"Adrenaline","floor":29},{"not_picked":["PiercingWail","Poisoned Stab"],"picked":"Prepared","floor":30},{"not_picked":["Flechettes","Malaise"],"picked":"Footwork","floor":31},{"not_picked":["Dodge and Roll","Blade Dance"],"picked":"Acrobatics","floor":34},{"not_picked":["Slice","Dodge and Roll","Flying Knee"],"picked":"SKIP","floor":35},{"not_picked":["Outmaneuver","Finisher"],"picked":"Reflex","floor":36},{"not_picked":["Underhanded Strike+1","Reflex"],"picked":"Prepared+1","floor":37},{"not_picked":["Backstab+1","Prepared"],"picked":"Terror+1","floor":39},{"not_picked":["Poisoned Stab","Infinite Blades","PiercingWail"],"picked":"SKIP","floor":40},{"not_picked":["Distraction","Prepared"],"picked":"Backflip+1","floor":42},{"not_picked":["Venomology","Bouncing Flask","Sucker Punch"],"picked":"SKIP","floor":45}],"player_experience":601165,"relics_obtained":[{"floor":8,"key":"Strawberry"},{"floor":9,"key":"Kunai"},{"floor":26,"key":"Pantograph"},{"floor":27,"key":"Shovel"},{"floor":29,"key":"Art of War"},{"floor":40,"key":"Ancient Tea Set"},{"floor":42,"key":"Turnip"},{"floor":43,"key":"Bronze Scales"},{"floor":45,"key":"Bottled Flame"}],"event_choices":[{"cards_removed":["Strike_G"],"damage_healed":0,"gold_gain":0,"player_choice":"Card Removal","damage_taken":7,"max_hp_gain":0,"max_hp_loss":0,"event_name":"Golden Wing","floor":4,"gold_loss":0},{"damage_healed":0,"gold_gain":100,"player_choice":"Pray","damage_taken":0,"max_hp_gain":0,"max_hp_loss":0,"event_name":"Golden Shrine","floor":5,"gold_loss":0},{"damage_healed":0,"gold_gain":0,"player_choice":"Rummage","damage_taken":0,"relics_obtained":["WarpedTongs"],"max_hp_gain":0,"max_hp_loss":0,"event_name":"Accursed Blacksmith","floor":12,"gold_loss":0,"cards_obtained":["Pain"]},{"damage_healed":0,"gold_gain":0,"player_choice":"Paid Fearfully","damage_taken":0,"max_hp_gain":0,"max_hp_loss":0,"event_name":"Masked Bandits","floor":25,"gold_loss":24},{"damage_healed":72,"gold_gain":0,"player_choice":"Heal","damage_taken":0,"max_hp_gain":0,"max_hp_loss":10,"event_name":"The Moai Head","floor":38,"gold_loss":0},{"damage_healed":0,"gold_gain":0,"player_choice":"Fight","damage_taken":0,"max_hp_gain":0,"max_hp_loss":0,"event_name":"MindBloom","floor":42,"gold_loss":0}],"is_beta":false,"boss_relics":[{"not_picked":["Orrery","Fusion Hammer"],"picked":"Cursed Key"},{"not_picked":["Runic Pyramid","White Beast Statue"],"picked":"Tiny House"}],"items_purged_floors":[13,22,24,44],"is_endless":false,"potions_floor_spawned":[8,10,16,20,21,27,33,36,37,40,42],"killed_by":"Transient","ascension_level":13}