{"gold_per_floor":[118,118,68,68,92,126,126,25,325,348,376,376],"floor_reached":12,"playtime":672,"items_purged":[],"score":121,"play_id":"5c73f29a-4e93-47d5-8a5e-43b815662688","local_time":"20181130163156","is_ascension_mode":true,"campfire_choices":[{"data":"Footwork","floor":7,"key":"SMITH"}],"neow_cost":"NONE","seed_source_timestamp":171263186701977,"circlet_count":0,"master_deck":["Defend_G","Defend_G","Defend_G","Defend_G","Defend_G","Strike_G","Strike_G","Strike_G","Survivor","Neutralize","Leg Sweep","Footwork+1","Cloak And Dagger+1","Backflip+1","Deflect+1","Heel Hook"],"relics":["Ring of the Snake","NeowsBlessing","Golden Idol","Toxic Egg 2","Old Coin","Odd Mushroom"],"potions_floor_usage":[12],"damage_taken":[{"damage":0,"enemies":"2 Louse","floor":1,"turns":1},{"damage":0,"enemies":"Jaw Worm","floor":5,"turns":1},{"damage":0,"enemies":"3 Sentries","floor":6,"turns":1},{"damage":0,"enemies":"Cultist","floor":10,"turns":4},{"damage":3,"enemies":"The Mushroom Lair","floor":11,"turns":8},{"damage":21,"enemies":"Lagavulin","floor":12,"turns":21}],"seed_played":"-7420567038068551566","potions_obtained":[{"floor":11,"key":"Block Potion"}],"is_trial":false,"path_per_floor":["M","?","?","?","M","E","R","$","T","M","?","E"],"character_chosen":"THE_SILENT","items_purchased":["Cloak And Dagger+1","Backflip+1"],"campfire_rested":0,"item_purchase_floors":[8,8],"current_hp_per_floor":[70,70,70,53,53,53,53,53,53,53,50,29],"gold":376,"neow_bonus":"THREE_ENEMY_KILL","is_prod":false,"is_daily":false,"chose_seed":false,"campfire_upgraded":1,"win_rate":0,"timestamp":1543595516,"path_taken":["M","?","?","?","M","E","R","$","T","M","?","E"],"build_version":"2018-11-15","purchased_purges":0,"victory":false,"max_hp_per_floor":[70,70,70,70,70,70,70,70,70,70,70,70],"card_choices":[{"not_picked":["Underhanded Strike","Quick Slash","Outmaneuver"],"picked":"SKIP","floor":1},{"not_picked":["Blade Dance","Skewer"],"picked":"Leg Sweep","floor":5},{"not_picked":["PiercingWail","Crippling Poison"],"picked":"Footwork","floor":6},{"not_picked":["Sucker Punch","Bouncing Flask+1"],"picked":"Deflect+1","floor":10},{"not_picked":["Crippling Poison+1","Bane"],"picked":"Heel Hook","floor":11}],"player_experience":238396,"relics_obtained":[{"floor":6,"key":"Toxic Egg 2"},{"floor":9,"key":"Old Coin"},{"floor":11,"key":"Odd Mushroom"}],"event_choices":[{"cards_removed":["Strike_G"],"damage_healed":0,"gold_gain":0,"player_choice":"Forget","damage_taken":0,"max_hp_gain":0,"max_hp_loss":0,"event_name":"Living Wall","floor":2,"gold_loss":0},{"cards_removed":["Strike_G"],"damage_healed":0,"gold_gain":0,"player_choice":"Card Removal","damage_taken":0,"max_hp_gain":0,"max_hp_loss":0,"event_name":"The Cleric","floor":3,"gold_loss":50},{"damage_healed":0,"gold_gain":0,"player_choice":"Take Damage","damage_taken":17,"relics_obtained":["Golden Idol"],"max_hp_gain":0,"max_hp_loss":0,"event_name":"Golden Idol","floor":4,"gold_loss":0},{"damage_healed":0,"gold_gain":0,"player_choice":"Fought Mushrooms","damage_taken":0,"max_hp_gain":0,"max_hp_loss":0,"event_name":"Mushrooms","floor":11,"gold_loss":0}],"is_beta":false,"boss_relics":[],"items_purged_floors":[],"is_endless":false,"potions_floor_spawned":[11],"killed_by":"Lagavulin","ascension_level":4}