{"gold_per_floor":[115,127,127,4,20,46,46,81,81,93,111,442,45,70,70,165,165,183,200,215,229,229,259,259,285,310,23,35,35,62,80,80,181,181,198,32,32,46,60,95,115,115,139,139,152,152,179,196,196,196],"floor_reached":50,"playtime":5793,"items_purged":["Strike_R"],"score":731,"play_id":"be182e01-5eb4-433a-bde3-aa3a47396ab9","local_time":"20190718153259","is_ascension_mode":true,"campfire_choices":[{"data":"Pommel Strike","floor":7,"key":"SMITH"},{"floor":15,"key":"REST"},{"floor":24,"key":"REST"},{"floor":29,"key":"REST"},{"floor":32,"key":"REST"},{"floor":42,"key":"RECALL"},{"floor":44,"key":"REST"},{"floor":49,"key":"REST"}],"neow_cost":"NONE","seed_source_timestamp":247400559212153,"circlet_count":0,"master_deck":["Strike_R","Strike_R","Strike_R","Strike_R","Defend_R","Defend_R","Defend_R","Defend_R","Bash","Body Slam","Cleave","Pommel Strike+1","Anger","Uppercut","Clothesline","True Grit","Offering","Double Tap","Perfected Strike+1","Dropkick","Armaments+1","Thunderclap","True Grit","Battle Trance+1","Ghostly Armor","Dark Embrace","Shockwave","Carnage","Sever Soul+1","Ghostly Armor+1","Decay","Madness","Madness","Juggernaut","Infernal Blade+1"],"relics":["Burning Blood","Omamori","Dodecahedron","Mummified Hand","Old Coin","Thread and Needle","Mercury Hourglass","Cursed Key","Bronze Scales","Champion Belt","Blue Candle","Matryoshka","Mark of Pain","Ginger","Art of War","Juzu Bracelet","Anchor"],"potions_floor_usage":[6,6,12,14,14,16,20,21,30,33,39,40,40,47,50],"damage_taken":[{"damage":7,"enemies":"Jaw Worm","floor":1,"turns":4},{"damage":11,"enemies":"Cultist","floor":2,"turns":4},{"damage":4,"enemies":"2 Louse","floor":5,"turns":3},{"damage":8,"enemies":"3 Sentries","floor":6,"turns":6},{"damage":41,"enemies":"Lagavulin","floor":8,"turns":6},{"damage":0,"enemies":"Exordium Thugs","floor":10,"turns":4},{"damage":0,"enemies":"3 Louse","floor":11,"turns":2},{"damage":14,"enemies":"Gremlin Nob","floor":12,"turns":4},{"damage":27,"enemies":"3 Sentries","floor":14,"turns":7},{"damage":34,"enemies":"Slime Boss","floor":16,"turns":9},{"damage":6,"enemies":"3 Byrds","floor":18,"turns":4},{"damage":7,"enemies":"Shell Parasite","floor":19,"turns":3},{"damage":34,"enemies":"Centurion and Healer","floor":20,"turns":6},{"damage":9,"enemies":"Snake Plant","floor":21,"turns":3},{"damage":39,"enemies":"Gremlin Leader","floor":23,"turns":6},{"damage":39,"enemies":"Slavers","floor":25,"turns":4},{"damage":3,"enemies":"Cultist and Chosen","floor":28,"turns":4},{"damage":6,"enemies":"Gremlin Leader","floor":30,"turns":5},{"damage":12,"enemies":"Centurion and Healer","floor":31,"turns":4},{"damage":60,"enemies":"Collector","floor":33,"turns":9},{"damage":5,"enemies":"3 Darklings","floor":35,"turns":3},{"damage":12,"enemies":"Orb Walker","floor":38,"turns":3},{"damage":6,"enemies":"Jaw Worm Horde","floor":39,"turns":4},{"damage":40,"enemies":"Giant Head","floor":40,"turns":9},{"damage":15,"enemies":"4 Shapes","floor":41,"turns":3},{"damage":12,"enemies":"Maw","floor":45,"turns":7},{"damage":18,"enemies":"Nemesis","floor":47,"turns":7},{"damage":10,"enemies":"Spire Growth","floor":48,"turns":5},{"damage":107,"enemies":"Awakened One","floor":50,"turns":13}],"seed_played":"7997919656143353240","potions_obtained":[{"floor":1,"key":"Fire Potion"},{"floor":2,"key":"PowerPotion"},{"floor":3,"key":"Energy Potion"},{"floor":3,"key":"Dexterity Potion"},{"floor":8,"key":"Regen Potion"},{"floor":10,"key":"EssenceOfSteel"},{"floor":19,"key":"SneckoOil"},{"floor":20,"key":"SkillPotion"},{"floor":28,"key":"Energy Potion"},{"floor":30,"key":"BloodPotion"},{"floor":39,"key":"SpeedPotion"},{"floor":41,"key":"FairyPotion"},{"floor":45,"key":"SpeedPotion"},{"floor":47,"key":"Regen Potion"}],"is_trial":false,"path_per_floor":["M","M","?","$","M","E","R","E","T","M","M","E","$","E","R","B",null,"M","M","M","M","?","E","R","E","T","$","M","R","E","M","R","B",null,"M","$","?","M","M","E","M","R","T","R","M","?","E","M","R","B"],"character_chosen":"IRONCLAD","items_purchased":["Pommel Strike","Thread and Needle","True Grit","Swift Potion","Blue Candle","True Grit","Shockwave","Block Potion","Block Potion"],"campfire_rested":6,"item_purchase_floors":[4,13,13,13,27,27,36,36,36],"current_hp_per_floor":[87,82,82,82,84,82,82,47,47,53,59,51,51,45,71,43,88,88,87,59,56,56,23,49,16,16,16,19,45,45,39,65,33,88,88,88,88,82,82,48,39,39,39,65,59,48,36,32,58,0],"gold":196,"neow_bonus":"TEN_PERCENT_HP_BONUS","is_prod":false,"is_daily":false,"chose_seed":false,"campfire_upgraded":1,"win_rate":0,"timestamp":1563481979,"path_taken":["M","M","?","$","M","E","R","E","T","M","M","E","?","E","R","BOSS","M","M","?","M","?","E","R","E","T","?","M","R","E","M","R","BOSS","M","$","?","M","M","E","M","R","T","R","M","?","E","M","R","BOSS"],"build_version":"2019-07-17","purchased_purges":1,"victory":false,"max_hp_per_floor":[88,88,88,88,88,88,88,88,88,88,88,88,88,88,88,88,88,88,88,88,88,88,88,88,88,88,88,88,88,88,88,88,88,88,88,88,88,88,88,88,88,88,88,88,88,88,88,88,88,88],"card_choices":[{"not_picked":["Feel No Pain","Cleave"],"picked":"Body Slam","floor":1},{"not_picked":["Thunderclap","Spot Weakness"],"picked":"Cleave","floor":2},{"not_picked":["Iron Wave","Power Through","Warcry"],"picked":"SKIP","floor":5},{"not_picked":["Immolate","Inflame"],"picked":"Anger","floor":6},{"not_picked":["Disarm","Anger","Sever Soul"],"picked":"SKIP","floor":8},{"not_picked":["Second Wind","Havoc","Flex"],"picked":"SKIP","floor":10},{"not_picked":["Wild Strike","Rupture"],"picked":"Uppercut","floor":11},{"not_picked":["Heavy Blade","Anger"],"picked":"Clothesline","floor":12},{"not_picked":["Warcry","Disarm"],"picked":"Offering","floor":14},{"not_picked":["Offering","Demon Form"],"picked":"Double Tap","floor":16},{"not_picked":["Flame Barrier","Blood for Blood"],"picked":"Perfected Strike+1","floor":18},{"not_picked":["Iron Wave","Wild Strike"],"picked":"Dropkick","floor":19},{"not_picked":["Clash","Metallicize"],"picked":"Armaments+1","floor":20},{"not_picked":["Exhume","Havoc"],"picked":"Thunderclap","floor":21},{"not_picked":["Bloodletting","Limit Break","Exhume"],"picked":"SKIP","floor":23},{"not_picked":["Wild Strike","Body Slam","Sentinel"],"picked":"SKIP","floor":25},{"not_picked":["Ghostly Armor","Evolve"],"picked":"Battle Trance+1","floor":28},{"not_picked":["Iron Wave","Armaments","Pommel Strike"],"picked":"SKIP","floor":30},{"not_picked":["Havoc","Brutality"],"picked":"Ghostly Armor","floor":31},{"not_picked":["Limit Break","Demon Form"],"picked":"Dark Embrace","floor":33},{"not_picked":["Anger+1","Wild Strike+1","Warcry+1"],"picked":"SKIP","floor":35},{"not_picked":["Sentinel","Exhume"],"picked":"Sever Soul+1","floor":38},{"not_picked":["Sword Boomerang+1","Anger+1","Warcry"],"picked":"SKIP","floor":39},{"not_picked":["Pummel+1","Anger"],"picked":"Ghostly Armor+1","floor":40},{"not_picked":["Perfected Strike+1","Blood for Blood+1","Clothesline+1"],"picked":"SKIP","floor":41},{"not_picked":["Havoc","Seeing Red+1","Wild Strike"],"picked":"SKIP","floor":45},{"not_picked":["Pommel Strike","Clash"],"picked":"Juggernaut","floor":47},{"not_picked":["Warcry+1","Corruption+1"],"picked":"Infernal Blade+1","floor":48}],"player_experience":196746,"relics_obtained":[{"floor":6,"key":"Omamori"},{"floor":8,"key":"Dodecahedron"},{"floor":9,"key":"Mummified Hand"},{"floor":12,"key":"Old Coin"},{"floor":14,"key":"Mercury Hourglass"},{"floor":23,"key":"Bronze Scales"},{"floor":25,"key":"Champion Belt"},{"floor":30,"key":"Matryoshka"},{"floor":40,"key":"Ginger"},{"floor":43,"key":"Art of War"},{"floor":43,"key":"Juzu Bracelet"},{"floor":47,"key":"Anchor"}],"event_choices":[{"damage_healed":0,"gold_gain":0,"player_choice":"Got Potions","damage_taken":0,"max_hp_gain":0,"max_hp_loss":0,"event_name":"Lab","floor":3,"gold_loss":0},{"damage_healed":0,"gold_gain":0,"player_choice":"Smashed Altar","damage_taken":0,"max_hp_gain":0,"max_hp_loss":0,"event_name":"Forgotten Altar","floor":22,"gold_loss":0,"cards_obtained":["Decay"]},{"damage_healed":0,"gold_gain":0,"player_choice":"1 cards matched","damage_taken":0,"max_hp_gain":0,"max_hp_loss":0,"event_name":"Match and Keep!","floor":37,"gold_loss":0,"cards_obtained":["Carnage"]},{"damage_healed":0,"gold_gain":0,"player_choice":"Embrace Madness","damage_taken":11,"max_hp_gain":0,"max_hp_loss":0,"event_name":"Winding Halls","floor":46,"gold_loss":0,"cards_obtained":["Madness","Madness"]}],"is_beta":false,"boss_relics":[{"not_picked":["Velvet Choker","Fusion Hammer"],"picked":"Cursed Key"},{"not_picked":["Eternal Feather","Astrolabe"],"picked":"Mark of Pain"}],"items_purged_floors":[4],"is_endless":false,"potions_floor_spawned":[1,2,5,8,10,19,20,28,30,39,41,45,47],"killed_by":"Awakened One","ascension_level":2}