{"gold_per_floor":[369,369,73,248,263,295,295,308,308,308],"floor_reached":10,"playtime":290,"items_purged":[],"score":79,"play_id":"b33fd4e9-c239-42e8-8a2c-0b29975bfbb3","local_time":"20190715115550","is_ascension_mode":true,"campfire_choices":[{"floor":7,"key":"REST"}],"neow_cost":"CURSE","seed_source_timestamp":225118565863400,"circlet_count":0,"master_deck":["Strike_B","Strike_B","Strike_B","Strike_B+1","Defend_B","Defend_B","Defend_B","Defend_B","Zap","Dualcast","Decay","Defragment","Doubt","Ball Lightning+1","Capacitor"],"relics":["Cracked Core","Blue Candle","Bird Faced Urn","Whetstone","The Courier"],"potions_floor_usage":[10,10],"damage_taken":[{"damage":11,"enemies":"Jaw Worm","floor":1,"turns":4},{"damage":2,"enemies":"Small Slimes","floor":5,"turns":2},{"damage":27,"enemies":"Lagavulin","floor":6,"turns":6},{"damage":7,"enemies":"Cultist","floor":8,"turns":3},{"damage":40,"enemies":"Gremlin Nob","floor":10,"turns":4}],"seed_played":"-3641090043818694609","potions_obtained":[{"floor":5,"key":"SneckoOil"},{"floor":8,"key":"Poison Potion"}],"is_trial":false,"path_per_floor":["M","?","$","?","M","E","R","M","T","E"],"character_chosen":"DEFECT","items_purchased":["Bird Faced Urn"],"campfire_rested":1,"item_purchase_floors":[3],"current_hp_per_floor":[64,39,39,39,37,12,34,29,29,0],"gold":308,"neow_bonus":"TWO_FIFTY_GOLD","is_prod":false,"is_daily":false,"chose_seed":false,"campfire_upgraded":0,"win_rate":0,"timestamp":1563206150,"path_taken":["M","?","$","?","?","E","R","M","T","E"],"build_version":"2019-07-05","purchased_purges":0,"victory":false,"max_hp_per_floor":[75,75,75,75,75,75,75,75,75,75],"card_choices":[{"not_picked":["Barrage","Go for the Eyes"],"picked":"Defragment","floor":1},{"not_picked":["Aggregate","Rebound"],"picked":"Ball Lightning","floor":5},{"not_picked":["Ball Lightning","Undo","Barrage"],"picked":"SKIP","floor":6},{"not_picked":["Turbo","Storm"],"picked":"Capacitor","floor":8}],"player_experience":349576,"relics_obtained":[{"floor":6,"key":"Whetstone"},{"floor":9,"key":"The Courier"}],"event_choices":[{"damage_healed":0,"gold_gain":0,"player_choice":"Success","damage_taken":25,"relics_obtained":["Blue Candle"],"max_hp_gain":0,"max_hp_loss":0,"event_name":"Scrap Ooze","floor":2,"gold_loss":0},{"damage_healed":0,"gold_gain":175,"player_choice":"AGREE","damage_taken":0,"max_hp_gain":0,"max_hp_loss":0,"event_name":"Liars Game","floor":4,"gold_loss":0,"cards_obtained":["Doubt"]}],"is_beta":false,"boss_relics":[],"items_purged_floors":[],"is_endless":false,"potions_floor_spawned":[5,8],"killed_by":"Gremlin Nob","ascension_level":4}