{"gold_per_floor":[211,226,245,262,262,288,288,316,316,316,327,327,340,176,176,280,280,205,118,118],"floor_reached":20,"playtime":1476,"items_purged":["Strike_G","Strike_G"],"score":228,"play_id":"dd3c341d-7b6d-4cb2-9d94-7e2ae59274b0","local_time":"20180703102836","is_ascension_mode":true,"campfire_choices":[{"floor":7,"key":"REST"},{"floor":10,"key":"REST"},{"floor":15,"key":"REST"}],"neow_cost":"NONE","seed_source_timestamp":1238308307291814,"circlet_count":0,"master_deck":["Defend_G","Defend_G","Defend_G","Defend_G","Defend_G","Strike_G","Strike_G","Strike_G","Survivor","Neutralize","Sucker Punch","Cloak And Dagger","Noxious Fumes","Heel Hook","Dagger Spray","Flying Knee","Well Laid Plans+1","Malaise","After Image+1","Bane","Accuracy+1"],"relics":["Ring of the Snake","Shovel","Smiling Mask","Frozen Egg 2","Snecko Eye"],"potions_floor_usage":[6,13,13,16],"damage_taken":[{"damage":4,"enemies":"Cultist","floor":1,"turns":6},{"damage":1,"enemies":"Small Slimes","floor":2,"turns":5},{"damage":0,"enemies":"2 Louse","floor":3,"turns":2},{"damage":0,"enemies":"Blue Slaver","floor":4,"turns":5},{"damage":22,"enemies":"Lagavulin","floor":6,"turns":9},{"damage":36,"enemies":"Gremlin Nob","floor":8,"turns":5},{"damage":0,"enemies":"3 Louse","floor":11,"turns":3},{"damage":10,"enemies":"Exordium Wildlife","floor":13,"turns":6},{"damage":39,"enemies":"Hexaghost","floor":16,"turns":14},{"damage":25,"enemies":"2 Thieves","floor":18,"turns":5},{"damage":22,"enemies":"Chosen","floor":20,"turns":7}],"seed_played":"-5205290339266158418","potions_obtained":[{"floor":3,"key":"Weak Potion"},{"floor":6,"key":"SpeedPotion"},{"floor":8,"key":"Swift Potion"},{"floor":13,"key":"FearPotion"}],"is_trial":false,"path_per_floor":["M","M","M","M","?","E","R","E","T","R","M","?","M","$","R","B",null,"M","$"],"character_chosen":"THE_SILENT","items_purchased":["Well Laid Plans+1","Malaise","Accuracy+1"],"campfire_rested":3,"item_purchase_floors":[14,14,19],"current_hp_per_floor":[66,65,65,65,65,43,64,28,28,49,49,49,39,39,60,21,58,33,33,11],"gold":118,"neow_bonus":"HUNDRED_GOLD","is_prod":false,"is_daily":false,"chose_seed":false,"campfire_upgraded":0,"win_rate":0,"timestamp":1530610116,"path_taken":["M","M","?","M","?","E","R","E","T","R","M","?","?","$","R","BOSS","M","$","M"],"build_version":"2018-06-28","purchased_purges":2,"victory":false,"max_hp_per_floor":[70,70,70,70,70,70,70,70,70,70,70,70,70,70,70,70,70,70,70,70],"card_choices":[{"not_picked":["Bane","Deflect"],"picked":"Sucker Punch","floor":1},{"not_picked":["Deflect","Eviscerate"],"picked":"Cloak And Dagger","floor":2},{"not_picked":["Infinite Blades","Sucker Punch"],"picked":"Noxious Fumes","floor":3},{"not_picked":["Acrobatics","Outmaneuver","Unload"],"picked":"SKIP","floor":4},{"not_picked":["Riddle With Holes","Crippling Poison"],"picked":"Heel Hook","floor":6},{"not_picked":["Crippling Poison","Deflect"],"picked":"Dagger Spray","floor":8},{"not_picked":["Deadly Poison","Deflect"],"picked":"Flying Knee","floor":11},{"not_picked":["Dagger Spray","Setup","Distraction"],"picked":"SKIP","floor":13},{"not_picked":["A Thousand Cuts+1","Night Terror"],"picked":"After Image+1","floor":16},{"not_picked":["Endless Agony","Dagger Spray"],"picked":"Bane","floor":18}],"player_experience":295286,"relics_obtained":[{"floor":6,"key":"Shovel"},{"floor":8,"key":"Smiling Mask"},{"floor":9,"key":"Frozen Egg 2"}],"event_choices":[{"event_name":"Liars Game","player_choice":"disagreed","floor":5,"damage_taken":0},{"event_name":"Scrap Ooze","player_choice":"unsuccessful","floor":12,"damage_taken":0}],"boss_relics":[{"not_picked":["Runic Dome","Tiny House"],"picked":"Snecko Eye"}],"items_purged_floors":[14,19],"is_endless":false,"potions_floor_spawned":[3,6,8,13],"killed_by":"Chosen","ascension_level":5}