{"gold_per_floor":[364,376,12,26,43,43,70,70,70,103,121,121,8,25,25,102,102,117,42,41,91,104,135,135,60,60,60,60,87,87,0,0,74,74,89,89,101,15,15,49,69,69,115,134,134,134,5,5,5,5],"floor_reached":51,"playtime":3319,"items_purged":["Strike_G","Defend_G"],"score":1303,"play_id":"ac8b5812-7160-491d-b084-b8b2196a787a","local_time":"20190803190338","is_ascension_mode":true,"campfire_choices":[{"data":"Noxious Fumes","floor":6,"key":"SMITH"},{"floor":8,"key":"REST"},{"data":"Neutralize","floor":15,"key":"SMITH"},{"floor":24,"key":"REST"},{"floor":27,"key":"REST"},{"floor":30,"key":"REST"},{"data":"Noxious Fumes","floor":32,"key":"SMITH"},{"floor":42,"key":"REST"},{"data":"Burst","floor":46,"key":"SMITH"},{"data":"Catalyst","floor":49,"key":"SMITH"}],"neow_cost":"TEN_PERCENT_HP_LOSS","seed_source_timestamp":61888599527600,"circlet_count":0,"master_deck":["AscendersBane","Defend_G","Defend_G","Defend_G","Defend_G","Survivor","Neutralize+1","Cloak And Dagger","Backflip","Noxious Fumes+1","Flying Knee","Catalyst+1","After Image","Dagger Throw","Bouncing Flask","Blur","Burst+1","Acrobatics","Backflip","Leg Sweep+1","Acrobatics","Noxious Fumes+1","Backflip+1","Sucker Punch+1","Catalyst+1","Reflex","Well Laid Plans","Writhe","Backflip","Parasite","Prepared+1","After Image","Acrobatics"],"relics":["Ring of the Snake","Letter Opener","Tough Bandages","Pantograph","Bottled Flame","FaceOfCleric","HoveringKite","Ornamental Fan","Girya","Oddly Smooth Stone","Astrolabe","Happy Flower","Gremlin Horn","Boot"],"potions_floor_usage":[7,7,16,23,33,33,33,33,50,50],"damage_taken":[{"damage":3,"enemies":"2 Louse","floor":1,"turns":5},{"damage":0,"enemies":"Cultist","floor":2,"turns":5},{"damage":1,"enemies":"Small Slimes","floor":4,"turns":4},{"damage":6,"enemies":"2 Fungi Beasts","floor":5,"turns":4},{"damage":28,"enemies":"Gremlin Nob","floor":7,"turns":4},{"damage":10,"enemies":"Lagavulin","floor":10,"turns":8},{"damage":0,"enemies":"Red Slaver","floor":11,"turns":5},{"damage":0,"enemies":"3 Louse","floor":14,"turns":4},{"damage":34,"enemies":"Slime Boss","floor":16,"turns":11},{"damage":0,"enemies":"3 Byrds","floor":18,"turns":4},{"damage":3,"enemies":"2 Thieves","floor":20,"turns":4},{"damage":0,"enemies":"Centurion and Healer","floor":22,"turns":6},{"damage":50,"enemies":"Gremlin Leader","floor":23,"turns":8},{"damage":0,"enemies":"Colosseum Slavers","floor":28,"turns":6},{"damage":28,"enemies":"Slavers","floor":29,"turns":8},{"damage":49,"enemies":"Collector","floor":33,"turns":11},{"damage":27,"enemies":"3 Shapes","floor":35,"turns":4},{"damage":6,"enemies":"Orb Walker","floor":37,"turns":6},{"damage":33,"enemies":"Nemesis","floor":40,"turns":7},{"damage":0,"enemies":"Writhing Mass","floor":41,"turns":5},{"damage":0,"enemies":"Jaw Worm Horde","floor":44,"turns":6},{"damage":5,"enemies":"Donu and Deca","floor":50,"turns":9}],"seed_played":"-2705439191067644402","potions_obtained":[{"floor":4,"key":"Strength Potion"},{"floor":5,"key":"Swift Potion"},{"floor":11,"key":"SteroidPotion"},{"floor":20,"key":"AttackPotion"},{"floor":23,"key":"FearPotion"},{"floor":29,"key":"EntropicBrew"},{"floor":35,"key":"EssenceOfSteel"},{"floor":41,"key":"SkillPotion"},{"floor":44,"key":"Strength Potion"}],"is_trial":false,"path_per_floor":["M","M","$","M","M","R","E","R","T","E","M","?","$","M","R","B",null,"M","$","M","?","M","E","R","?","T","R","?","E","R","$","R","B",null,"M","?","M","$","?","E","M","R","T","M","?","R","$","?","R","B",null],"character_chosen":"THE_SILENT","items_purchased":["Noxious Fumes","Letter Opener","Blur","Sucker Punch","Noxious Fumes","Well Laid Plans","Acrobatics"],"campfire_rested":5,"item_purchase_floors":[3,3,13,13,31,38,47],"current_hp_per_floor":[56,56,56,55,49,49,21,39,39,29,29,29,29,30,30,22,52,53,53,51,51,52,3,22,22,22,41,42,15,35,35,35,12,55,29,29,24,24,38,6,7,28,28,29,29,29,29,29,29,50],"gold":5,"neow_bonus":"TWO_FIFTY_GOLD","is_prod":false,"is_daily":false,"chose_seed":false,"campfire_upgraded":5,"win_rate":0,"timestamp":1564873418,"path_taken":["M","M","$","M","M","R","E","R","T","E","M","?","$","M","R","BOSS","M","$","M","?","M","E","R","?","T","R","?","E","R","$","R","BOSS","M","?","?","$","?","E","M","R","T","M","?","R","$","?","R","BOSS"],"build_version":"2019-07-17","purchased_purges":2,"victory":true,"max_hp_per_floor":[60,60,60,60,60,60,60,60,60,60,60,60,60,61,61,62,62,63,63,64,64,65,66,66,66,66,66,67,68,68,68,68,69,69,70,70,71,71,71,72,73,73,73,74,74,74,74,74,74,75],"card_choices":[{"not_picked":["Acrobatics","Bane"],"picked":"Cloak And Dagger","floor":1},{"not_picked":["Slice","Heel Hook"],"picked":"Backflip","floor":2},{"not_picked":["Expertise","Endless Agony"],"picked":"Flying Knee","floor":4},{"not_picked":["Infinite Blades","Backstab"],"picked":"Catalyst","floor":5},{"not_picked":["Dagger Throw","Concentrate"],"picked":"After Image","floor":7},{"not_picked":["PiercingWail","All Out Attack"],"picked":"Dagger Throw","floor":10},{"not_picked":["Crippling Poison","Predator"],"picked":"Bouncing Flask","floor":11},{"not_picked":["Underhanded Strike","Deadly Poison","Cloak And Dagger"],"picked":"SKIP","floor":14},{"not_picked":["Storm of Steel","Die Die Die"],"picked":"Burst","floor":16},{"not_picked":["Sucker Punch+1","Flying Knee+1","Terror"],"picked":"SKIP","floor":18},{"not_picked":["Sucker Punch","Heel Hook"],"picked":"Acrobatics","floor":20},{"not_picked":["Choke","Deadly Poison"],"picked":"Backflip","floor":22},{"not_picked":["Grand Finale","Dagger Spray"],"picked":"Leg Sweep+1","floor":23},{"not_picked":["Flechettes","Doppelganger"],"picked":"Acrobatics","floor":29},{"not_picked":["Deflect","Cloak And Dagger+1"],"picked":"Reflex","floor":35},{"not_picked":["Dagger Spray","Dodge and Roll","Underhanded Strike"],"picked":"SKIP","floor":37},{"not_picked":["Crippling Poison","Poisoned Stab"],"picked":"Backflip","floor":40},{"not_picked":["Deadly Poison","PiercingWail"],"picked":"Prepared+1","floor":41},{"not_picked":["Poisoned Stab","Blur"],"picked":"After Image","floor":44}],"player_experience":648772,"relics_obtained":[{"floor":7,"key":"Tough Bandages"},{"floor":9,"key":"Pantograph"},{"floor":10,"key":"Bottled Flame"},{"floor":23,"key":"Ornamental Fan"},{"floor":26,"key":"Girya"},{"floor":29,"key":"Oddly Smooth Stone"},{"floor":40,"key":"Gremlin Horn"},{"floor":43,"key":"Boot"}],"event_choices":[{"damage_healed":0,"gold_gain":0,"player_choice":"Trade","damage_taken":0,"relics_obtained":["FaceOfCleric"],"max_hp_gain":0,"max_hp_loss":0,"event_name":"FaceTrader","floor":12,"gold_loss":0},{"damage_healed":0,"gold_gain":50,"player_choice":"Stole From Cult","damage_taken":0,"max_hp_gain":0,"max_hp_loss":0,"event_name":"Nest","floor":21,"gold_loss":0},{"cards_removed":["Strike_G"],"damage_healed":0,"gold_gain":0,"player_choice":"Gave Gold","damage_taken":0,"max_hp_gain":0,"max_hp_loss":0,"event_name":"Beggar","floor":25,"gold_loss":75},{"damage_healed":0,"gold_gain":0,"player_choice":"Fight","damage_taken":0,"max_hp_gain":0,"max_hp_loss":0,"event_name":"Colosseum","floor":28,"gold_loss":0},{"damage_healed":0,"gold_gain":0,"player_choice":"Fled From Nobs","damage_taken":0,"max_hp_gain":0,"max_hp_loss":0,"event_name":"Colosseum","floor":28,"gold_loss":0},{"damage_healed":0,"gold_gain":0,"player_choice":"Gave Potion","damage_taken":0,"relics_obtained":["Happy Flower"],"max_hp_gain":0,"max_hp_loss":0,"event_name":"WeMeetAgain","floor":36,"gold_loss":0},{"damage_healed":14,"gold_gain":0,"player_choice":"Writhe","damage_taken":0,"max_hp_gain":0,"max_hp_loss":0,"event_name":"Winding Halls","floor":39,"gold_loss":0,"cards_obtained":["Writhe"]},{"damage_healed":0,"gold_gain":0,"player_choice":"Ignored","damage_taken":0,"max_hp_gain":0,"max_hp_loss":0,"event_name":"Mysterious Sphere","floor":45,"gold_loss":0},{"cards_removed":["Sucker Punch"],"damage_healed":0,"gold_gain":0,"player_choice":"Removed Attack","damage_taken":0,"max_hp_gain":0,"max_hp_loss":0,"event_name":"Falling","floor":48,"gold_loss":0}],"is_beta":false,"boss_relics":[{"not_picked":["Orrery","Tiny House"],"picked":"HoveringKite"},{"not_picked":["Calling Bell","Coffee Dripper"],"picked":"Astrolabe"}],"items_purged_floors":[19,47],"is_endless":false,"potions_floor_spawned":[4,5,11,20,23,28,29,35,41,44],"ascension_level":16}