{"path_per_floor":["M","?","T","?","$","R","$","M","T","$","?","R","M","M","R","B",null,"M","M","?","?","?","R","$","T","T","R","$","?","M","M","R"],"character_chosen":"IRONCLAD","items_purchased":["Bronze Scales","Carnage","Bag of Marbles","Spot Weakness"],"gold_per_floor":[113,213,213,213,213,213,59,77,103,22,84,84,94,104,104,207,207,219,233,233,233,233,233,233,233,233,233,18,18,38,51,51,51],"floor_reached":33,"campfire_rested":2,"playtime":1552,"item_purchase_floors":[7,10,28,28],"current_hp_per_floor":[76,76,76,76,76,76,76,80,80,80,80,80,80,80,80,55,80,69,59,59,59,59,80,80,80,80,80,80,71,80,58,80,0],"items_purged":[],"gold":51,"score":231,"play_id":"c8c93ca9-8ce2-4d15-8e98-b7b436438487","local_time":"20180622232326","is_prod":false,"is_daily":false,"chose_seed":false,"is_ascension_mode":false,"campfire_upgraded":4,"win_rate":0.0,"timestamp":1529706206,"campfire_choices":[{"data":"Uppercut","floor":6,"key":"SMITH"},{"data":"Carnage","floor":12,"key":"SMITH"},{"data":"Uppercut","floor":15,"key":"SMITH"},{"floor":23,"key":"REST"},{"data":"Impervious","floor":27,"key":"SMITH"},{"floor":32,"key":"REST"}],"path_taken":["M","?","?","?","$","R","$","?","T","$","?","R","M","M","R","BOSS","M","M","?","?","?","R","$","?","T","R","$","?","M","M","R","BOSS"],"build_version":"2018-06-21","seed_source_timestamp":334292731197960,"purchased_purges":0,"circlet_count":0,"victory":false,"master_deck":["Strike_R","Strike_R","Strike_R","Strike_R","Strike_R","Defend_R","Defend_R","Defend_R","Bash","Uppercut+1","Normality","Heavy Blade","Carnage+1","Iron Wave","Uppercut+1","Impervious+1","Anger","Armaments+1","Reaper","Spot Weakness","Heavy Blade","Rampage"],"max_hp_per_floor":[80,80,80,80,80,80,80,80,80,80,80,80,80,80,80,80,80,80,80,80,80,80,80,80,80,80,80,80,80,80,80,80,80],"relics":["Burning Blood","Magic Flower","Omamori","Bronze Scales","Oddly Smooth Stone","Mark of Pain","Centennial Puzzle","Self Forming Clay","Bag of Marbles"],"card_choices":[{"not_picked":["Pummel","Headbutt"],"picked":"Uppercut","floor":1},{"not_picked":["Wild Strike","Body Slam"],"picked":"Heavy Blade","floor":8},{"not_picked":["True Grit","Spot Weakness"],"picked":"Iron Wave","floor":13},{"not_picked":["Sword Boomerang","Iron Wave"],"picked":"Uppercut","floor":14},{"not_picked":["Immolate","Berserk"],"picked":"Impervious","floor":16},{"not_picked":["Warcry","Whirlwind"],"picked":"Anger","floor":18},{"not_picked":["Anger","Shrug It Off"],"picked":"Armaments+1","floor":19},{"not_picked":["Shockwave","Hemokinesis+1"],"picked":"Heavy Blade","floor":30},{"not_picked":["Second Wind+1","Warcry"],"picked":"Rampage","floor":31}],"player_experience":68728,"potions_floor_usage":[31,31,31],"damage_taken":[{"damage":10,"enemies":"Small Slimes","floor":1,"turns":3},{"damage":4,"enemies":"Cultist","floor":8,"turns":3},{"damage":5,"enemies":"Jaw Worm","floor":13,"turns":2},{"damage":6,"enemies":"Exordium Thugs","floor":14,"turns":4},{"damage":34,"enemies":"Hexaghost","floor":16,"turns":9},{"damage":20,"enemies":"2 Thieves","floor":18,"turns":4},{"damage":19,"enemies":"3 Byrds","floor":19,"turns":3},{"damage":0,"enemies":"Snake Plant","floor":30,"turns":3},{"damage":31,"enemies":"Slaver and Parasite","floor":31,"turns":5},{"damage":90,"enemies":"Automaton","floor":33,"turns":8}],"relics_obtained":[{"floor":3,"key":"Magic Flower"},{"floor":9,"key":"Oddly Smooth Stone"},{"floor":25,"key":"Centennial Puzzle"},{"floor":26,"key":"Self Forming Clay"}],"event_choices":[{"event_name":"Wheel of Change","player_choice":"Gold","floor":2,"damage_taken":0},{"event_name":"Accursed Blacksmith","player_choice":"Rummage","floor":4,"damage_taken":0},{"event_name":"Golden Wing","player_choice":"Gained Gold","floor":11,"damage_taken":0},{"event_name":"Ghosts","player_choice":"Ignored","floor":20,"damage_taken":0},{"event_name":"Vampires","player_choice":"Ignored","floor":21,"damage_taken":0},{"event_name":"Transmorgrifier","player_choice":"Transform","floor":22,"damage_taken":0},{"event_name":"Cursed Tome","player_choice":"Stopped","floor":29,"damage_taken":0}],"boss_relics":[{"not_picked":["Ectoplasm","Fusion Hammer"],"picked":"Mark of Pain"}],"items_purged_floors":[],"is_endless":false,"potions_floor_spawned":[1,16,30],"seed_played":"3865822730491329134","killed_by":"Automaton","ascension_level":0,"potions_obtained":[{"floor":1,"key":"Weak Potion"},{"floor":16,"key":"Swift Potion"},{"floor":30,"key":"Regen Potion"}],"is_trial":false}