{"gold_per_floor":[109,123,123,24,24,24,39,72,153,220,234,249,249,107,107,237,237,250,250,270,270,284,284,99,120,193,208,208,208,208,229,229,353,353,373,134,134,134,55,55,74,98,98,98,98],"floor_reached":45,"playtime":4533,"items_purged":["Strike_G"],"score":457,"play_id":"03d3efdd-7551-40fb-9dfc-c38b9ada0a32","local_time":"20181012013923","is_ascension_mode":true,"campfire_choices":[{"data":"Noxious Fumes","floor":6,"key":"SMITH"},{"floor":13,"key":"REST"},{"floor":15,"key":"REST"},{"data":"A Thousand Cuts","floor":23,"key":"SMITH"},{"floor":30,"key":"REST"},{"floor":32,"key":"REST"},{"floor":40,"key":"REST"}],"neow_cost":"NONE","seed_source_timestamp":100641556468186,"circlet_count":0,"master_deck":["Defend_G","Defend_G","Defend_G","Defend_G","Defend_G","Survivor","Neutralize+1","Predator+1","Sucker Punch","Noxious Fumes+1","Bane","Flying Knee","Caltrops","Noxious Fumes","A Thousand Cuts+1","Escape Plan+1","Backflip","Bane","All Out Attack","PiercingWail+1","Outmaneuver","Adrenaline","Envenom+1","Heel Hook","Wraith Form v2","Noxious Fumes","Terror+1"],"relics":["Ring of the Snake","Golden Idol","Pen Nib","Mummified Hand","Astrolabe","Whetstone","Ornamental Fan","Orrery","Toxic Egg 2","Prayer Wheel"],"potions_floor_usage":[20,25,28,35,42],"damage_taken":[{"damage":8,"enemies":"Jaw Worm","floor":1,"turns":6},{"damage":0,"enemies":"Small Slimes","floor":2,"turns":3},{"damage":0,"enemies":"Cultist","floor":7,"turns":3},{"damage":17,"enemies":"3 Sentries","floor":8,"turns":8},{"damage":7,"enemies":"Large Slime","floor":11,"turns":7},{"damage":0,"enemies":"Blue Slaver","floor":12,"turns":4},{"damage":14,"enemies":"Hexaghost","floor":16,"turns":8},{"damage":10,"enemies":"Spheric Guardian","floor":18,"turns":5},{"damage":18,"enemies":"Chosen","floor":20,"turns":5},{"damage":3,"enemies":"Snecko","floor":22,"turns":5},{"damage":23,"enemies":"Sentry and Sphere","floor":25,"turns":6},{"damage":21,"enemies":"Snake Plant","floor":27,"turns":4},{"damage":0,"enemies":"Centurion and Healer","floor":28,"turns":5},{"damage":7,"enemies":"Cultist and Chosen","floor":31,"turns":5},{"damage":6,"enemies":"Collector","floor":33,"turns":9},{"damage":34,"enemies":"3 Darklings","floor":35,"turns":4},{"damage":9,"enemies":"3 Shapes","floor":41,"turns":4},{"damage":25,"enemies":"Sphere and 2 Shapes","floor":42,"turns":6},{"damage":52,"enemies":"Maw","floor":45,"turns":5}],"seed_played":"-1569300085508658030","potions_obtained":[{"floor":1,"key":"Dexterity Potion"},{"floor":7,"key":"Regen Potion"},{"floor":8,"key":"Explosive Potion"},{"floor":19,"key":"SmokeBomb"},{"floor":22,"key":"EssenceOfSteel"},{"floor":41,"key":"SkillPotion"}],"is_trial":false,"path_per_floor":["M","M","?","$","?","R","M","E","T","?","M","M","R","$","R","B",null,"M","?","M","?","M","R","$","M","T","M","M","?","R","M","R","B",null,"M","$","?","?","$","R","M","M","T","?"],"character_chosen":"THE_SILENT","items_purchased":["Noxious Fumes","Bane","Noxious Fumes","Whetstone","All Out Attack","Toxic Egg 2","Noxious Fumes"],"campfire_rested":5,"item_purchase_floors":[4,4,14,24,24,36,39],"current_hp_per_floor":[62,62,45,45,45,45,45,28,28,28,21,21,42,42,63,49,70,60,60,51,51,48,48,48,25,25,4,4,4,25,18,39,33,70,36,36,36,36,36,57,48,23,23,23,0],"gold":98,"neow_bonus":"UPGRADE_CARD","is_prod":false,"is_daily":false,"chose_seed":false,"campfire_upgraded":2,"win_rate":0,"timestamp":1539304763,"path_taken":["M","M","?","$","?","R","M","E","T","?","M","M","R","$","R","BOSS","M","?","M","?","?","R","$","?","T","M","M","?","R","M","R","BOSS","M","$","?","?","$","R","M","M","T","?","M"],"build_version":"2018-10-04v2","purchased_purges":1,"victory":false,"max_hp_per_floor":[70,70,70,70,70,70,70,70,70,70,70,70,70,70,70,70,70,70,70,70,70,70,70,70,70,70,70,70,70,70,70,70,70,70,70,70,70,70,70,70,70,70,70,70,70],"card_choices":[{"not_picked":["Bane","Blade Dance"],"picked":"Predator","floor":1},{"not_picked":["Dash","Underhanded Strike"],"picked":"Sucker Punch","floor":2},{"not_picked":["Acrobatics","Blade Dance"],"picked":"Flying Knee","floor":7},{"not_picked":["Blade Dance","Crippling Poison","Flechettes"],"picked":"SKIP","floor":8},{"not_picked":["Finisher","Poisoned Stab","Outmaneuver"],"picked":"SKIP","floor":11},{"not_picked":["Poisoned Stab","Backflip"],"picked":"Caltrops","floor":12},{"not_picked":["Unload","Glass Knife"],"picked":"A Thousand Cuts","floor":16},{"not_picked":["Blade Dance","Flying Knee"],"picked":"Backflip","floor":18},{"not_picked":["Slice","Sucker Punch","Endless Agony+1"],"picked":"SKIP","floor":20},{"not_picked":["Backstab+1","Acrobatics"],"picked":"Bane","floor":22},{"not_picked":["Reflex","Dash","Underhanded Strike"],"picked":"SKIP","floor":25},{"not_picked":["Dash+1","Catalyst"],"picked":"PiercingWail+1","floor":27},{"not_picked":["Dagger Spray","Outmaneuver"],"picked":"Adrenaline","floor":31},{"not_picked":["A Thousand Cuts","Bullet Time"],"picked":"Envenom","floor":33},{"not_picked":["Blur","Escape Plan"],"picked":"Heel Hook","floor":34},{"not_picked":["Flechettes","Masterful Stab","Dagger Spray+1"],"picked":"SKIP","floor":35},{"not_picked":["Deflect+1","Dodge and Roll+1"],"picked":"Terror+1","floor":41},{"not_picked":["Tactician+1","Flying Knee","Poisoned Stab+1"],"picked":"SKIP","floor":42}],"player_experience":161059,"relics_obtained":[{"floor":8,"key":"Pen Nib"},{"floor":9,"key":"Mummified Hand"},{"floor":26,"key":"Ornamental Fan"},{"floor":43,"key":"Prayer Wheel"}],"event_choices":[{"event_name":"Golden Idol","player_choice":"Take Damage","floor":3,"damage_taken":0},{"event_name":"The Cleric","player_choice":"Leave","floor":5,"damage_taken":0},{"event_name":"Golden Wing","player_choice":"Gained Gold","floor":10,"damage_taken":0},{"event_name":"The Lab","player_choice":"Got Potions","floor":19,"damage_taken":0},{"event_name":"Match and Keep!","player_choice":"0 cards matched","floor":21,"damage_taken":0},{"event_name":"Transmorgrifier","player_choice":"Transform","floor":29,"damage_taken":0},{"event_name":"Accursed Blacksmith","player_choice":"Forge","floor":37,"damage_taken":0},{"event_name":"Transmorgrifier","player_choice":"Transform","floor":38,"damage_taken":0},{"event_name":"Falling","player_choice":"Removed Attack","floor":44,"damage_taken":0}],"is_beta":false,"boss_relics":[{"not_picked":["Tiny House","WristBlade"],"picked":"Astrolabe"},{"not_picked":["Ring of the Serpent","Runic Pyramid"],"picked":"Orrery"}],"items_purged_floors":[14],"is_endless":false,"potions_floor_spawned":[1,7,8,12,22,28,41],"killed_by":"Maw","ascension_level":2}