{"gold_per_floor":[110,110,110,41,52,86,86,103,156,203,217,217,62,62,62,164,164,174,194,109,123,123,123,136,136,136,136,152,152,152,152,152,252,302,317,317],"floor_reached":36,"playtime":4330,"items_purged":["Strike_G"],"score":421,"play_id":"f42353dc-b7ca-414e-89dc-8eb20f648b38","local_time":"20181125164813","is_ascension_mode":true,"campfire_choices":[{"data":"PiercingWail","floor":12.0,"key":"SMITH"},{"data":"Caltrops","floor":15.0,"key":"SMITH"},{"floor":23.0,"key":"REST"},{"floor":25.0,"key":"REST"},{"floor":29.0,"key":"REST"},{"data":"Bite","floor":32.0,"key":"SMITH"}],"neow_cost":"NONE","seed_source_timestamp":0,"circlet_count":0,"master_deck":["Defend_G+1","Defend_G+1","Defend_G+1","Defend_G+1","Defend_G+1","Survivor","Neutralize+1","Flying Knee+1","Slice","PiercingWail+1","Blur","Dagger Spray","Slice","Dash","Caltrops+1","A Thousand Cuts","Flying Knee+1","Backstab","Finisher+1","Bite","Bite","Bite","Bite+1","Bite","Venomology","Backflip","Dodge and Roll+1"],"special_seed":0,"relics":["Ring of the Snake","Pen Nib","Orichalcum","StoneCalendar","Tiny Chest","Snake Skull","Empty Cage","Juzu Bracelet","The Courier","Tiny House"],"potions_floor_usage":[],"damage_taken":[{"damage":0.0,"enemies":"Jaw Worm","floor":1.0,"turns":3.0},{"damage":0.0,"enemies":"Cultist","floor":5.0,"turns":3.0},{"damage":14.0,"enemies":"Gremlin Nob","floor":6.0,"turns":5.0},{"damage":0.0,"enemies":"Small Slimes","floor":8.0,"turns":2.0},{"damage":0.0,"enemies":"3 Louse","floor":11.0,"turns":3.0},{"damage":14.0,"enemies":"The Guardian","floor":16.0,"turns":14.0},{"damage":32.0,"enemies":"Spheric Guardian","floor":18.0,"turns":6.0},{"damage":0.0,"enemies":"3 Byrds","floor":19.0,"turns":4.0},{"damage":31.0,"enemies":"Snake Plant","floor":21.0,"turns":7.0},{"damage":28.0,"enemies":"Shelled Parasite and Fungi","floor":24.0,"turns":6.0},{"damage":1.0,"enemies":"3 Cultists","floor":28.0,"turns":3.0},{"damage":71.0,"enemies":"Collector","floor":33.0,"turns":17.0},{"damage":30.0,"enemies":"Orb Walker","floor":35.0,"turns":6.0},{"damage":0,"enemies":"3 Darklings","floor":36,"turns":1}],"seed_played":"1382097089947703885","potions_obtained":[{"floor":5.0,"key":"FearPotion"},{"floor":16.0,"key":"SteroidPotion"},{"floor":18.0,"key":"EssenceOfSteel"},{"floor":24.0,"key":"SteroidPotion"},{"floor":28.0,"key":"EssenceOfSteel"},{"floor":34.0,"key":"Poison Potion"},{"floor":35.0,"key":"Fire Potion"}],"is_trial":false,"path_per_floor":["M","?","?","$","M","E","T","M","T","T","M","R","$","?","R","B",null,"M","M","?","M","$","R","M","R","T","?","M","R","?","?","R","B",null,"M","M"],"character_chosen":"THE_SILENT","items_purchased":["Slice","PiercingWail","Caltrops"],"campfire_rested":3,"item_purchase_floors":[4,4,13],"current_hp_per_floor":[70,70,75,75,75,61,61,61,61,61,61,61,61,61,61,47,75,43,43,43,12,12,34,6,28,28,28,27,49,49,49,49,11,57,34,34],"gold":317,"neow_bonus":"RANDOM_COMMON_RELIC","is_prod":false,"is_daily":false,"chose_seed":false,"campfire_upgraded":3,"win_rate":0,"timestamp":1543164493,"path_taken":["M","?","?","$","M","E","?","M","T","?","?","R","$","?","R","BOSS","M","?","?","M","$","R","M","R","T","?","M","R","?","?","R","BOSS","M","M"],"build_version":"2018-11-15","purchased_purges":1,"victory":false,"max_hp_per_floor":[70,70,75,75,75,75,75,75,75,75,75,75,75,75,75,75,75,75,75,75,75,75,75,75,75,75,75,75,75,52,52,52,52,57,57,57],"card_choices":[{"not_picked":["Sucker Punch","Outmaneuver"],"picked":"Flying Knee","floor":1.0},{"not_picked":["Dash","Outmaneuver"],"picked":"Blur","floor":5.0},{"not_picked":["Masterful Stab","Backflip"],"picked":"Dagger Spray","floor":6.0},{"not_picked":["Acrobatics","Setup"],"picked":"Slice","floor":8.0},{"not_picked":["Eviscerate","Quick Slash"],"picked":"Dash","floor":11.0},{"not_picked":["Envenom","Wraith Form v2"],"picked":"A Thousand Cuts","floor":16.0},{"not_picked":["Blade Dance","Bane"],"picked":"Flying Knee","floor":18.0},{"not_picked":["Eviscerate","Dagger Spray","Reflex"],"picked":"SKIP","floor":19.0},{"not_picked":["Blade Dance","PiercingWail"],"picked":"Backstab","floor":21.0},{"not_picked":["Quick Slash","Tactician"],"picked":"Finisher+1","floor":24.0},{"not_picked":["Underhanded Strike","Deadly Poison+1","Backflip"],"picked":"SKIP","floor":28.0},{"not_picked":["Storm of Steel","Unload"],"picked":"Venomology","floor":33.0},{"not_picked":["Setup","Deflect"],"picked":"Backflip","floor":34.0},{"not_picked":["Bane+1","Calculated Gamble+1"],"picked":"Dodge and Roll+1","floor":35.0}],"player_experience":191086,"relics_obtained":[{"floor":6.0,"key":"Orichalcum"},{"floor":7.0,"key":"StoneCalendar"},{"floor":9.0,"key":"Tiny Chest"},{"floor":10.0,"key":"Snake Skull"},{"floor":26.0,"key":"The Courier"}],"event_choices":[{"damage_healed":0.0,"max_hp_gain":0.0,"max_hp_loss":0.0,"gold_gain":0.0,"event_name":"Upgrade Shrine","player_choice":"Upgraded","floor":2.0,"gold_loss":0.0,"damage_taken":0.0,"cards_upgraded":["Neutralize"]},{"damage_healed":0.0,"max_hp_gain":5.0,"max_hp_loss":0.0,"gold_gain":0.0,"event_name":"Big Fish","player_choice":"Donut","floor":3.0,"gold_loss":0.0,"damage_taken":0.0},{"damage_healed":0.0,"max_hp_gain":0.0,"max_hp_loss":0.0,"gold_gain":0.0,"event_name":"Living Wall","player_choice":"Grow","floor":14.0,"gold_loss":0.0,"damage_taken":0.0,"cards_upgraded":["Flying Knee"]},{"damage_healed":0.0,"max_hp_gain":0.0,"max_hp_loss":0.0,"gold_gain":0.0,"event_name":"Addict","player_choice":"Obtained Relic","floor":20.0,"gold_loss":85.0,"damage_taken":0.0,"relics_obtained":["Juzu Bracelet"]},{"damage_healed":0.0,"max_hp_gain":0.0,"max_hp_loss":0.0,"gold_gain":0.0,"event_name":"Back to Basics","player_choice":"Simplicity","floor":27.0,"gold_loss":0.0,"damage_taken":0.0,"cards_upgraded":["Defend_G","Defend_G","Defend_G","Defend_G","Defend_G","Strike_G","Strike_G"]},{"damage_healed":0.0,"max_hp_gain":0.0,"max_hp_loss":23.0,"gold_gain":0.0,"event_name":"Vampires","player_choice":"Became a vampire","floor":30.0,"gold_loss":0.0,"damage_taken":0.0,"cards_obtained":["Bite","Bite","Bite","Bite","Bite"]},{"damage_healed":0.0,"max_hp_gain":0.0,"max_hp_loss":0.0,"gold_gain":0.0,"event_name":"Beggar","player_choice":"Ignored","floor":31.0,"gold_loss":0.0,"damage_taken":0.0}],"is_beta":false,"boss_relics":[{"not_picked":["Busted Crown","Runic Dome"],"picked":"Empty Cage"},{"not_picked":["Eternal Feather","Runic Pyramid"],"picked":"Tiny House"}],"items_purged_floors":[13],"is_endless":false,"potions_floor_spawned":[5,16,18,24,28,35],"killed_by":"3 Darklings","ascension_level":2}