{"gold_per_floor":[119,134,152,172,185,185,185,111,190,8,8,8,8,28,28,133,133,153,153,170,190,206,206,236,236,236,249,263,296,296,307,307,409,409,425,425,425,435,258,258,283,2,2,21,21,21],"floor_reached":46,"playtime":4447,"items_purged":[],"score":628,"play_id":"6c5a334b-37db-4261-8039-311bff18ba31","local_time":"20180701122424","is_ascension_mode":true,"campfire_choices":[{"data":"Noxious Fumes","floor":6.0,"key":"SMITH"},{"data":"Malaise","floor":11.0,"key":"SMITH"},{"data":"Sucker Punch","floor":13.0,"key":"SMITH"},{"floor":15.0,"key":"REST"},{"data":"Adrenaline","floor":23,"key":"SMITH"},{"data":"Malaise","floor":25,"key":"SMITH"},{"floor":30,"key":"REST"},{"data":"Well Laid Plans","floor":32,"key":"SMITH"},{"data":"Caltrops","floor":40,"key":"SMITH"},{"floor":45,"key":"REST"}],"neow_cost":"","seed_source_timestamp":1069418772301960,"circlet_count":0,"master_deck":["Defend_G+1","Defend_G+1","Defend_G+1","Defend_G+1","Defend_G+1","Strike_G+1","Strike_G+1","Strike_G+1","Survivor+1","Neutralize","Malaise+1","Sucker Punch+1","Noxious Fumes+1","Deadly Poison","Backstab+1","Caltrops+1","Sadistic Nature","Catalyst","Adrenaline+1","Malaise+1","Backflip+1","Flying Knee","Flying Knee","Malaise+1","Dagger Spray","Glass Knife","Well Laid Plans+1","Venomology","Backflip+1","Bandage Up","Noxious Fumes","Finesse","Bane","Caltrops+1","Bane"],"special_seed":0,"relics":["Ring of the Snake","War Paint","Mercury Hourglass","Empty Cage","Mango","Vajra","Singing Bowl","White Beast Statue","Dream Catcher","Pantograph","Kunai"],"potions_floor_usage":[18,20,27,29,33,33,35,38,41,41,46,46,46],"damage_taken":[{"damage":5.0,"enemies":"Cultist","floor":1.0,"turns":5.0},{"damage":3.0,"enemies":"Jaw Worm","floor":2.0,"turns":9.0},{"damage":0.0,"enemies":"2 Louse","floor":3.0,"turns":5.0},{"damage":1.0,"enemies":"Looter","floor":4.0,"turns":4.0},{"damage":3.0,"enemies":"Blue Slaver","floor":5.0,"turns":4.0},{"damage":5.0,"enemies":"Red Slaver","floor":14.0,"turns":2.0},{"damage":6,"enemies":"The Guardian","floor":16,"turns":9},{"damage":1,"enemies":"Shell Parasite","floor":18,"turns":4},{"damage":0,"enemies":"Chosen","floor":20,"turns":4},{"damage":0,"enemies":"3 Cultists","floor":21,"turns":5},{"damage":10,"enemies":"Snake Plant","floor":22,"turns":3},{"damage":16,"enemies":"Book of Stabbing","floor":24,"turns":6},{"damage":0,"enemies":"Centurion and Healer","floor":27,"turns":5},{"damage":0,"enemies":"Snecko","floor":28,"turns":5},{"damage":13,"enemies":"Gremlin Leader","floor":29,"turns":5},{"damage":1,"enemies":"Snake Plant","floor":31,"turns":5},{"damage":16,"enemies":"Champ","floor":33,"turns":13},{"damage":22,"enemies":"3 Darklings","floor":35,"turns":4},{"damage":0,"enemies":"Orb Walker","floor":38,"turns":5},{"damage":46,"enemies":"Giant Head","floor":41,"turns":12},{"damage":23,"enemies":"Sphere and 2 Shapes","floor":44,"turns":7},{"damage":49,"enemies":"2 Orb Walkers","floor":46,"turns":4}],"seed_played":"3829593810442449904","potions_obtained":[{"floor":1.0,"key":"Ancient Potion"},{"floor":4.0,"key":"SmokeBomb"},{"floor":12.0,"key":"SpeedPotion"},{"floor":12.0,"key":"Fire Potion"},{"floor":21,"key":"SpeedPotion"},{"floor":27,"key":"Explosive Potion"},{"floor":29,"key":"Poison Potion"},{"floor":31,"key":"FairyPotion"},{"floor":33,"key":"SpeedPotion"},{"floor":35,"key":"Swift Potion"},{"floor":38,"key":"Dexterity Potion"},{"floor":41,"key":"SteroidPotion"},{"floor":44,"key":"Fire Potion"}],"is_trial":false,"path_per_floor":["M","M","M","M","M","R","?","$","T","$","R","?","R","M","R","B",null,"M","?","M","M","M","R","E","R","T","M","M","E","R","M","R","B",null,"M","?","?","M","$","R","E","$","T","M","R"],"character_chosen":"THE_SILENT","items_purchased":["Caltrops","Sadistic Nature","Noxious Fumes","Finesse","Bane","Pantograph"],"campfire_rested":3,"item_purchase_floors":[],"current_hp_per_floor":[65,62,62,61,58,58,44,44,44,44,44,44,44,39,60,54,70,69,69,69,69,59,59,57,57,57,57,57,44,69,68,68,52,84,62,62,62,64,64,64,24,24,24,5,31,0],"gold":21,"neow_bonus":"","is_prod":false,"is_daily":false,"chose_seed":false,"campfire_upgraded":7,"win_rate":0,"timestamp":1530444264,"path_taken":["M","?","M","M","M","R","?","$","T","$","R","?","R","M","R","BOSS","M","?","M","M","M","R","E","R","T","M","M","E","R","M","R","BOSS","M","?","?","?","$","R","E","$","T","M","R","E"],"build_version":"2018-06-28","purchased_purges":0,"victory":false,"max_hp_per_floor":[70,70,70,70,70,70,70,70,70,70,70,70,70,70,70,70,70,70,70,70,70,70,70,84,84,84,84,84,84,84,84,84,84,84,84,84,84,86,86,86,88,88,88,88,88,88],"card_choices":[{"not_picked":["Quick Slash","Flying Knee"],"picked":"Malaise","floor":1.0},{"not_picked":["Prepared","Eviscerate"],"picked":"Sucker Punch","floor":2.0},{"not_picked":["Calculated Gamble","Deadly Poison"],"picked":"Noxious Fumes","floor":3.0},{"not_picked":["Endless Agony","Sucker Punch"],"picked":"Deadly Poison","floor":4.0},{"not_picked":["Blur","Prepared"],"picked":"Backstab","floor":5.0},{"not_picked":["Cloak And Dagger","Terror"],"picked":"Catalyst","floor":14.0},{"not_picked":["Doppelganger","Wraith Form v2"],"picked":"Adrenaline","floor":16},{"not_picked":["Deadly Poison","Underhanded Strike"],"picked":"Malaise","floor":18},{"not_picked":["Flying Knee+1","Backstab"],"picked":"Backflip+1","floor":20},{"not_picked":["Outmaneuver+1","Skewer","Slice"],"picked":"SKIP","floor":21},{"not_picked":["Flechettes+1","Dagger Throw+1"],"picked":"Flying Knee","floor":22},{"not_picked":["Sucker Punch+1","Deadly Poison"],"picked":"Flying Knee","floor":24},{"not_picked":["Heel Hook","Underhanded Strike"],"picked":"Malaise+1","floor":27},{"not_picked":["Acrobatics+1","Finisher"],"picked":"Dagger Spray","floor":28},{"not_picked":["Infinite Blades","Underhanded Strike"],"picked":"Glass Knife","floor":29},{"not_picked":["All Out Attack","Cloak And Dagger"],"picked":"Well Laid Plans","floor":31},{"not_picked":["Phantasmal Killer","Tools of the Trade"],"picked":"Venomology","floor":33},{"not_picked":["Poisoned Stab","Dodge and Roll"],"picked":"Backflip+1","floor":35},{"not_picked":["Secret Technique","Swift Strike"],"picked":"Bandage Up","floor":36},{"not_picked":["Cloak And Dagger+1","Deadly Poison+1","Malaise+1"],"picked":"Singing Bowl","floor":38},{"not_picked":["Reflex+1","Deadly Poison","Dagger Throw+1"],"picked":"Singing Bowl","floor":41},{"not_picked":["Dagger Spray+1","PiercingWail+1"],"picked":"Caltrops+1","floor":44},{"not_picked":["Quick Slash+1","Underhanded Strike+1"],"picked":"Bane","floor":45}],"player_experience":264905,"relics_obtained":[{"floor":9.0,"key":"Mercury Hourglass"},{"floor":24,"key":"Mango"},{"floor":26,"key":"Vajra"},{"floor":29,"key":"Singing Bowl"},{"floor":41,"key":"Dream Catcher"},{"floor":43,"key":"Kunai"}],"event_choices":[{"event_name":"Shining Light","player_choice":"Entered Light","floor":7.0,"damage_taken":0.0},{"event_name":"The Lab","player_choice":"Got Potions","floor":12.0,"damage_taken":0.0},{"event_name":"Back to Basics","player_choice":"Simplicity","floor":19,"damage_taken":0},{"event_name":"SensoryStone","player_choice":"Memory 1","floor":36,"damage_taken":0},{"event_name":"Tomb of Lord Red Mask","player_choice":"Ignored","floor":37,"damage_taken":0}],"boss_relics":[{"not_picked":["Velvet Choker","Coffee Dripper"],"picked":"Empty Cage"},{"not_picked":["Calling Bell","Tiny House"],"picked":"White Beast Statue"}],"items_purged_floors":[],"is_endless":false,"potions_floor_spawned":[1,4,14,21,27,29,31,33,35,38,41,44],"killed_by":"2 Orb Walkers","ascension_level":4}